{"gold_per_floor":[313,42,42,100,114,125,125,41,66,100,117,117,117,136,136,136],"floor_reached":16,"playtime":1416,"items_purged":[],"score":200,"play_id":"bb7707b6-db4e-4895-9b2a-11ba30ba7bb9","local_time":"20190919234911","is_ascension_mode":true,"campfire_choices":[{"data":"Leg Sweep","floor":7,"key":"SMITH"},{"floor":12,"key":"REST"},{"data":"Unload","floor":15,"key":"SMITH"}],"neow_cost":"NO_GOLD","seed_source_timestamp":1397963506261841,"circlet_count":0,"master_deck":["AscendersBane","Defend_G","Defend_G","Defend_G","Defend_G","Defend_G","Strike_G","Strike_G","Strike_G","Strike_G","Survivor","Neutralize","Leg Sweep+1","Dark Shackles","Unload+1","Dagger Throw","Quick Slash","Die Die Die","Backstab","Backflip","Well Laid Plans"],"special_seed":0,"relics":["Ring of the Snake","Old Coin","Happy Flower","Oddly Smooth Stone"],"potions_floor_usage":[10],"damage_taken":[{"damage":4.0,"enemies":"Small Slimes","floor":1.0,"turns":6.0},{"damage":0,"enemies":"2 Louse","floor":5,"turns":3},{"damage":7,"enemies":"Jaw Worm","floor":6,"turns":6},{"damage":11,"enemies":"3 Sentries","floor":10,"turns":9},{"damage":0,"enemies":"Blue Slaver","floor":11,"turns":4},{"damage":0,"enemies":"Looter","floor":14,"turns":3},{"damage":47,"enemies":"Hexaghost","floor":16,"turns":14}],"seed_played":"3030634117051542083","potions_obtained":[{"floor":1.0,"key":"Ancient Potion"},{"floor":6,"key":"SkillPotion"}],"is_trial":false,"path_per_floor":["M","$","?","?","M","M","R","$","T","E","M","R","?","M","R","B"],"character_chosen":"THE_SILENT","items_purchased":["Leg Sweep","Dark Shackles","Unload","Die Die Die"],"campfire_rested":1,"item_purchase_floors":[2,2,2,8],"current_hp_per_floor":[55,55,44,44,44,37,37,37,37,26,26,45,45,45,45,0],"gold":136,"neow_bonus":"ONE_RARE_RELIC","is_prod":false,"is_daily":false,"chose_seed":false,"campfire_upgraded":2,"win_rate":0,"timestamp":1568951351,"path_taken":["M","$","?","?","M","M","R","$","T","E","M","R","?","M","R","BOSS"],"build_version":"2019-01-23","purchased_purges":0,"victory":false,"max_hp_per_floor":[66,66,66,66,66,66,66,66,66,66,66,66,66,66,66,66],"card_choices":[{"not_picked":["Flechettes","Accuracy","Reflex"],"picked":"SKIP","floor":1.0},{"not_picked":["Endless Agony","Acrobatics"],"picked":"Dagger Throw","floor":5},{"not_picked":["Dash","Dodge and Roll"],"picked":"Quick Slash","floor":6},{"not_picked":["Slice","Expertise","Eviscerate"],"picked":"SKIP","floor":10},{"not_picked":["Reflex","Blade Dance"],"picked":"Backstab","floor":11},{"not_picked":["Deflect","Flying Knee"],"picked":"Well Laid Plans","floor":14}],"player_experience":2968999,"relics_obtained":[{"floor":9,"key":"Happy Flower"},{"floor":10,"key":"Oddly Smooth Stone"}],"event_choices":[{"damage_healed":0.0,"max_hp_gain":0.0,"max_hp_loss":0.0,"gold_gain":0.0,"event_name":"Scrap Ooze","player_choice":"Fled","floor":3.0,"gold_loss":0.0,"damage_taken":11.0},{"damage_healed":0.0,"max_hp_gain":0.0,"max_hp_loss":0.0,"gold_gain":58.0,"event_name":"Golden Wing","player_choice":"Gained Gold","floor":4.0,"gold_loss":0.0,"damage_taken":0.0},{"damage_healed":0,"gold_gain":0,"cards_transformed":["Strike_G"],"player_choice":"Change","damage_taken":0,"max_hp_gain":0,"max_hp_loss":0,"event_name":"Living Wall","floor":13,"gold_loss":0,"cards_obtained":["Backflip"]}],"is_beta":false,"boss_relics":[],"items_purged_floors":[],"is_endless":false,"potions_floor_spawned":[1,6],"killed_by":"Hexaghost","ascension_level":20}