{"gold_per_floor":[113,113,129,129,149,149,181,181,204,223,250,250,263,289,289,389,389,403,40,55,75,75,75,75,75,75,75,91,107,127,138,138,241,241,254,274,274,285,335,335,335,351,398,398,411,411,425,425,425,425],"floor_reached":51,"playtime":3948,"items_purged":[],"score":646,"play_id":"7e68fa0e-ebd8-405f-8480-3afd30210d18","local_time":"20191005195805","is_ascension_mode":false,"campfire_choices":[{"data":"True Grit","floor":6,"key":"SMITH"},{"data":"Rampage","floor":8,"key":"SMITH"},{"data":"Armaments","floor":12,"key":"SMITH"},{"data":"Barricade","floor":15,"key":"SMITH"},{"data":"Mayhem","floor":23,"key":"SMITH"},{"data":"Juggernaut","floor":25,"key":"SMITH"},{"data":"Pommel Strike","floor":27,"key":"SMITH"},{"data":"Twin Strike","floor":32,"key":"SMITH"},{"data":"Burning Pact","floor":40,"key":"SMITH"},{"data":"Enlightenment","floor":44,"key":"SMITH"},{"data":"Heavy Blade","floor":46,"key":"SMITH"},{"data":"Madness","floor":49,"key":"SMITH"}],"neow_cost":"NONE","seed_source_timestamp":504703132286300,"circlet_count":0,"master_deck":["Strike_R","Defend_R","Defend_R","Defend_R","Defend_R","Bash","True Grit+1","Clash","Wild Strike","Cleave","Rampage+1","Power Through","Armaments+1","Barricade+1","Uppercut","Juggernaut+1","Pommel Strike+1","Mayhem+1","Ghostly Armor+1","Flex+1","Heavy Blade+1","Twin Strike+1","Bloodletting+1","Feed","Uppercut+1","Second Wind+1","Reaper+1","The Bomb","Dramatic Entrance","Enlightenment+1","Feel No Pain+1","Burning Pact+1","Warcry+1","Madness+1","Madness"],"relics":["Burning Blood","Centennial Puzzle","Bronze Scales","Dream Catcher","Omamori","Velvet Choker","ClockworkSouvenir","Necronomicon","Lantern","Bag of Preparation","Astrolabe","Ginger","Oddly Smooth Stone"],"potions_floor_usage":[16,16,33,50],"damage_taken":[{"damage":3,"enemies":"Small Slimes","floor":1,"turns":3},{"damage":0,"enemies":"Cultist","floor":3,"turns":3},{"damage":6,"enemies":"Jaw Worm","floor":5,"turns":4},{"damage":17,"enemies":"3 Sentries","floor":7,"turns":7},{"damage":2,"enemies":"Large Slime","floor":10,"turns":5},{"damage":18,"enemies":"Gremlin Nob","floor":11,"turns":5},{"damage":8,"enemies":"Red Slaver","floor":13,"turns":3},{"damage":15,"enemies":"3 Sentries","floor":14,"turns":9},{"damage":17,"enemies":"The Guardian","floor":16,"turns":13},{"damage":15,"enemies":"2 Thieves","floor":18,"turns":3},{"damage":5,"enemies":"Spheric Guardian","floor":20,"turns":5},{"damage":5,"enemies":"Snecko","floor":21,"turns":6},{"damage":0,"enemies":"Snake Plant","floor":28,"turns":4},{"damage":0,"enemies":"Centurion and Healer","floor":29,"turns":5},{"damage":0,"enemies":"Snecko","floor":30,"turns":4},{"damage":8,"enemies":"Snake Plant","floor":31,"turns":2},{"damage":63,"enemies":"Automaton","floor":33,"turns":9},{"damage":9,"enemies":"3 Shapes","floor":35,"turns":2},{"damage":13,"enemies":"Orb Walker","floor":36,"turns":4},{"damage":0,"enemies":"Writhing Mass","floor":38,"turns":3},{"damage":16,"enemies":"2 Orb Walkers","floor":39,"turns":3},{"damage":15,"enemies":"4 Shapes","floor":42,"turns":3},{"damage":4,"enemies":"3 Darklings","floor":45,"turns":4},{"damage":12,"enemies":"Spire Growth","floor":47,"turns":6},{"damage":76,"enemies":"Donu and Deca","floor":50,"turns":9}],"seed_played":"8755836909044372790","potions_obtained":[{"floor":5,"key":"Block Potion"},{"floor":7,"key":"EssenceOfSteel"},{"floor":11,"key":"SpeedPotion"},{"floor":13,"key":"Strength Potion"},{"floor":18,"key":"PowerPotion"},{"floor":21,"key":"Fire Potion"},{"floor":29,"key":"BloodPotion"},{"floor":38,"key":"BloodPotion"}],"is_trial":false,"path_per_floor":["M","?","M","?","M","R","E","R","T","M","E","R","M","E","R","B",null,"M","$","M","M","?","R","?","R","T","R","M","M","M","M","R","B",null,"M","M","?","M","?","R","?","M","T","R","M","R","M","?","R","B",null],"character_chosen":"IRONCLAD","items_purchased":["Mayhem","ClockworkSouvenir"],"campfire_rested":0,"item_purchase_floors":[19,19],"current_hp_per_floor":[80,80,80,80,80,80,69,69,69,73,61,61,59,50,50,39,80,71,71,72,73,57,57,57,57,57,57,63,69,75,73,73,16,80,77,76,66,75,68,68,68,59,59,59,61,61,55,44,44,30],"gold":425,"neow_bonus":"THREE_CARDS","is_prod":false,"is_daily":false,"chose_seed":false,"campfire_upgraded":12,"win_rate":0.0,"timestamp":1570276685,"path_taken":["M","?","?","?","M","R","E","R","T","?","E","R","M","E","R","BOSS","M","$","M","M","?","R","?","R","T","R","?","M","M","M","R","BOSS","M","M","?","M","?","R","?","M","T","R","M","R","M","?","R","BOSS"],"build_version":"2019-07-17","purchased_purges":0,"victory":true,"max_hp_per_floor":[80,80,80,80,80,80,80,80,80,80,80,80,80,80,80,80,80,80,80,80,80,80,80,80,80,80,80,80,80,80,80,80,80,80,80,80,80,83,86,86,86,86,86,86,86,86,86,86,86,89],"card_choices":[{"not_picked":["Headbutt","Clash"],"picked":"True Grit","floor":0},{"not_picked":["Sword Boomerang","Flex"],"picked":"Clash","floor":1},{"not_picked":["Clash","Shrug It Off"],"picked":"Wild Strike","floor":3},{"not_picked":["Sword Boomerang","Anger"],"picked":"Cleave","floor":5},{"not_picked":["Heavy Blade","Battle Trance"],"picked":"Rampage","floor":7},{"not_picked":["Cleave","Flex"],"picked":"Power Through","floor":10},{"not_picked":["Clothesline","Clash"],"picked":"Armaments","floor":11},{"not_picked":["Headbutt","Clash"],"picked":"Barricade","floor":13},{"not_picked":["Disarm","Wild Strike"],"picked":"Uppercut","floor":14},{"not_picked":["Bludgeon","Offering"],"picked":"Juggernaut","floor":16},{"not_picked":["Headbutt","Heavy Blade"],"picked":"Pommel Strike","floor":18},{"not_picked":["Warcry","Flame Barrier"],"picked":"Ghostly Armor+1","floor":20},{"not_picked":["Wild Strike","Warcry"],"picked":"Flex+1","floor":21},{"not_picked":["Sword Boomerang","Uppercut+1"],"picked":"Heavy Blade","floor":28},{"not_picked":["Anger","Rupture+1"],"picked":"Body Slam+1","floor":29},{"not_picked":["Cleave","Headbutt"],"picked":"Twin Strike","floor":30},{"not_picked":["Barricade","Heavy Blade+1"],"picked":"Bloodletting+1","floor":31},{"not_picked":["Barricade","Offering"],"picked":"Feed","floor":33},{"not_picked":["Combust+1","Body Slam","Twin Strike+1"],"picked":"SKIP","floor":35},{"not_picked":["Body Slam+1","Flex+1","Uppercut+1"],"picked":"SKIP","floor":36},{"not_picked":["Transmutation","Violence"],"picked":"The Bomb","floor":37},{"not_picked":["Violence","Metamorphosis"],"picked":"Dramatic Entrance","floor":37},{"not_picked":["Impatience","Mind Blast"],"picked":"Enlightenment","floor":37},{"not_picked":["Headbutt","Dropkick"],"picked":"Feel No Pain+1","floor":38},{"not_picked":["Body Slam+1","Pommel Strike+1"],"picked":"Burning Pact","floor":39},{"not_picked":["Searing Blow","Clothesline"],"picked":"Warcry+1","floor":42},{"not_picked":["Warcry+1","Bloodletting+1","Sword Boomerang"],"picked":"SKIP","floor":45},{"not_picked":["Carnage+1","Rage","Thunderclap+1"],"picked":"SKIP","floor":47}],"player_experience":89249,"relics_obtained":[{"floor":7,"key":"Centennial Puzzle"},{"floor":9,"key":"Bronze Scales"},{"floor":11,"key":"Dream Catcher"},{"floor":14,"key":"Omamori"},{"floor":22,"key":"Necronomicon"},{"floor":24,"key":"Lantern"},{"floor":26,"key":"Bag of Preparation"},{"floor":39,"key":"Ginger"},{"floor":43,"key":"Oddly Smooth Stone"}],"event_choices":[{"cards_removed":["Strike_R"],"damage_healed":0,"gold_gain":0,"player_choice":"Purged","damage_taken":0,"max_hp_gain":0,"max_hp_loss":0,"event_name":"Purifier","floor":2,"gold_loss":0},{"damage_healed":0,"gold_gain":0,"player_choice":"0 cards matched","damage_taken":0,"max_hp_gain":0,"max_hp_loss":0,"event_name":"Match and Keep!","floor":4,"gold_loss":0,"cards_obtained":[]},{"damage_healed":0,"gold_gain":0,"player_choice":"Obtained Book","damage_taken":16,"max_hp_gain":0,"max_hp_loss":0,"event_name":"Cursed Tome","floor":22,"gold_loss":0},{"damage_healed":0,"gold_gain":0,"player_choice":"Relic","damage_taken":0,"max_hp_gain":0,"max_hp_loss":0,"event_name":"Wheel of Change","floor":24,"gold_loss":0},{"damage_healed":0,"gold_gain":0,"player_choice":"Memory 3","damage_taken":10,"max_hp_gain":0,"max_hp_loss":0,"event_name":"SensoryStone","floor":37,"gold_loss":0},{"damage_healed":0,"gold_gain":0,"player_choice":"Fight","damage_taken":0,"max_hp_gain":0,"max_hp_loss":0,"event_name":"Mysterious Sphere","floor":39,"gold_loss":0},{"cards_removed":["Body Slam"],"damage_healed":0,"gold_gain":0,"player_choice":"Removed Attack","damage_taken":0,"max_hp_gain":0,"max_hp_loss":0,"event_name":"Falling","floor":41,"gold_loss":0},{"damage_healed":0,"gold_gain":0,"player_choice":"Embrace Madness","damage_taken":11,"max_hp_gain":0,"max_hp_loss":0,"event_name":"Winding Halls","floor":48,"gold_loss":0,"cards_obtained":["Madness","Madness"]}],"is_beta":false,"boss_relics":[{"not_picked":["Cursed Key","Runic Cube"],"picked":"Velvet Choker"},{"not_picked":["Calling Bell","Tiny House"],"picked":"Astrolabe"}],"items_purged_floors":[],"is_endless":false,"potions_floor_spawned":[5,7,11,13,18,21,29,31,38,39,45],"ascension_level":0}