{"gold_per_floor":[117,42,42,56,66,91,91,109,164,195,195,205,228,228],"floor_reached":14,"playtime":1220,"items_purged":["Strike_B"],"score":170,"play_id":"6f6f7153-e3f0-4f29-b2a2-a50998fe724b","local_time":"20190224221945","is_ascension_mode":true,"campfire_choices":[{"floor":7,"key":"REST"},{"data":"Recycle","floor":11,"key":"SMITH"}],"neow_cost":"TEN_PERCENT_HP_LOSS","seed_source_timestamp":899559987622297,"circlet_count":0,"master_deck":["AscendersBane","Strike_B","Strike_B+1","Defend_B","Defend_B","Defend_B+1","Zap","Dualcast","Sunder+1","Recycle+1","Cold Snap","Gash+1","Consume","Ball Lightning"],"special_seed":0,"relics":["Cracked Core","Sundial","Whetstone","Pen Nib","Odd Mushroom"],"potions_floor_usage":[8,10],"damage_taken":[{"damage":1.0,"enemies":"2 Louse","floor":1.0,"turns":2.0},{"damage":0.0,"enemies":"Small Slimes","floor":4.0,"turns":1.0},{"damage":7.0,"enemies":"Jaw Worm","floor":5.0,"turns":4.0},{"damage":19.0,"enemies":"Gremlin Nob","floor":6.0,"turns":4.0},{"damage":7,"enemies":"2 Fungi Beasts","floor":8,"turns":3},{"damage":17,"enemies":"Lagavulin","floor":10,"turns":7},{"damage":9,"enemies":"Large Slime","floor":12,"turns":5},{"damage":0,"enemies":"The Mushroom Lair","floor":13,"turns":3},{"damage":34,"enemies":"3 Sentries","floor":14,"turns":4}],"seed_played":"3452738057909518831","potions_obtained":[{"floor":1.0,"key":"FocusPotion"},{"floor":5.0,"key":"Fire Potion"},{"floor":8,"key":"Regen Potion"}],"is_trial":false,"path_per_floor":["M","$","?","M","M","E","R","M","T","E","R","M","?","E"],"character_chosen":"DEFECT","items_purchased":[],"campfire_rested":1,"item_purchase_floors":[],"current_hp_per_floor":[63,63,50,50,43,24,43,36,36,34,34,25,25,0],"gold":228,"neow_bonus":"REMOVE_TWO","is_prod":false,"is_daily":false,"chose_seed":false,"campfire_upgraded":1,"win_rate":0,"timestamp":1551064785,"path_taken":["M","$","?","M","M","E","R","M","T","E","R","M","?","E"],"build_version":"2019-01-23","purchased_purges":1,"victory":false,"max_hp_per_floor":[64,64,64,64,64,64,64,64,64,64,64,64,64,64],"card_choices":[{"not_picked":["Storm","Conserve Battery"],"picked":"Sunder","floor":1.0},{"not_picked":["Steam Power","Redo"],"picked":"Recycle","floor":4.0},{"not_picked":["Double Energy","Ball Lightning"],"picked":"Cold Snap","floor":5.0},{"not_picked":["Leap","Redo","Blizzard"],"picked":"SKIP","floor":6.0},{"not_picked":["Streamline","Stack"],"picked":"Gash","floor":8},{"not_picked":["Creative AI","Storm","Steam Power"],"picked":"SKIP","floor":10},{"not_picked":["Blizzard","Leap"],"picked":"Consume","floor":12},{"not_picked":["Steam","Barrage"],"picked":"Ball Lightning","floor":13}],"player_experience":2313761,"relics_obtained":[{"floor":6.0,"key":"Sundial"},{"floor":9,"key":"Whetstone"},{"floor":10,"key":"Pen Nib"},{"floor":13,"key":"Odd Mushroom"}],"event_choices":[{"damage_healed":0.0,"max_hp_gain":0.0,"max_hp_loss":0.0,"gold_gain":0.0,"event_name":"Shining Light","player_choice":"Entered Light","floor":3.0,"gold_loss":0.0,"damage_taken":13.0,"cards_upgraded":["Defend_B","Sunder"]},{"damage_healed":0,"gold_gain":0,"player_choice":"Fought Mushrooms","damage_taken":0,"max_hp_gain":0,"max_hp_loss":0,"event_name":"Mushrooms","floor":13,"gold_loss":0}],"is_beta":false,"boss_relics":[],"items_purged_floors":[2],"is_endless":false,"potions_floor_spawned":[1,5,8],"killed_by":"3 Sentries","ascension_level":14}