{"gold_per_floor":[116,116,14,30,46,76,76,92,92,122,181,15,27,37,37,140,140,157,174,186,197,197,197,212,39,39,56,11,11,26,55,55,160,160,171,182,182,182],"floor_reached":38,"playtime":2710,"items_purged":[],"score":510,"play_id":"f09f2c5c-943f-4a88-b413-2d57772e8b61","local_time":"20190707143444","is_ascension_mode":false,"campfire_choices":[{"data":"Inflame","floor":7,"key":"SMITH"},{"data":"Carnage","floor":15,"key":"SMITH"},{"floor":23,"key":"REST"},{"floor":29,"key":"REST"},{"floor":32,"key":"REST"}],"neow_cost":"NONE","seed_source_timestamp":0,"circlet_count":0,"master_deck":["Strike_R","Strike_R","Strike_R","Strike_R","Strike_R","Defend_R","Defend_R","Defend_R","Defend_R","Bash+1","Twin Strike","Warcry","Infernal Blade","Inflame+1","Reaper","Perfected Strike","Anger","Carnage+1","Evolve","Flex","Cleave","Body Slam","Demon Form","Heavy Blade","Cleave","Anger","Second Wind","Perfected Strike","Searing Blow","Feed","Fire Breathing+1","Seeing Red","Necronomicurse","Rage+1","Shrug It Off","Ghostly Armor","Twin Strike","Heavy Blade+1","Whirlwind+1","Limit Break","Perfected Strike+1","Perfected Strike"],"special_seed":0,"relics":["Burning Blood","Self Forming Clay","Paper Frog","Kunai","Orrery","Necronomicon","Boot","Darkstone Periapt","Potion Belt","Black Star"],"potions_floor_usage":[6,6,16,20,24,31,31,38],"damage_taken":[{"damage":7.0,"enemies":"2 Louse","floor":1.0,"turns":3.0},{"damage":2.0,"enemies":"Small Slimes","floor":4.0,"turns":3.0},{"damage":6,"enemies":"Jaw Worm","floor":5,"turns":3},{"damage":30,"enemies":"Lagavulin","floor":6,"turns":5},{"damage":1,"enemies":"Exordium Wildlife","floor":8,"turns":3},{"damage":14,"enemies":"Gremlin Nob","floor":10,"turns":3},{"damage":15,"enemies":"Exordium Thugs","floor":13,"turns":4},{"damage":0,"enemies":"Large Slime","floor":14,"turns":4},{"damage":0,"enemies":"Slime Boss","floor":16,"turns":6},{"damage":27,"enemies":"Spheric Guardian","floor":18,"turns":4},{"damage":14,"enemies":"3 Byrds","floor":19,"turns":6},{"damage":11,"enemies":"Snake Plant","floor":20,"turns":3},{"damage":41,"enemies":"Centurion and Healer","floor":21,"turns":6},{"damage":11,"enemies":"Snecko","floor":24,"turns":4},{"damage":20,"enemies":"Chosen and Byrds","floor":27,"turns":4},{"damage":18,"enemies":"Snake Plant","floor":30,"turns":5},{"damage":21,"enemies":"Slavers","floor":31,"turns":3},{"damage":61,"enemies":"Champ","floor":33,"turns":9},{"damage":59,"enemies":"3 Darklings","floor":35,"turns":7},{"damage":54,"enemies":"3 Shapes","floor":36,"turns":5},{"damage":48,"enemies":"Writhing Mass","floor":38,"turns":2}],"seed_played":"-1353113327552405427","potions_obtained":[{"floor":1.0,"key":"PowerPotion"},{"floor":4.0,"key":"SkillPotion"},{"floor":5,"key":"SpeedPotion"},{"floor":18,"key":"FearPotion"},{"floor":21,"key":"PowerPotion"},{"floor":27,"key":"AttackPotion"},{"floor":30,"key":"Energy Potion"},{"floor":35,"key":"Swift Potion"}],"is_trial":false,"path_per_floor":["M","?","$","M","M","E","R","M","T","E","?","$","M","M","R","B",null,"M","M","M","M","?","R","M","$","T","M","$","R","M","E","R","B",null,"M","M","?","M"],"character_chosen":"IRONCLAD","items_purchased":["Warcry","Flex","Carnage","Evolve","Flex","Boot","Shrug It Off","Twin Strike"],"campfire_rested":3,"item_purchase_floors":[3,3,12,12,12,25,25,28],"current_hp_per_floor":[79,79,79,80,80,56,56,61,61,53,53,53,56,70,70,80,80,59,61,56,33,17,41,36,36,36,42,42,66,66,51,75,20,80,27,8,8,0],"gold":182,"neow_bonus":"UPGRADE_CARD","is_prod":false,"is_daily":false,"chose_seed":false,"campfire_upgraded":2,"win_rate":0.0,"timestamp":1562520884,"path_taken":["M","?","$","M","M","E","R","M","T","E","?","$","M","M","R","BOSS","M","M","M","M","?","R","M","$","T","M","$","R","M","E","R","BOSS","M","M","?","M"],"build_version":"2019-07-05","purchased_purges":0,"victory":false,"max_hp_per_floor":[80,80,80,80,80,80,80,80,80,80,80,80,80,80,80,80,80,80,80,80,80,80,80,80,80,80,80,80,80,80,80,80,80,80,80,83,83,83],"card_choices":[{"not_picked":["Spot Weakness","Bloodletting"],"picked":"Twin Strike","floor":1.0},{"not_picked":["Sword Boomerang","Reckless Charge"],"picked":"Infernal Blade","floor":4.0},{"not_picked":["Wild Strike","Shrug It Off"],"picked":"Inflame","floor":5},{"not_picked":["Dual Wield","Sword Boomerang"],"picked":"Reaper","floor":6},{"not_picked":["True Grit","Warcry"],"picked":"Perfected Strike","floor":8},{"not_picked":["Iron Wave","Clothesline"],"picked":"Anger","floor":10},{"not_picked":["Headbutt","Body Slam"],"picked":"Cleave","floor":13},{"not_picked":["Havoc","Sentinel"],"picked":"Body Slam","floor":14},{"not_picked":["Brutality","Fiend Fire"],"picked":"Demon Form","floor":16},{"not_picked":["Clothesline","True Grit"],"picked":"Heavy Blade","floor":17},{"not_picked":["Armaments","Wild Strike"],"picked":"Cleave","floor":17},{"not_picked":["Wild Strike","Body Slam"],"picked":"Anger","floor":17},{"not_picked":["Dropkick","Armaments"],"picked":"Second Wind","floor":17},{"not_picked":["Rampage","Shrug It Off"],"picked":"Perfected Strike","floor":17},{"not_picked":["Armaments","Body Slam"],"picked":"Searing Blow","floor":18},{"not_picked":["Body Slam","Headbutt"],"picked":"Feed","floor":19},{"not_picked":["Burning Pact","Thunderclap"],"picked":"Fire Breathing+1","floor":20},{"not_picked":["Hemokinesis+1","Havoc"],"picked":"Seeing Red","floor":21},{"not_picked":["Seeing Red","Wild Strike+1"],"picked":"Rage+1","floor":24},{"not_picked":["Warcry+1","Pommel Strike"],"picked":"Ghostly Armor","floor":27},{"not_picked":["Pommel Strike","Headbutt"],"picked":"Heavy Blade+1","floor":30},{"not_picked":["Havoc+1","Flex"],"picked":"Whirlwind+1","floor":31},{"not_picked":["Barricade","Feed"],"picked":"Limit Break","floor":33},{"not_picked":["Searing Blow","Rupture+1"],"picked":"Perfected Strike+1","floor":35},{"not_picked":["Iron Wave","Headbutt+1"],"picked":"Perfected Strike","floor":36}],"player_experience":100884,"relics_obtained":[{"floor":6,"key":"Self Forming Clay"},{"floor":9,"key":"Paper Frog"},{"floor":10,"key":"Kunai"},{"floor":22,"key":"Necronomicon"},{"floor":26,"key":"Darkstone Periapt"},{"floor":31,"key":"Potion Belt"}],"event_choices":[{"damage_healed":0.0,"max_hp_gain":0.0,"max_hp_loss":0.0,"gold_gain":0.0,"event_name":"The Cleric","player_choice":"Leave","floor":2.0,"gold_loss":0.0,"damage_taken":0.0},{"damage_healed":0,"gold_gain":59,"player_choice":"Gained Gold","damage_taken":0,"max_hp_gain":0,"max_hp_loss":0,"event_name":"Golden Wing","floor":11,"gold_loss":0},{"damage_healed":0,"gold_gain":0,"player_choice":"Obtained Book","damage_taken":16,"max_hp_gain":0,"max_hp_loss":0,"event_name":"Cursed Tome","floor":22,"gold_loss":0},{"cards_removed":["Flex"],"damage_healed":0,"gold_gain":0,"player_choice":"Removed Skill","damage_taken":0,"max_hp_gain":0,"max_hp_loss":0,"event_name":"Falling","floor":37,"gold_loss":0}],"is_beta":false,"boss_relics":[{"not_picked":["Lizard Tail","Tiny House"],"picked":"Orrery"},{"not_picked":["Cursed Key","Runic Cube"],"picked":"Black Star"}],"items_purged_floors":[],"is_endless":false,"potions_floor_spawned":[1,4,5,18,21,27,30,35],"killed_by":"Writhing Mass","ascension_level":0}