{"gold_per_floor":[20,20,20,20,37,37,54,54,54,67,84,98,98,24,24,127,127,137,137,155,175,175,175,185,185,185,185],"floor_reached":27,"playtime":1432,"items_purged":[],"score":287,"play_id":"90e5ca9c-7b1d-49c3-85d2-83505eee3c8b","local_time":"20180915010350","is_ascension_mode":true,"campfire_choices":[{"data":"Zap","floor":6,"key":"SMITH"},{"data":"Go for the Eyes","floor":8,"key":"SMITH"},{"data":"Genetic Algorithm","floor":13,"key":"SMITH"},{"data":"Beam Cell","floor":15,"key":"SMITH"},{"floor":23,"key":"REST"}],"neow_cost":"NO_GOLD","seed_source_timestamp":134878545596196,"circlet_count":0,"master_deck":["Strike_B","Strike_B","Strike_B","Defend_B","Defend_B","Zap+1","Dualcast","Auto Shields","Melter","Go for the Eyes+1","Genetic Algorithm+1","Beam Cell+1","Conserve Battery","Storm","Biased Cognition","Sweeping Beam+1","RitualDagger","Ball Lightning","FTL","Rip and Tear"],"relics":["Cracked Core","Mummified Hand","Sozu","Gremlin Horn"],"potions_floor_usage":[12,21,21],"damage_taken":[{"damage":7,"enemies":"Jaw Worm","floor":1,"turns":3},{"damage":0,"enemies":"Small Slimes","floor":5,"turns":2},{"damage":0,"enemies":"2 Louse","floor":7,"turns":2},{"damage":5,"enemies":"Exordium Thugs","floor":10,"turns":5},{"damage":4,"enemies":"Blue Slaver","floor":11,"turns":3},{"damage":1,"enemies":"3 Louse","floor":12,"turns":2},{"damage":30,"enemies":"The Guardian","floor":16,"turns":14},{"damage":26,"enemies":"Shell Parasite","floor":18,"turns":5},{"damage":2,"enemies":"2 Thieves","floor":20,"turns":3},{"damage":29,"enemies":"Snake Plant","floor":21,"turns":4},{"damage":19,"enemies":"Centurion and Healer","floor":24,"turns":4},{"damage":18,"enemies":"Snecko","floor":27,"turns":2}],"seed_played":"2252091480024587316","potions_obtained":[{"floor":1,"key":"Fire Potion"},{"floor":5,"key":"SteroidPotion"},{"floor":16,"key":"EssenceOfSteel"}],"is_trial":false,"path_per_floor":["M","?","$","?","M","R","M","R","T","M","M","M","R","$","R","B",null,"M","?","M","M","?","R","M","?","T"],"character_chosen":"DEFECT","items_purchased":["Storm"],"campfire_rested":1,"item_purchase_floors":[14],"current_hp_per_floor":[61,66,66,59,59,59,59,59,59,54,50,49,49,49,49,19,65,39,33,31,2,2,26,7,7,7,0],"gold":185,"neow_bonus":"REMOVE_TWO","is_prod":false,"is_daily":false,"chose_seed":false,"campfire_upgraded":4,"win_rate":0,"timestamp":1536987830,"path_taken":["M","?","$","?","M","R","M","R","T","M","M","M","R","$","R","BOSS","M","?","?","M","?","R","M","?","T","M"],"build_version":"2018-08-23v2","purchased_purges":0,"victory":false,"max_hp_per_floor":[75,80,80,80,80,80,80,80,80,80,80,80,80,80,80,80,80,80,80,80,80,80,80,80,80,80,80],"card_choices":[{"not_picked":["Hologram","Cold Snap"],"picked":"Auto Shields","floor":1},{"not_picked":["Turbo","Go for the Eyes"],"picked":"Melter","floor":5},{"not_picked":["Steam Power","Double Energy"],"picked":"Go for the Eyes","floor":7},{"not_picked":["Compile Driver","Hyperbeam"],"picked":"Genetic Algorithm","floor":10},{"not_picked":["Fusion","Steam"],"picked":"Beam Cell","floor":11},{"not_picked":["Go for the Eyes","Stack"],"picked":"Conserve Battery","floor":12},{"not_picked":["Meteor Strike","Buffer"],"picked":"Biased Cognition","floor":16},{"not_picked":["Redo","Stack"],"picked":"Sweeping Beam+1","floor":18},{"not_picked":["Chill","Recycle"],"picked":"Ball Lightning","floor":20},{"not_picked":["Compile Driver","Ball Lightning"],"picked":"FTL","floor":21},{"not_picked":["Beam Cell","Chaos"],"picked":"Rip and Tear","floor":24}],"player_experience":1709970,"relics_obtained":[{"floor":9,"key":"Mummified Hand"},{"floor":26,"key":"Gremlin Horn"}],"event_choices":[{"event_name":"Big Fish","player_choice":"Donut","floor":2,"damage_taken":0},{"event_name":"Golden Wing","player_choice":"Card Removal","floor":4,"damage_taken":0},{"event_name":"Nest","player_choice":"Joined the Cult","floor":19,"damage_taken":0},{"event_name":"The Woman in Blue","player_choice":"Bought 0 Potions","floor":22,"damage_taken":0},{"event_name":"Vampires","player_choice":"Ignored","floor":25,"damage_taken":0}],"is_beta":false,"boss_relics":[{"not_picked":["Tiny House","Runic Dome"],"picked":"Sozu"}],"items_purged_floors":[],"is_endless":false,"potions_floor_spawned":[1,5,16,18,21],"killed_by":"Snecko","ascension_level":8}