{"gold_per_floor":[111,122,122,140,167,167,201,201,225,255,255,430,430,443,443,569,569,588,1,1,22,0,0,40,40,40,64,64,64],"floor_reached":29,"playtime":1004,"items_purged":[],"score":274,"play_id":"3a7cfaaf-fbe6-4577-995f-2090f3d56050","local_time":"20190828084839","is_ascension_mode":true,"campfire_choices":[{"data":"Zap","floor":6,"key":"SMITH"},{"floor":8,"key":"REST"},{"data":"Dualcast","floor":11,"key":"SMITH"},{"data":"Sunder","floor":15,"key":"SMITH"},{"floor":23,"key":"REST"},{"floor":25,"key":"REST"}],"neow_cost":"NONE","seed_source_timestamp":0,"circlet_count":0,"master_deck":["Strike_B+1","Strike_B+1","Strike_B+1","Strike_B+1","Defend_B+1","Defend_B+1","Defend_B+1","Defend_B+1","Zap+1","Dualcast+1","Hologram","Sunder+1","Redo","Hyperbeam+1","Capacitor","Sunder+1","Creative AI","Injury","Injury","Normality","Redo","Rainbow","Writhe","Turbo","Chill","Melter"],"special_seed":0,"relics":["Cracked Core","Omamori","Symbiotic Virus","Juzu Bracelet","Centennial Puzzle","Golden Idol","Calling Bell","Bronze Scales","The Courier","Du-Vu Doll","Oddly Smooth Stone","Question Card","Pen Nib","Strawberry","Anchor","Whetstone"],"potions_floor_usage":[7,7,7,16,18,18,21,29],"damage_taken":[{"damage":2.0,"enemies":"Jaw Worm","floor":1.0,"turns":3.0},{"damage":1.0,"enemies":"Cultist","floor":2.0,"turns":3.0},{"damage":1.0,"enemies":"2 Louse","floor":4.0,"turns":2.0},{"damage":13,"enemies":"Lagavulin","floor":7,"turns":4},{"damage":8,"enemies":"3 Sentries","floor":10,"turns":4},{"damage":5,"enemies":"Blue Slaver","floor":14,"turns":2},{"damage":40,"enemies":"Hexaghost","floor":16,"turns":8},{"damage":33,"enemies":"Shell Parasite","floor":18,"turns":4},{"damage":12,"enemies":"Chosen","floor":21,"turns":2},{"damage":58,"enemies":"Gremlin Leader","floor":24,"turns":8},{"damage":17,"enemies":"Centurion and Healer","floor":27,"turns":4},{"damage":14,"enemies":"Shelled Parasite and Fungi","floor":29,"turns":2}],"seed_played":"-1731024866841925688","potions_obtained":[{"floor":0.0,"key":"EntropicBrew"},{"floor":0.0,"key":"Explosive Potion"},{"floor":0.0,"key":"Energy Potion"},{"floor":2.0,"key":"Poison Potion"},{"floor":10,"key":"SkillPotion"},{"floor":14,"key":"AttackPotion"},{"floor":24,"key":"GamblersBrew"},{"floor":27,"key":"SteroidPotion"}],"is_trial":false,"path_per_floor":["M","M","?","M","T","R","E","R","T","E","R","?","?","M","R","B",null,"M","$","?","M","?","R","E","R","T","M","?","M"],"character_chosen":"DEFECT","items_purchased":["Oddly Smooth Stone","Question Card","Poison Potion","Pen Nib","Rainbow"],"campfire_rested":3,"item_purchase_floors":[19,19,19,19,19],"current_hp_per_floor":[73,72,72,71,71,71,58,75,75,67,67,67,67,62,62,22,75,42,42,49,37,37,61,3,27,27,10,10,0],"gold":64,"neow_bonus":"THREE_SMALL_POTIONS","is_prod":false,"is_daily":false,"chose_seed":false,"campfire_upgraded":3,"win_rate":0,"timestamp":1566992919,"path_taken":["M","M","?","M","?","R","E","R","T","E","R","?","?","M","R","BOSS","M","$","?","M","?","R","E","R","T","M","?","M"],"build_version":"2019-07-17","purchased_purges":0,"victory":false,"max_hp_per_floor":[75,75,75,75,75,75,75,75,75,75,75,75,75,75,75,75,75,75,75,82,82,82,82,82,82,82,82,82,82],"card_choices":[{"not_picked":["Conserve Battery","Coolheaded"],"picked":"Hologram","floor":1.0},{"not_picked":["Glacier","Turbo"],"picked":"Sunder","floor":2.0},{"not_picked":["Glacier","Hologram"],"picked":"Redo","floor":4.0},{"not_picked":["Static Discharge","Undo"],"picked":"Hyperbeam","floor":7},{"not_picked":["Storm","Double Energy"],"picked":"Capacitor","floor":10},{"not_picked":["Static Discharge","Streamline"],"picked":"Sunder","floor":14},{"not_picked":["Buffer","Biased Cognition"],"picked":"Creative AI","floor":16},{"not_picked":["Streamline","FTL"],"picked":"Redo","floor":18},{"not_picked":["Beam Cell","Redo","Streamline"],"picked":"Turbo","floor":21},{"not_picked":["Conserve Battery","Darkness+1","Compile Driver+1"],"picked":"Chill","floor":24},{"not_picked":["Steam+1","Loop","Conserve Battery+1"],"picked":"Melter","floor":27}],"player_experience":353871,"relics_obtained":[{"floor":5,"key":"Omamori"},{"floor":7,"key":"Symbiotic Virus"},{"floor":9,"key":"Juzu Bracelet"},{"floor":10,"key":"Centennial Puzzle"},{"floor":17,"key":"Bronze Scales"},{"floor":17,"key":"The Courier"},{"floor":17,"key":"Du-Vu Doll"},{"floor":24,"key":"Anchor"},{"floor":26,"key":"Whetstone"}],"event_choices":[{"damage_healed":0.0,"max_hp_gain":0.0,"max_hp_loss":0.0,"gold_gain":0.0,"event_name":"Living Wall","player_choice":"Grow","floor":3.0,"gold_loss":0.0,"damage_taken":0.0,"cards_upgraded":["Sunder"]},{"damage_healed":0,"gold_gain":175,"player_choice":"AGREE","damage_taken":0,"max_hp_gain":0,"max_hp_loss":0,"event_name":"Liars Game","floor":12,"gold_loss":0,"cards_obtained":["Doubt"]},{"damage_healed":0,"gold_gain":0,"player_choice":"Take Wound","damage_taken":0,"relics_obtained":["Golden Idol"],"max_hp_gain":0,"max_hp_loss":0,"event_name":"Golden Idol","floor":13,"gold_loss":0,"cards_obtained":["Injury"]},{"damage_healed":0,"gold_gain":0,"player_choice":"Opened","damage_taken":0,"relics_obtained":["Strawberry"],"max_hp_gain":0,"max_hp_loss":0,"event_name":"The Mausoleum","floor":20,"gold_loss":0,"cards_obtained":["Writhe"]},{"damage_healed":0,"gold_gain":0,"player_choice":"Paid Fearfully","damage_taken":0,"max_hp_gain":0,"max_hp_loss":0,"event_name":"Masked Bandits","floor":22,"gold_loss":22},{"damage_healed":0,"gold_gain":0,"player_choice":"Simplicity","damage_taken":0,"max_hp_gain":0,"max_hp_loss":0,"event_name":"Back to Basics","floor":28,"gold_loss":0,"cards_upgraded":["Strike_B","Strike_B","Strike_B","Defend_B","Defend_B","Defend_B","Defend_B"]}],"is_beta":false,"boss_relics":[{"not_picked":["Ectoplasm","Astrolabe"],"picked":"Calling Bell"}],"items_purged_floors":[],"is_endless":false,"potions_floor_spawned":[2,4,10,14,24,27],"killed_by":"Shelled Parasite and Fungi","ascension_level":2}