{"path_per_floor":["M","M","?","T","?","?","?","?","T","M","R","$","M","M","R","B",null,"M","M","?","?","M","R","E","?","T","R","M","M","R","M","R","B",null,"M","M","?","T","?","R","?","R","T","E","M","?","M","$","R"],"character_chosen":"IRONCLAD","items_purchased":["Apotheosis","Shrug It Off","Whirlwind"],"gold_per_floor":[119,131,131,156,156,256,206,281,308,326,326,39,59,77,77,179,179,165,185,185,185,201,201,228,228,307,307,318,332,332,345,345,449,449,459,471,0,0,0,0,0,0,51,83,101,101,115,12,12],"floor_reached":50,"campfire_rested":5,"playtime":6291,"current_hp_per_floor":[80,80,73,73,73,73,73,62,69,73,73,73,62,60,60,42,87,69,32,32,32,19,45,20,20,20,46,36,35,61,53,53,29,87,61,36,36,36,36,62,52,52,52,21,23,23,11,11,37],"items_purged":["Strike_R"],"gold":12,"play_id":"89c906d8-f8b9-4a89-9ad9-da0aa97b6cd4","is_prod":false,"is_daily":false,"is_ascension_mode":false,"campfire_upgraded":4,"path_taken":["M","M","?","?","?","?","?","?","T","M","R","?","M","M","R","BOSS","M","M","?","?","M","R","E","?","T","R","M","M","R","M","R","BOSS","M","M","?","?","?","R","?","R","T","E","M","?","M","$","R","BOSS"],"build_version":"2018-02-01-PROD3","purchased_purges":1,"victory":false,"master_deck":["Strike_R","Strike_R","Defend_R","Defend_R","Defend_R","Bash+1","Hemokinesis","Bash","Hemokinesis","Apotheosis+1","Cleave","Shrug It Off","Berserk","Clothesline","Headbutt+1","Heavy Blade+1","Flex+1","Flame Barrier+1","Dropkick+1","Thunderclap","Power Through+1","Barricade","Dual Wield","Heavy Blade","Madness","Madness","Body Slam+1","Heavy Blade","Battle Trance","Shrug It Off","Whirlwind"],"max_hp_per_floor":[80,80,80,80,80,80,80,80,87,87,87,87,87,87,87,87,87,87,87,87,87,87,87,87,87,87,87,87,87,87,87,87,87,87,87,87,87,87,87,87,87,87,87,87,87,87,87,87,87],"relics":["Burning Blood","Juzu Bracelet","Strawberry","Lizard Tail","Orichalcum","Tiny Chest","Sozu","Red Mask","Ginger","Blood Vial","Self Forming Clay"],"card_choices":[{"not_picked":["Intimidate","Cleave"],"picked":"Armaments"},{"not_picked":["Rupture","Sword Boomerang"],"picked":"Hemokinesis"},{"not_picked":["Rage","Warcry"],"picked":"Hemokinesis"},{"not_picked":["True Grit","Clash"],"picked":"Cleave"},{"not_picked":["Twin Strike","Headbutt"],"picked":"Shrug It Off"},{"not_picked":["Reaper","Bludgeon"],"picked":"Berserk"},{"not_picked":["Armaments","Cleave"],"picked":"Clothesline"},{"not_picked":["Corruption","True Grit"],"picked":"Headbutt"},{"not_picked":["Body Slam","Second Wind"],"picked":"Heavy Blade"},{"not_picked":["True Grit","Berserk"],"picked":"Flex"},{"not_picked":["Perfected Strike","Clothesline"],"picked":"Dropkick"},{"not_picked":["Twin Strike","Cleave"],"picked":"Thunderclap"},{"not_picked":["Searing Blow","Sword Boomerang"],"picked":"Power Through"},{"not_picked":["Berserk","Juggernaut"],"picked":"Barricade"},{"not_picked":["Perfected Strike","Sword Boomerang"],"picked":"Dual Wield"},{"not_picked":["Armaments","Dropkick"],"picked":"Heavy Blade"},{"not_picked":["Fire Breathing","Twin Strike"],"picked":"Body Slam"},{"not_picked":["Fire Breathing","Bloodletting"],"picked":"Heavy Blade"},{"not_picked":["Heavy Blade","Feed"],"picked":"Battle Trance"}],"player_experience":70968,"potions_floor_usage":[13,16,24,24,33,33,33],"damage_taken":[{"damage":6,"enemies":"Jaw Worm","floor":1,"turns":3},{"damage":0,"enemies":"2 Louse","floor":2,"turns":2},{"damage":2,"enemies":"Small Slimes","floor":10,"turns":3},{"damage":17,"enemies":"Exordium Thugs","floor":13,"turns":6},{"damage":8,"enemies":"Red Slaver","floor":14,"turns":3},{"damage":24,"enemies":"The Guardian","floor":16,"turns":12},{"damage":24,"enemies":"2 Thieves","floor":18,"turns":4},{"damage":43,"enemies":"3 Byrds","floor":19,"turns":7},{"damage":19,"enemies":"Snake Plant","floor":22,"turns":4},{"damage":31,"enemies":"Gremlin Leader","floor":24,"turns":6},{"damage":16,"enemies":"3 Cultists","floor":28,"turns":6},{"damage":7,"enemies":"Centurion and Healer","floor":29,"turns":6},{"damage":14,"enemies":"Snecko","floor":31,"turns":4},{"damage":30,"enemies":"Champ","floor":33,"turns":9},{"damage":32,"enemies":"3 Darklings","floor":35,"turns":10},{"damage":31,"enemies":"3 Shapes","floor":36,"turns":7},{"damage":39,"enemies":"Nemesis","floor":44,"turns":13},{"damage":55,"enemies":"Sphere and 2 Shapes","floor":45,"turns":6},{"damage":20,"enemies":"3 Darklings","floor":47,"turns":10},{"damage":40,"enemies":"Time Eater","floor":50,"turns":5}],"event_choices":[{"event_name":"Golden Wing","player_choice":"Card Removal","floor":3,"damage_taken":0},{"event_name":"Match and Keep!","player_choice":"1 cards matched","floor":5,"damage_taken":0},{"event_name":"Golden Shrine","player_choice":"Pray","floor":6,"damage_taken":0},{"event_name":"The Cleric","player_choice":"Card Removal","floor":7,"damage_taken":0},{"event_name":"World of Goop","player_choice":"Gather Gold","floor":8,"damage_taken":0},{"event_name":"Vampires","player_choice":"Ignored","floor":20,"damage_taken":0},{"event_name":"Purifier","player_choice":"One Purge","floor":21,"damage_taken":0},{"event_name":"The Library","player_choice":"Read","floor":25,"damage_taken":0},{"event_name":"Tomb of Lord Red Mask","player_choice":"Paid","floor":37,"damage_taken":0},{"event_name":"The Moai Head","player_choice":"Ignored","floor":39,"damage_taken":0},{"event_name":"Winding Halls","player_choice":"Embrace Madness","floor":41,"damage_taken":0}],"boss_relics":[{"not_picked":["Runic Pyramid","Tiny House"],"picked":"Lizard Tail"},{"not_picked":["Black Star","Velvet Choker"],"picked":"Sozu"}],"potions_floor_spawned":[2,10,14,19,22,24,28,29,35,44],"seed_played":"6480817433012885796","killed_by":"Time Eater","ascension_level":0,"is_trial":false}