{"gold_per_floor":[115,133,37,37,37,37,49,49,49,78,94,113,3,57,57,155,155,174,174,174,89,103,103,103,103,127,127,158,158,176,23,23,122,122,139,43,43],"floor_reached":37,"playtime":2509,"items_purged":["Strike_R"],"score":594,"play_id":"fb8a3af7-25e1-45b0-9d34-07ddb6333b90","local_time":"20181020151353","is_ascension_mode":true,"campfire_choices":[{"data":"True Grit","floor":6,"key":"SMITH"},{"data":"Heavy Blade","floor":8,"key":"SMITH"},{"data":"Heavy Blade","floor":15,"key":"SMITH"},{"floor":23,"key":"REST"},{"floor":27,"key":"REST"},{"data":"Rupture","floor":29,"key":"SMITH"},{"floor":32,"key":"REST"}],"neow_cost":"NONE","seed_source_timestamp":144870354376032,"circlet_count":0,"master_deck":["Defend_R","Defend_R","Defend_R","Defend_R","Bash","AscendersBane","Impervious","Bloodletting","Rage","Rupture+1","True Grit+1","Heavy Blade+1","Pummel","Combust","Heavy Blade+1","Combust","Brutality","Shockwave","Clothesline+1","Rage","Havoc+1","Body Slam+1","Barricade","Flex+1","Feed","Battle Trance+1","Perfected Strike+1","Juggernaut+1","Body Slam+1"],"relics":["Burning Blood","Pantograph","Happy Flower","Question Card","Meat on the Bone","Dream Catcher","Sozu","Pear","Unceasing Top","Ancient Tea Set","Gremlin Horn","Oddly Smooth Stone","Astrolabe","Regal Pillow"],"potions_floor_usage":[10,10,10,10,25],"damage_taken":[{"damage":6,"enemies":"Cultist","floor":1,"turns":5},{"damage":7,"enemies":"Small Slimes","floor":2,"turns":4},{"damage":5,"enemies":"Jaw Worm","floor":7,"turns":6},{"damage":43,"enemies":"Gremlin Nob","floor":10,"turns":5},{"damage":11,"enemies":"Looter","floor":11,"turns":4},{"damage":19,"enemies":"Exordium Wildlife","floor":12,"turns":5},{"damage":28,"enemies":"Slime Boss","floor":16,"turns":8},{"damage":29,"enemies":"Shell Parasite","floor":18,"turns":5},{"damage":42,"enemies":"Chosen","floor":22,"turns":5},{"damage":37,"enemies":"Colosseum Slavers","floor":25,"turns":4},{"damage":55,"enemies":"Gremlin Leader","floor":28,"turns":7},{"damage":16,"enemies":"Snake Plant","floor":30,"turns":4},{"damage":87,"enemies":"Automaton","floor":33,"turns":9},{"damage":22,"enemies":"Orb Walker","floor":35,"turns":5},{"damage":62,"enemies":"2 Orb Walkers","floor":37,"turns":5}],"seed_played":"-6296170246238242478","potions_obtained":[{"floor":1,"key":"EntropicBrew"},{"floor":7,"key":"Regen Potion"},{"floor":16,"key":"Strength Potion"}],"is_trial":false,"path_per_floor":["M","M","$","?","T","R","M","R","T","E","M","M","$","T","R","B",null,"M","?","T","?","M","R","$","?","T","R","E","R","M","$","R","B",null,"M","?"],"character_chosen":"IRONCLAD","items_purchased":["Rupture","True Grit","Combust","Oddly Smooth Stone"],"campfire_rested":3,"item_purchase_floors":[3,3,13,31],"current_hp_per_floor":[72,71,71,68,68,68,69,69,69,46,53,52,52,52,52,55,74,51,51,61,61,37,64,64,45,45,72,35,35,37,37,64,20,73,60,60,0],"gold":43,"neow_bonus":"TRANSFORM_CARD","is_prod":false,"is_daily":false,"chose_seed":false,"campfire_upgraded":4,"win_rate":0,"timestamp":1540062833,"path_taken":["M","M","?","?","?","R","?","R","T","E","M","M","?","?","R","BOSS","M","?","?","?","?","R","$","?","T","R","E","R","M","$","R","BOSS","M","?","?"],"build_version":"2018-10-18","purchased_purges":1,"victory":false,"max_hp_per_floor":[80,80,80,80,80,80,80,80,80,80,80,80,80,80,80,80,80,80,80,90,90,90,90,90,90,90,90,90,90,90,90,90,90,90,93,93,93],"card_choices":[{"not_picked":["Battle Trance","Uppercut"],"picked":"Bloodletting","floor":1},{"not_picked":["Thunderclap","Wild Strike"],"picked":"Rage","floor":2},{"not_picked":["True Grit","Ghostly Armor"],"picked":"Heavy Blade","floor":7},{"not_picked":["Warcry","Entrench","Cleave"],"picked":"Pummel","floor":10},{"not_picked":["Entrench","Cleave","Battle Trance"],"picked":"Combust","floor":11},{"not_picked":["Juggernaut","Armaments","Shrug It Off"],"picked":"Heavy Blade","floor":12},{"not_picked":["Juggernaut","Impervious","Offering"],"picked":"Brutality","floor":16},{"not_picked":["Armaments","Flex","Entrench"],"picked":"Shockwave","floor":18},{"not_picked":["Warcry","Burning Pact","Armaments"],"picked":"Clothesline+1","floor":22},{"not_picked":["Pommel Strike","Shrug It Off","Dark Embrace"],"picked":"Rage","floor":23},{"not_picked":["Iron Wave","Clothesline+1","True Grit"],"picked":"Havoc+1","floor":27},{"not_picked":["Havoc","True Grit","Anger"],"picked":"Body Slam+1","floor":28},{"not_picked":["Havoc","Battle Trance","Shockwave"],"picked":"Barricade","floor":30},{"not_picked":["Thunderclap","Heavy Blade","Reckless Charge"],"picked":"Flex+1","floor":32},{"not_picked":["Impervious","Bludgeon","Exhume"],"picked":"Feed","floor":33},{"not_picked":["Cleave","Second Wind+1","Perfected Strike"],"picked":"Body Slam+1","floor":35}],"player_experience":1884415,"relics_obtained":[{"floor":5,"key":"Happy Flower"},{"floor":9,"key":"Question Card"},{"floor":10,"key":"Meat on the Bone"},{"floor":14,"key":"Dream Catcher"},{"floor":20,"key":"Pear"},{"floor":26,"key":"Ancient Tea Set"},{"floor":28,"key":"Gremlin Horn"}],"event_choices":[{"damage_healed":0,"gold_gain":0,"player_choice":"Success","damage_taken":3,"relics_obtained":["Pantograph"],"max_hp_gain":0,"max_hp_loss":0,"event_name":"Scrap Ooze","floor":4,"gold_loss":0},{"damage_healed":0,"gold_gain":0,"player_choice":"Ignored","damage_taken":0,"max_hp_gain":0,"max_hp_loss":0,"event_name":"Vampires","floor":19,"gold_loss":0},{"damage_healed":0,"gold_gain":0,"player_choice":"Obtained Relic","damage_taken":0,"relics_obtained":["Unceasing Top"],"max_hp_gain":0,"max_hp_loss":0,"event_name":"Addict","floor":21,"gold_loss":85},{"damage_healed":0,"gold_gain":0,"player_choice":"Fight","damage_taken":0,"max_hp_gain":0,"max_hp_loss":0,"event_name":"Colosseum","floor":25,"gold_loss":0},{"damage_healed":0,"gold_gain":0,"player_choice":"Fled From Nobs","damage_taken":0,"max_hp_gain":0,"max_hp_loss":0,"event_name":"Colosseum","floor":25,"gold_loss":0},{"damage_healed":0,"gold_gain":0,"player_choice":"Paid Gold","damage_taken":0,"relics_obtained":["Regal Pillow"],"max_hp_gain":0,"max_hp_loss":0,"event_name":"WeMeetAgain","floor":36,"gold_loss":96},{"damage_healed":0,"gold_gain":0,"player_choice":"Fight","damage_taken":0,"max_hp_gain":0,"max_hp_loss":0,"event_name":"Mysterious Sphere","floor":37,"gold_loss":0}],"is_beta":false,"boss_relics":[{"not_picked":["Tiny House","Black Star"],"picked":"Sozu"},{"not_picked":["Pandora\u0027s Box","Cursed Key"],"picked":"Astrolabe"}],"items_purged_floors":[13],"is_endless":false,"potions_floor_spawned":[1,7,16,28,30,35],"killed_by":"2 Orb Walkers","ascension_level":11}