{"gold_per_floor":[118,134,134,134,148,148,25,25,25,25,57,332,332,349,349,450,450,460,460,460],"floor_reached":20,"playtime":850,"items_purged":[],"score":170,"play_id":"595c0d6a-abe6-426d-a387-8703836f69a4","local_time":"20190916171622","is_ascension_mode":false,"campfire_choices":[{"floor":6,"key":"RECALL"},{"data":"EmptyFist","floor":8,"key":"SMITH"},{"data":"MentalFortress","floor":10,"key":"SMITH"},{"floor":13,"key":"REST"},{"floor":15,"key":"REST"}],"neow_cost":"NONE","seed_source_timestamp":286609501617145,"circlet_count":0,"master_deck":["Strike_P","Strike_P","Strike_P","Strike_P","Defend_P","Defend_P","Defend_P","Defend_P","Eruption","Vigilance","EmptyFist+1","JustLucky","Alpha","Swift Strike","MentalFortress+1","Prostrate","Regret","Prostrate","Alpha","Consecrate+1","Shame"],"relics":["HolyWater","Mercury Hourglass","Dream Catcher"],"potions_floor_usage":[14,20],"damage_taken":[{"damage":0,"enemies":"2 Louse","floor":1,"turns":3},{"damage":3,"enemies":"Cultist","floor":2,"turns":5},{"damage":5,"enemies":"Small Slimes","floor":5,"turns":3},{"damage":42,"enemies":"Gremlin Nob","floor":11,"turns":5},{"damage":11,"enemies":"Red Slaver","floor":14,"turns":4},{"damage":26,"enemies":"The Guardian","floor":16,"turns":10},{"damage":50,"enemies":"Spheric Guardian","floor":18,"turns":6},{"damage":29,"enemies":"Shell Parasite","floor":20,"turns":6}],"seed_played":"-2572503505036428729","potions_obtained":[{"floor":1,"key":"Regen Potion"},{"floor":2,"key":"GamblersBrew"},{"floor":11,"key":"Swift Potion"}],"is_trial":false,"path_per_floor":["M","M","?","?","M","R","$","R","T","R","E","?","R","M","R","B",null,"M","?","M"],"character_chosen":"WATCHER","items_purchased":["Swift Strike","MentalFortress"],"campfire_rested":2,"item_purchase_floors":[7,7],"current_hp_per_floor":[71,68,68,68,63,63,63,63,63,63,21,21,42,31,52,26,71,21,21,0],"gold":460,"neow_bonus":"TEN_PERCENT_HP_BONUS","is_prod":false,"is_daily":false,"chose_seed":false,"campfire_upgraded":2,"win_rate":0.0,"timestamp":1568664982,"path_taken":["M","M","?","?","?","R","?","R","T","R","E","?","R","?","R","BOSS","M","?","M"],"build_version":"2019-09-16","purchased_purges":0,"victory":false,"max_hp_per_floor":[71,71,71,71,71,71,71,71,71,71,71,71,71,71,71,71,71,71,71,71],"card_choices":[{"not_picked":["WreathOfFlame","FlyingSleeves"],"picked":"EmptyFist","floor":1},{"not_picked":["Sanctity","FlyingSleeves"],"picked":"JustLucky","floor":2},{"not_picked":["Crescendo","FollowUp"],"picked":"Alpha","floor":5},{"not_picked":["TalkToTheHand","FlyingSleeves"],"picked":"Prostrate","floor":11},{"not_picked":["Weave","ClearTheMind"],"picked":"Prostrate","floor":14},{"not_picked":["Nirvana","Omniscience"],"picked":"Alpha","floor":16},{"not_picked":["EmptyMind+1","Weave"],"picked":"Consecrate+1","floor":18}],"player_experience":426142,"relics_obtained":[{"floor":11,"key":"Mercury Hourglass"}],"event_choices":[{"damage_healed":0,"gold_gain":0,"player_choice":"Leave","damage_taken":0,"max_hp_gain":0,"max_hp_loss":0,"event_name":"The Cleric","floor":3,"gold_loss":0},{"damage_healed":0,"gold_gain":0,"player_choice":"Ignored","damage_taken":0,"max_hp_gain":0,"max_hp_loss":0,"event_name":"Purifier","floor":4,"gold_loss":0},{"damage_healed":0,"gold_gain":275,"player_choice":"Desecrate","damage_taken":0,"max_hp_gain":0,"max_hp_loss":0,"event_name":"Golden Shrine","floor":12,"gold_loss":0,"cards_obtained":["Regret"]},{"damage_healed":0,"gold_gain":0,"player_choice":"Stole Relic","damage_taken":0,"relics_obtained":["Dream Catcher"],"max_hp_gain":0,"max_hp_loss":0,"event_name":"Addict","floor":19,"gold_loss":0,"cards_obtained":["Shame"]}],"is_beta":true,"boss_relics":[{"not_picked":["VioletLotus","Ectoplasm"],"picked":"HolyWater"}],"items_purged_floors":[],"is_endless":false,"potions_floor_spawned":[1,2,11],"killed_by":"Shell Parasite","ascension_level":0}