{"gold_per_floor":[116,131,143,158,172,172,189,254,254,2,2,2,2,20,20,120,120,138,156,172,191,207,207,207],"floor_reached":24,"playtime":1724,"items_purged":[],"score":194,"play_id":"231db3eb-5a9a-4132-a7f9-5cd428117179","local_time":"20190702153231","is_ascension_mode":false,"campfire_choices":[{"floor":6,"key":"REST"},{"floor":11,"key":"REST"},{"floor":13,"key":"REST"},{"floor":15,"key":"REST"},{"floor":23,"key":"REST"}],"neow_cost":"NONE","seed_source_timestamp":741222001784359,"circlet_count":0,"master_deck":["Strike_B","Strike_B","Strike_B","Strike_B","Defend_B","Defend_B","Defend_B","Defend_B","Zap","Dualcast","Hyperbeam","Genetic Algorithm","Genetic Algorithm","White Noise","Turbo","Cold Snap","Force Field","Go for the Eyes+1","Decay","White Noise+1","Echo Form","Undo+1","Capacitor","Go for the Eyes+1","Leap+1","Streamline+1","Buffer","Chill+1","Gash+1","Streamline+1","Genetic Algorithm+1"],"relics":["Cracked Core","Molten Egg 2","Bag of Marbles","Toxic Egg 2","Orrery"],"potions_floor_usage":[16,18,22,22,22],"damage_taken":[{"damage":0,"enemies":"2 Louse","floor":1,"turns":1},{"damage":1,"enemies":"Jaw Worm","floor":2,"turns":3},{"damage":0,"enemies":"Cultist","floor":3,"turns":2},{"damage":9,"enemies":"3 Louse","floor":4,"turns":2},{"damage":28,"enemies":"Exordium Thugs","floor":5,"turns":3},{"damage":14,"enemies":"Large Slime","floor":7,"turns":6},{"damage":27,"enemies":"Lagavulin Event","floor":8,"turns":9},{"damage":0,"enemies":"Red Slaver","floor":14,"turns":3},{"damage":57,"enemies":"Slime Boss","floor":16,"turns":10},{"damage":12,"enemies":"2 Thieves","floor":18,"turns":5},{"damage":20,"enemies":"3 Byrds","floor":19,"turns":4},{"damage":0,"enemies":"3 Cultists","floor":20,"turns":3},{"damage":10,"enemies":"Snake Plant","floor":21,"turns":5},{"damage":27,"enemies":"Cultist and Chosen","floor":22,"turns":7},{"damage":30,"enemies":"Slavers","floor":24,"turns":4}],"seed_played":"2568674973867807228","potions_obtained":[{"floor":1,"key":"Energy Potion"},{"floor":5,"key":"Weak Potion"},{"floor":14,"key":"Poison Potion"},{"floor":16,"key":"Ancient Potion"},{"floor":21,"key":"Explosive Potion"}],"is_trial":false,"path_per_floor":["M","M","M","M","M","R","M","?","T","$","R","?","R","M","R","B",null,"M","M","M","M","M","R","E"],"character_chosen":"DEFECT","items_purchased":["Toxic Egg 2"],"campfire_rested":5,"item_purchase_floors":[10],"current_hp_per_floor":[75,74,74,65,37,59,45,18,18,18,40,40,62,62,75,18,75,63,43,43,33,6,28,0],"gold":207,"neow_bonus":"ONE_RANDOM_RARE_CARD","is_prod":false,"is_daily":false,"chose_seed":false,"campfire_upgraded":0,"win_rate":0.0,"timestamp":1562092351,"path_taken":["M","M","M","M","M","R","M","?","T","$","R","?","R","M","R","BOSS","M","M","M","M","?","R","E"],"build_version":"2019-07-01","purchased_purges":0,"victory":false,"max_hp_per_floor":[75,75,75,75,75,75,75,75,75,75,75,75,75,75,75,75,75,75,75,75,75,75,75,75],"card_choices":[{"not_picked":["Sweeping Beam","Reinforced Body"],"picked":"Genetic Algorithm","floor":1},{"not_picked":["Hologram","Stack"],"picked":"Genetic Algorithm","floor":2},{"not_picked":["Coolheaded","Barrage"],"picked":"White Noise","floor":3},{"not_picked":["Heatsinks","Gash"],"picked":"Turbo","floor":4},{"not_picked":["Loop","Streamline"],"picked":"Cold Snap","floor":5},{"not_picked":["Streamline","Skim"],"picked":"Force Field","floor":7},{"not_picked":["Beam Cell","Machine Learning"],"picked":"Go for the Eyes","floor":8},{"not_picked":["Stack+1","Scrape+1"],"picked":"White Noise+1","floor":14},{"not_picked":["Multi-Cast+1","Thunder Strike+1"],"picked":"Echo Form","floor":16},{"not_picked":["Force Field+1","Cold Snap+1"],"picked":"Undo+1","floor":17},{"not_picked":["Force Field+1","Conserve Battery+1"],"picked":"Capacitor","floor":17},{"not_picked":["Recycle+1","Coolheaded+1"],"picked":"Go for the Eyes+1","floor":17},{"not_picked":["Redo+1","Barrage+1"],"picked":"Leap+1","floor":17},{"not_picked":["Redo+1","Gash+1"],"picked":"Streamline+1","floor":17},{"not_picked":["Storm","Steam+1"],"picked":"Buffer","floor":18},{"not_picked":["Coolheaded+1","Go for the Eyes+1"],"picked":"Chill+1","floor":19},{"not_picked":["Redo+1","Hologram+1"],"picked":"Gash+1","floor":20},{"not_picked":["Cold Snap+1","Steam+1"],"picked":"Streamline+1","floor":21},{"not_picked":["Self Repair","Redo+1"],"picked":"Genetic Algorithm+1","floor":22}],"player_experience":55681,"relics_obtained":[{"floor":8,"key":"Molten Egg 2"},{"floor":9,"key":"Bag of Marbles"}],"event_choices":[{"damage_healed":0,"gold_gain":0,"player_choice":"Searched \u00271\u0027 times","damage_taken":0,"max_hp_gain":0,"max_hp_loss":0,"event_name":"Dead Adventurer","floor":8,"gold_loss":0},{"damage_healed":0,"gold_gain":0,"player_choice":"Cursed","damage_taken":0,"max_hp_gain":0,"max_hp_loss":0,"event_name":"Wheel of Change","floor":12,"gold_loss":0,"cards_obtained":["Decay"]}],"is_beta":false,"boss_relics":[{"not_picked":["Lizard Tail","Calling Bell"],"picked":"Orrery"}],"items_purged_floors":[],"is_endless":false,"potions_floor_spawned":[1,5,14,16,21],"killed_by":"Slavers","ascension_level":0}