{"gold_per_floor":[110,2,21,32,112,128,158,158,158,168,184,201,8,26,26,126,126,137,154,3,13,13,13,23,33,33,33,33,33,20,20,20,20],"floor_reached":33,"playtime":1875,"items_purged":[],"score":276,"play_id":"32ed50aa-d0f1-4ec4-8156-a8b17ad55eeb","local_time":"20191020123028","is_ascension_mode":false,"campfire_choices":[{"floor":8,"key":"REST"},{"floor":15,"key":"REST"},{"floor":23,"key":"REST"},{"floor":28,"key":"REST"},{"floor":32,"key":"REST"}],"neow_cost":"NONE","seed_source_timestamp":44111585306514,"circlet_count":0,"master_deck":["Eruption","Vigilance","Meditate","DeceiveReality","CutThroughFate","SignatureMove","BattleHymn","Weave","ReachHeaven","BowlingBash","FlurryOfBlows","Halt","Ragnarok","EmptyBody","Alpha","FollowUp","CarveReality","FlurryOfBlows","Evaluate","Fasting2","Wish","Sanctity","Omniscience","FlurryOfBlows","JustLucky","ReachHeaven","SashWhip","Crescendo","CutThroughFate","CrushJoints","Protect+1","FlurryOfBlows","Decay"],"relics":["PureWater","Mercury Hourglass","Membership Card","Pandora\u0027s Box","Happy Flower","InkBottle"],"potions_floor_usage":[4,7,14,14,16,21,27],"damage_taken":[{"damage":0,"enemies":"Small Slimes","floor":1,"turns":3},{"damage":6,"enemies":"Jaw Worm","floor":3,"turns":4},{"damage":5,"enemies":"2 Louse","floor":4,"turns":2},{"damage":10,"enemies":"Looter","floor":6,"turns":2},{"damage":23,"enemies":"3 Sentries","floor":7,"turns":5},{"damage":2,"enemies":"Exordium Thugs","floor":10,"turns":3},{"damage":6,"enemies":"3 Louse","floor":11,"turns":2},{"damage":7,"enemies":"Lots of Slimes","floor":12,"turns":3},{"damage":0,"enemies":"Looter","floor":14,"turns":2},{"damage":38,"enemies":"The Guardian","floor":16,"turns":6},{"damage":12,"enemies":"Shell Parasite","floor":18,"turns":6},{"damage":4,"enemies":"Spheric Guardian","floor":19,"turns":3},{"damage":21,"enemies":"Centurion and Healer","floor":21,"turns":5},{"damage":33,"enemies":"Snake Plant","floor":24,"turns":3},{"damage":16,"enemies":"Shelled Parasite and Fungi","floor":25,"turns":4},{"damage":8,"enemies":"Colosseum Slavers","floor":27,"turns":5},{"damage":68,"enemies":"Champ","floor":33,"turns":11}],"seed_played":"3164380344436059314","potions_obtained":[{"floor":3,"key":"Explosive Potion"},{"floor":4,"key":"CultistPotion"},{"floor":6,"key":"Ambrosia"},{"floor":11,"key":"Block Potion"},{"floor":12,"key":"AttackPotion"},{"floor":19,"key":"BottledMiracle"},{"floor":25,"key":"Block Potion"}],"is_trial":false,"path_per_floor":["M","$","M","M","?","M","E","R","T","M","M","M","$","M","R","B",null,"M","M","$","M","$","R","M","M","T","?","R","?","$","?","R","B"],"character_chosen":"WATCHER","items_purchased":["DeceiveReality","CutThroughFate","Membership Card","Ragnarok","Happy Flower","ReachHeaven","SashWhip","Crescendo","FlurryOfBlows"],"campfire_rested":5,"item_purchase_floors":[2,2,13,13,20,20,20,20,30],"current_hp_per_floor":[79,79,73,68,68,58,35,58,58,56,50,43,43,43,66,28,79,67,63,63,42,42,65,32,16,16,8,31,31,31,31,54,0],"gold":20,"neow_bonus":"TEN_PERCENT_HP_BONUS","is_prod":false,"is_daily":false,"chose_seed":false,"campfire_upgraded":0,"win_rate":0.0,"timestamp":1571585428,"path_taken":["M","$","M","M","?","M","E","R","T","M","M","M","$","M","R","BOSS","M","M","$","M","$","R","M","M","T","?","R","?","?","?","R","BOSS"],"build_version":"2019-10-18","purchased_purges":0,"victory":false,"max_hp_per_floor":[79,79,79,79,79,79,79,79,79,79,79,79,79,79,79,79,79,79,79,79,79,79,79,79,79,79,79,79,79,79,79,79,79],"card_choices":[{"not_picked":["CutThroughFate","EmptyBody"],"picked":"Meditate","floor":1},{"not_picked":["FollowUp","LikeWater"],"picked":"SignatureMove","floor":3},{"not_picked":["PathToVictory","Wish"],"picked":"BattleHymn","floor":4},{"not_picked":["Evaluate","SignatureMove"],"picked":"Weave","floor":6},{"not_picked":["FlyingSleeves","BattleHymn"],"picked":"ReachHeaven","floor":7},{"not_picked":["EmptyBody","Crescendo"],"picked":"BowlingBash","floor":10},{"not_picked":["Nirvana","MentalFortress"],"picked":"FlurryOfBlows","floor":11},{"not_picked":["SashWhip","SpiritShield"],"picked":"Halt","floor":12},{"not_picked":["ClearTheMind","LikeWater"],"picked":"EmptyBody","floor":14},{"not_picked":["ConjureBlade","Establishment"],"picked":"Alpha","floor":16},{"not_picked":["Halt","FollowUp"],"picked":"FlurryOfBlows","floor":18},{"not_picked":["WheelKick+1","Wireheading"],"picked":"JustLucky","floor":19},{"not_picked":["Sanctity","WreathOfFlame"],"picked":"CutThroughFate","floor":21},{"not_picked":["Evaluate+1","ClearTheMind"],"picked":"CrushJoints","floor":24},{"not_picked":["DeceiveReality","FearNoEvil"],"picked":"Protect+1","floor":25}],"player_experience":459424,"relics_obtained":[{"floor":7,"key":"Mercury Hourglass"},{"floor":26,"key":"InkBottle"}],"event_choices":[{"damage_healed":0,"gold_gain":80,"player_choice":"Gained Gold","damage_taken":0,"max_hp_gain":0,"max_hp_loss":0,"event_name":"Golden Wing","floor":5,"gold_loss":0},{"damage_healed":0,"gold_gain":0,"player_choice":"Fight","damage_taken":0,"max_hp_gain":0,"max_hp_loss":0,"event_name":"Colosseum","floor":27,"gold_loss":0},{"damage_healed":0,"gold_gain":0,"player_choice":"Fled From Nobs","damage_taken":0,"max_hp_gain":0,"max_hp_loss":0,"event_name":"Colosseum","floor":27,"gold_loss":0},{"damage_healed":0,"gold_gain":0,"player_choice":"Ignored","damage_taken":0,"max_hp_gain":0,"max_hp_loss":0,"event_name":"Ghosts","floor":29,"gold_loss":0},{"damage_healed":0,"gold_gain":0,"player_choice":"Smashed Altar","damage_taken":0,"max_hp_gain":0,"max_hp_loss":0,"event_name":"Forgotten Altar","floor":31,"gold_loss":0,"cards_obtained":["Decay"]}],"is_beta":true,"boss_relics":[{"not_picked":["Coffee Dripper","Snecko Eye"],"picked":"Pandora\u0027s Box"}],"items_purged_floors":[],"is_endless":false,"potions_floor_spawned":[3,4,6,11,12,19,25,27],"killed_by":"Champ","ascension_level":0}