{"gold_per_floor":[116,116,38,51,71,101,20,0,0,10,29,29,29],"floor_reached":13,"playtime":526,"items_purged":[],"score":166,"play_id":"4958da52-12a6-4795-9a1f-d203f26b18ce","local_time":"20190702014252","is_ascension_mode":true,"campfire_choices":[],"neow_cost":"NONE","seed_source_timestamp":15752879462706,"circlet_count":0,"master_deck":["AscendersBane","Defend_G","Defend_G","Defend_G","Defend_G","Defend_G","Strike_G","Strike_G","Strike_G","Strike_G","Survivor","Neutralize","Terror","PiercingWail","Slice","Deadly Poison","Catalyst","Dagger Spray","Masterful Stab","Bane","Wraith Form v2"],"special_seed":0,"relics":["Ring of the Snake","NeowsBlessing","Bottled Flame","The Courier"],"potions_floor_usage":[13],"damage_taken":[{"damage":0.0,"enemies":"Jaw Worm","floor":1.0,"turns":1.0},{"damage":0.0,"enemies":"Cultist","floor":4.0,"turns":1.0},{"damage":0.0,"enemies":"Small Slimes","floor":5.0,"turns":1.0},{"damage":44.0,"enemies":"Gremlin Nob","floor":6.0,"turns":5.0},{"damage":4.0,"enemies":"Exordium Wildlife","floor":10.0,"turns":4.0},{"damage":1.0,"enemies":"Looter","floor":11.0,"turns":3.0},{"damage":17,"enemies":"3 Sentries","floor":13,"turns":7}],"seed_played":"632050479715259726","potions_obtained":[{"floor":1.0,"key":"Ancient Potion"},{"floor":6.0,"key":"Poison Potion"},{"floor":11.0,"key":"SkillPotion"}],"is_trial":false,"path_per_floor":["M","?","$","M","M","E","$","?","T","M","M","?","E"],"character_chosen":"THE_SILENT","items_purchased":["PiercingWail","Slice","Masterful Stab"],"campfire_rested":0,"item_purchase_floors":[3,3,7],"current_hp_per_floor":[59,59,59,59,59,15,15,15,15,11,10,10,0],"gold":29,"neow_bonus":"THREE_ENEMY_KILL","is_prod":false,"is_daily":false,"chose_seed":false,"campfire_upgraded":0,"win_rate":0,"timestamp":1562046172,"path_taken":["M","?","$","M","?","E","?","?","T","M","M","?","E"],"build_version":"2019-01-23","purchased_purges":0,"victory":false,"max_hp_per_floor":[66,66,66,66,66,66,66,66,66,66,66,66,66],"card_choices":[{"not_picked":["Concentrate","Dagger Spray"],"picked":"Terror","floor":1.0},{"not_picked":["Blade Dance","Cloak And Dagger"],"picked":"Deadly Poison","floor":4.0},{"not_picked":["Escape Plan","Riddle With Holes"],"picked":"Catalyst","floor":5.0},{"not_picked":["Night Terror","Backflip"],"picked":"Dagger Spray","floor":6.0},{"not_picked":["Blade Dance","Outmaneuver"],"picked":"Bane","floor":10.0},{"not_picked":["Sucker Punch","Flying Knee"],"picked":"Wraith Form v2","floor":11.0}],"player_experience":2655733,"relics_obtained":[{"floor":6.0,"key":"Bottled Flame"},{"floor":9.0,"key":"The Courier"}],"event_choices":[{"cards_removed":["Strike_G"],"damage_healed":0.0,"max_hp_gain":0.0,"max_hp_loss":0.0,"gold_gain":0.0,"event_name":"Bonfire Elementals","player_choice":"Offered Basic","floor":2.0,"gold_loss":0.0,"damage_taken":0.0},{"damage_healed":0.0,"max_hp_gain":0.0,"max_hp_loss":0.0,"gold_gain":0.0,"event_name":"World of Goop","player_choice":"Left Gold","floor":8.0,"gold_loss":20.0,"damage_taken":0.0},{"damage_healed":0.0,"max_hp_gain":0.0,"max_hp_loss":0.0,"gold_gain":0.0,"event_name":"Shining Light","player_choice":"Ignored","floor":12.0,"gold_loss":0.0,"damage_taken":0.0}],"is_beta":false,"boss_relics":[],"items_purged_floors":[],"is_endless":false,"potions_floor_spawned":[1,6,11],"killed_by":"3 Sentries","ascension_level":19}