{"gold_per_floor":[215,215,242,254,286,298,342,368,380,392,227,256,256,270,270,373,373,386,406,424,424,37,37,37,37,37,37,37,37,54,86,86,191,191,206,206,223,236,252,262,262],"floor_reached":41,"playtime":4557,"items_purged":["Regret","Strike_G"],"score":498,"play_id":"0dd08d74-fc67-4715-a0e0-41d748591497","local_time":"20190927234910","is_ascension_mode":false,"campfire_choices":[{"data":"Neutralize","floor":6,"key":"SMITH"},{"data":"Deadly Poison","floor":10,"key":"SMITH"},{"data":"Footwork","floor":15,"key":"SMITH"},{"data":"Burst","floor":23,"key":"SMITH"},{"data":"Mayhem","floor":25,"key":"SMITH"},{"data":"After Image","floor":27,"key":"SMITH"},{"data":"Footwork","floor":29,"key":"SMITH"},{"data":"Blur","floor":32,"key":"SMITH"}],"neow_cost":"NONE","seed_source_timestamp":873270160689300,"circlet_count":0,"master_deck":["Strike_G","Strike_G","Strike_G","Defend_G","Defend_G","Defend_G","Defend_G","Survivor","Neutralize+1","Heel Hook","Quick Slash","Poisoned Stab+1","Predator+1","Deadly Poison+1","Footwork+1","Backflip","Footwork+1","Die Die Die+1","After Image+1","Sucker Punch+1","Poisoned Stab+1","Burst+1","Catalyst","Blur+1","Mayhem+1","Flying Knee+1","Bullet Time","All Out Attack+1","Outmaneuver","Terror+1","Bane+1","Calculated Gamble","Sucker Punch+1"],"relics":["Ring of the Serpent","MawBank","Molten Egg 2","Orichalcum","Ancient Tea Set","Pocketwatch","Shuriken","Strawberry","Bottled Flame","Orrery"],"potions_floor_usage":[16,39,40,41],"damage_taken":[{"damage":0,"enemies":"Cultist","floor":1,"turns":5},{"damage":0,"enemies":"Small Slimes","floor":3,"turns":3},{"damage":0,"enemies":"Jaw Worm","floor":5,"turns":3},{"damage":11,"enemies":"Lagavulin","floor":7,"turns":6},{"damage":7,"enemies":"Red Slaver","floor":8,"turns":4},{"damage":14,"enemies":"3 Sentries","floor":12,"turns":6},{"damage":13,"enemies":"3 Louse","floor":14,"turns":4},{"damage":3,"enemies":"Slime Boss","floor":16,"turns":6},{"damage":4,"enemies":"Spheric Guardian","floor":18,"turns":7},{"damage":3,"enemies":"Shell Parasite","floor":19,"turns":7},{"damage":5,"enemies":"Centurion and Healer","floor":20,"turns":7},{"damage":0,"enemies":"Snecko","floor":30,"turns":6},{"damage":32,"enemies":"Slavers","floor":31,"turns":8},{"damage":0,"enemies":"Champ","floor":33,"turns":6},{"damage":24,"enemies":"3 Darklings","floor":35,"turns":6},{"damage":15,"enemies":"3 Shapes","floor":37,"turns":5},{"damage":24,"enemies":"3 Darklings","floor":38,"turns":4},{"damage":0,"enemies":"Maw","floor":39,"turns":7},{"damage":19,"enemies":"Transient","floor":40,"turns":5},{"damage":4,"enemies":"Spire Growth","floor":41,"turns":4}],"seed_played":"2375739653422754426","potions_obtained":[{"floor":5,"key":"GhostInAJar"},{"floor":8,"key":"SpeedPotion"},{"floor":14,"key":"Fire Potion"},{"floor":18,"key":"Energy Potion"},{"floor":37,"key":"FairyPotion"},{"floor":39,"key":"SteroidPotion"},{"floor":40,"key":"SkillPotion"}],"is_trial":false,"path_per_floor":["M","?","M","?","M","R","E","M","T","R","$","E","?","M","R","B",null,"M","M","M","?","$","R","$","R","T","R","T","R","M","E","R","B",null,"M","?","M","M","M","M","M"],"character_chosen":"THE_SILENT","items_purchased":["Footwork","Backflip","Catalyst","Blur","Mayhem"],"campfire_rested":0,"item_purchase_floors":[11,11,22,22,22],"current_hp_per_floor":[70,70,70,63,63,63,52,45,45,45,45,31,31,18,18,15,70,66,63,58,58,58,58,58,58,58,58,65,65,65,33,33,33,77,53,53,38,14,14,3,0],"gold":262,"neow_bonus":"HUNDRED_GOLD","is_prod":false,"is_daily":false,"chose_seed":false,"campfire_upgraded":8,"win_rate":0.0,"timestamp":1569599350,"path_taken":["M","?","M","?","M","R","E","?","T","R","?","E","?","M","R","BOSS","M","?","?","?","$","R","?","R","T","R","?","R","M","E","R","BOSS","M","?","M","M","M","M","M"],"build_version":"2019-07-17","purchased_purges":2,"victory":false,"max_hp_per_floor":[70,70,70,70,70,70,70,70,70,70,70,70,70,70,70,70,70,70,70,70,70,70,70,70,70,70,70,77,77,77,77,77,77,77,77,77,77,77,77,77,77],"card_choices":[{"not_picked":["Prepared","Dodge and Roll"],"picked":"Heel Hook","floor":1},{"not_picked":["Escape Plan","Deadly Poison"],"picked":"Quick Slash","floor":3},{"not_picked":["Quick Slash+1","Endless Agony+1"],"picked":"Poisoned Stab+1","floor":5},{"not_picked":["Flying Knee+1","Outmaneuver"],"picked":"Predator+1","floor":7},{"not_picked":["Riddle With Holes+1","Dodge and Roll"],"picked":"Deadly Poison","floor":8},{"not_picked":["PiercingWail","Underhanded Strike+1"],"picked":"Footwork","floor":12},{"not_picked":["Eviscerate+1","Blade Dance"],"picked":"Die Die Die+1","floor":14},{"not_picked":["Glass Knife+1","Burst"],"picked":"After Image","floor":16},{"not_picked":["Escape Plan","Skewer+1"],"picked":"Sucker Punch+1","floor":18},{"not_picked":["Quick Slash+1","Acrobatics"],"picked":"Poisoned Stab+1","floor":19},{"not_picked":["Endless Agony+1","Deflect+1","Backflip"],"picked":"SKIP","floor":20},{"not_picked":["Deflect","Quick Slash+1"],"picked":"Flying Knee+1","floor":30},{"not_picked":["Underhanded Strike+1","Deadly Poison","Endless Agony+1"],"picked":"SKIP","floor":31},{"not_picked":["After Image","Phantasmal Killer"],"picked":"Bullet Time","floor":33},{"not_picked":["Dagger Spray+1","Riddle With Holes+1"],"picked":"All Out Attack+1","floor":34},{"not_picked":["Deadly Poison","Flying Knee+1"],"picked":"Outmaneuver","floor":34},{"not_picked":["Poisoned Stab+1","PiercingWail+1"],"picked":"Terror+1","floor":34},{"not_picked":["Flying Knee+1","Outmaneuver+1"],"picked":"Bane+1","floor":34},{"not_picked":["Tactician+1","Acrobatics+1","Deadly Poison"],"picked":"SKIP","floor":35},{"not_picked":["Reflex","Well Laid Plans","Endless Agony+1"],"picked":"SKIP","floor":37},{"not_picked":["Deflect","Flechettes+1","Outmaneuver"],"picked":"SKIP","floor":38},{"not_picked":["Poisoned Stab+1","Blade Dance"],"picked":"Calculated Gamble","floor":39},{"not_picked":["PiercingWail+1","Outmaneuver"],"picked":"Sucker Punch+1","floor":40}],"player_experience":27755,"relics_obtained":[{"floor":7,"key":"Orichalcum"},{"floor":9,"key":"Ancient Tea Set"},{"floor":12,"key":"Pocketwatch"},{"floor":26,"key":"Shuriken"},{"floor":28,"key":"Strawberry"},{"floor":31,"key":"Bottled Flame"}],"event_choices":[{"damage_healed":0,"gold_gain":0,"player_choice":"Box","damage_taken":0,"relics_obtained":["MawBank"],"max_hp_gain":0,"max_hp_loss":0,"event_name":"Big Fish","floor":2,"gold_loss":0,"cards_obtained":["Regret"]},{"damage_healed":0,"gold_gain":0,"player_choice":"Success","damage_taken":7,"relics_obtained":["Molten Egg 2"],"max_hp_gain":0,"max_hp_loss":0,"event_name":"Scrap Ooze","floor":4,"gold_loss":0},{"cards_removed":["Strike_G"],"damage_healed":0,"gold_gain":0,"player_choice":"Offered Basic","damage_taken":0,"max_hp_gain":0,"max_hp_loss":0,"event_name":"Bonfire Elementals","floor":13,"gold_loss":0},{"damage_healed":0,"gold_gain":0,"player_choice":"Read","damage_taken":0,"max_hp_gain":0,"max_hp_loss":0,"event_name":"The Library","floor":21,"gold_loss":0,"cards_obtained":["Burst"]},{"cards_removed":["Defend_G"],"damage_healed":0,"gold_gain":0,"player_choice":"Removed Skill","damage_taken":0,"max_hp_gain":0,"max_hp_loss":0,"event_name":"Falling","floor":36,"gold_loss":0}],"is_beta":false,"boss_relics":[{"not_picked":["Runic Dome","Eternal Feather"],"picked":"Ring of the Serpent"},{"not_picked":["Runic Pyramid","Lizard Tail"],"picked":"Orrery"}],"items_purged_floors":[11,22],"is_endless":false,"potions_floor_spawned":[5,8,14,18,20,37,39,40],"killed_by":"Spire Growth","ascension_level":0}