{"path_per_floor":["M","M","?","?","M","E","M","R","T","M","M","R","M","E","R"],"character_chosen":"THE_SILENT","items_purchased":[],"gold_per_floor":[111,125,125,125,138,169,183,183,183,199,214,214,230,255,255,255],"floor_reached":16,"campfire_rested":3,"playtime":1680,"item_purchase_floors":[],"current_hp_per_floor":[52,48,53,46,46,7,5,27,27,29,31,53,56,20,42,0],"items_purged":[],"gold":255,"score":125,"play_id":"635bedde-92cd-433f-bec8-fb9b25149995","local_time":"20180526173039","is_prod":false,"is_daily":false,"chose_seed":false,"is_ascension_mode":true,"campfire_upgraded":0,"win_rate":0,"timestamp":1527370239,"campfire_choices":[{"floor":8,"key":"REST"},{"floor":12,"key":"REST"},{"floor":15,"key":"REST"}],"path_taken":["M","M","?","?","?","E","M","R","T","M","M","R","M","E","R","BOSS"],"build_version":"2018-05-24","seed_source_timestamp":670262722726179,"purchased_purges":0,"victory":false,"master_deck":["Defend_G","Defend_G","Defend_G","Defend_G","Strike_G","Strike_G","Strike_G","Strike_G","Survivor","Neutralize","Infinite Blades","Masterful Stab","Blur","Flying Knee","A Thousand Cuts","Outmaneuver","Masterful Stab","Glass Knife"],"max_hp_per_floor":[70,70,75,75,75,75,75,75,75,75,75,75,75,75,75,75],"relics":["Ring of the Snake","Peace Pipe","Bird Faced Urn","The Specimen"],"card_choices":[{"not_picked":["Dagger Throw","Backstab"],"picked":"Infinite Blades","floor":1},{"not_picked":["Dagger Throw","Dodge and Roll"],"picked":"Masterful Stab","floor":2},{"not_picked":["Sucker Punch","Malaise"],"picked":"Blur","floor":5},{"not_picked":["Acrobatics","Backflip"],"picked":"Flying Knee","floor":6},{"not_picked":["Bouncing Flask","Slice"],"picked":"A Thousand Cuts","floor":7},{"not_picked":["Dodge and Roll","Poisoned Stab"],"picked":"Outmaneuver","floor":10},{"not_picked":["Predator","Acrobatics"],"picked":"Masterful Stab","floor":11},{"not_picked":["Distraction","Poisoned Stab","Skewer"],"picked":"SKIP","floor":13},{"not_picked":["Poisoned Stab","Dash"],"picked":"Glass Knife","floor":14}],"player_experience":488521,"potions_floor_usage":[7,11,14],"damage_taken":[{"damage":18,"enemies":"Jaw Worm","floor":1,"turns":7},{"damage":4,"enemies":"Small Slimes","floor":2,"turns":4},{"damage":0,"enemies":"Cultist","floor":5,"turns":3},{"damage":39,"enemies":"3 Sentries","floor":6,"turns":13},{"damage":2,"enemies":"3 Louse","floor":7,"turns":2},{"damage":0,"enemies":"Looter","floor":10,"turns":3},{"damage":0,"enemies":"Exordium Wildlife","floor":11,"turns":5},{"damage":1,"enemies":"2 Fungi Beasts","floor":13,"turns":4},{"damage":38,"enemies":"Gremlin Nob","floor":14,"turns":5},{"damage":49,"enemies":"Hexaghost","floor":16,"turns":9}],"relics_obtained":[{"floor":6,"key":"Peace Pipe"},{"floor":9,"key":"Bird Faced Urn"},{"floor":14,"key":"The Specimen"}],"event_choices":[{"event_name":"Big Fish","player_choice":"Donut","floor":3,"damage_taken":0},{"event_name":"Golden Wing","player_choice":"Card Removal","floor":4,"damage_taken":0}],"boss_relics":[],"items_purged_floors":[],"potions_floor_spawned":[5,6,11],"seed_played":"5050355153578611414","killed_by":"Hexaghost","ascension_level":2,"potions_obtained":[{"floor":5,"key":"EssenceOfSteel"},{"floor":6,"key":"AttackPotion"},{"floor":11,"key":"Energy Potion"}],"is_trial":false}