{"gold_per_floor":[163,182,193,211,18,47,59,86,151,174,186,232,244,271,283,392,404,426,450,496,508,520,532,557,569,581,692,776,799,827,82,82,177,177,190,202,213,13,28,55,72,87,87,309,322,28,28,45,45,45,45,45,45,78,78],"floor_reached":55,"playtime":7896,"items_purged":["Defend_R"],"score":745,"play_id":"fb6a882c-6901-41c1-9be2-29fb8a725c9c","local_time":"20190101002103","is_ascension_mode":false,"campfire_choices":[{"data":"Bludgeon","floor":7.0,"key":"SMITH"},{"data":"Perfected Strike","floor":15,"key":"SMITH"},{"floor":23,"key":"REST"},{"floor":25,"key":"RECALL"},{"data":"Seeing Red","floor":32,"key":"SMITH"},{"data":"Pommel Strike","floor":47,"key":"SMITH"},{"floor":49,"key":"REST"},{"data":"Perfected Strike","floor":52,"key":"SMITH"}],"neow_cost":"NONE","seed_source_timestamp":1311707016141330,"circlet_count":0,"master_deck":["Strike_R","Strike_R","Strike_R","Strike_R","Strike_R","Defend_R+1","Defend_R","Bash+1","Rage","Pommel Strike+1","Pommel Strike","Headbutt","Seeing Red+1","Seeing Red+1","Bludgeon+1","Perfected Strike+1","Clash","Cleave","Immolate","Wild Strike+1","Shrug It Off+1","Intimidate+1","Shrug It Off","Intimidate","Rage+1","Impatience","Reaper","Brutality","Bloodletting+1","Armaments+1","Perfected Strike+1","Wild Strike","Immolate","Good Instincts","Headbutt+1"],"special_seed":0,"relics":["Tiny House","Red Skull","MawBank","Matryoshka","Runic Dome","Red Mask","War Paint","MutagenicStrength","Pantograph","Sundial","Letter Opener","Bottled Lightning","Vajra","Anchor","Toolbox","Mark of Pain","Oddly Smooth Stone","Orichalcum","Nunchaku","Medical Kit","Ornamental Fan"],"potions_floor_usage":[16,33,33,40,40,42,50],"damage_taken":[{"damage":0.0,"enemies":"Jaw Worm","floor":1.0,"turns":4.0},{"damage":1.0,"enemies":"Cultist","floor":2.0,"turns":4.0},{"damage":5.0,"enemies":"Small Slimes","floor":3.0,"turns":3.0},{"damage":0.0,"enemies":"3 Louse","floor":4.0,"turns":4.0},{"damage":8.0,"enemies":"3 Sentries","floor":6.0,"turns":10.0},{"damage":0.0,"enemies":"2 Fungi Beasts","floor":8.0,"turns":2.0},{"damage":0,"enemies":"Large Slime","floor":10,"turns":4},{"damage":14,"enemies":"Gremlin Nob","floor":12,"turns":3},{"damage":7,"enemies":"Blue Slaver","floor":14,"turns":2},{"damage":12,"enemies":"Slime Boss","floor":16,"turns":9},{"damage":1,"enemies":"3 Byrds","floor":18,"turns":4},{"damage":15,"enemies":"2 Thieves","floor":19,"turns":3},{"damage":20,"enemies":"Masked Bandits","floor":20,"turns":4},{"damage":6,"enemies":"Snecko","floor":24,"turns":3},{"damage":4,"enemies":"Shelled Parasite and Fungi","floor":29,"turns":4},{"damage":3,"enemies":"Chosen and Byrds","floor":30,"turns":4},{"damage":56,"enemies":"Automaton","floor":33,"turns":7},{"damage":0,"enemies":"Orb Walker","floor":35,"turns":2},{"damage":12,"enemies":"3 Darklings","floor":36,"turns":4},{"damage":2,"enemies":"Spire Growth","floor":37,"turns":3},{"damage":0,"enemies":"Jaw Worm Horde","floor":39,"turns":3},{"damage":44,"enemies":"Nemesis","floor":40,"turns":7},{"damage":0,"enemies":"4 Shapes","floor":41,"turns":2},{"damage":0,"enemies":"Writhing Mass","floor":42,"turns":3},{"damage":4,"enemies":"3 Darklings","floor":45,"turns":5},{"damage":6,"enemies":"Transient","floor":48,"turns":5},{"damage":73,"enemies":"Donu and Deca","floor":50,"turns":7},{"damage":7,"enemies":"Shield and Spear","floor":54,"turns":5},{"damage":86,"enemies":"The Heart","floor":55,"turns":5}],"seed_played":"1506373466389889322","potions_obtained":[{"floor":0.0,"key":"SpeedPotion"},{"floor":1.0,"key":"SpeedPotion"},{"floor":3.0,"key":"AttackPotion"},{"floor":4.0,"key":"GamblersBrew"},{"floor":14,"key":"Block Potion"},{"floor":29,"key":"SkillPotion"},{"floor":30,"key":"EssenceOfSteel"},{"floor":35,"key":"SkillPotion"},{"floor":37,"key":"Fire Potion"},{"floor":42,"key":"Regen Potion"}],"is_trial":false,"path_per_floor":["M","M","M","M","$","E","R","M","T","M","?","E","$","M","R","B",null,"M","M","?","?","?","R","M","R","T","?","T","M","M","$","R","B",null,"M","M","M","$","M","E","M","M","T","?","M","$","R","M","R","B",null,"R","$","E","B"],"character_chosen":"IRONCLAD","items_purchased":["Seeing Red","Red Skull","Impatience","Reaper","Vajra","Anchor","Toolbox","Perfected Strike","Oddly Smooth Stone","Medical Kit","Good Instincts"],"campfire_rested":2,"item_purchase_floors":[5,5,31,31,31,31,31,38,38,46,46],"current_hp_per_floor":[85,84,79,79,79,71,71,71,71,71,71,57,57,50,50,38,85,84,69,49,49,49,74,68,68,68,68,68,64,61,61,61,41,85,85,73,71,71,71,34,34,34,34,34,46,46,46,40,65,31,85,85,85,78,0],"gold":78,"neow_bonus":"BOSS_RELIC","is_prod":false,"is_daily":false,"chose_seed":false,"campfire_upgraded":5,"win_rate":0,"timestamp":1546320063,"path_taken":["M","M","M","M","$","E","R","M","T","M","?","E","?","M","R","BOSS","M","M","?","?","?","R","M","R","T","?","?","M","M","$","R","BOSS","M","M","M","$","M","E","M","M","T","?","M","$","R","M","R","BOSS","R","$","E","BOSS"],"build_version":"2018-12-20","purchased_purges":1,"victory":false,"max_hp_per_floor":[85,85,85,85,85,85,85,85,85,85,85,85,85,85,85,85,85,85,85,85,85,85,85,85,85,85,85,85,85,85,85,85,85,85,85,85,85,85,85,85,85,85,85,85,85,85,85,85,85,85,85,85,85,85,85],"card_choices":[{"not_picked":["Feel No Pain","Anger"],"picked":"Rage","floor":0.0},{"not_picked":["Body Slam","Iron Wave"],"picked":"Pommel Strike","floor":1.0},{"not_picked":["Sever Soul","Fire Breathing"],"picked":"Pommel Strike","floor":2.0},{"not_picked":["Flex","Seeing Red"],"picked":"Headbutt","floor":3.0},{"not_picked":["Entrench","Battle Trance"],"picked":"Seeing Red","floor":4.0},{"not_picked":["Thunderclap","Heavy Blade"],"picked":"Bludgeon","floor":6.0},{"not_picked":["Fire Breathing","Flex"],"picked":"Perfected Strike","floor":8.0},{"not_picked":["Heavy Blade","Feel No Pain","Burning Pact"],"picked":"SKIP","floor":10},{"not_picked":["Wild Strike","Hemokinesis"],"picked":"Cleave","floor":12},{"not_picked":["Pommel Strike","Heavy Blade","Body Slam"],"picked":"SKIP","floor":14},{"not_picked":["Dark Embrace","Juggernaut"],"picked":"Immolate","floor":16},{"not_picked":["True Grit","Warcry+1"],"picked":"Wild Strike+1","floor":18},{"not_picked":["Clash","Bloodletting+1"],"picked":"Shrug It Off+1","floor":19},{"not_picked":["Twin Strike","Cleave"],"picked":"Intimidate+1","floor":20},{"not_picked":["Evolve+1","True Grit"],"picked":"Shrug It Off","floor":24},{"not_picked":["Spot Weakness","Havoc"],"picked":"Intimidate","floor":29},{"not_picked":["Sword Boomerang","Headbutt"],"picked":"Rage+1","floor":30},{"not_picked":["Barricade","Limit Break"],"picked":"Brutality","floor":33},{"not_picked":["Rage","True Grit"],"picked":"Bloodletting+1","floor":35},{"not_picked":["Pummel","Perfected Strike"],"picked":"Armaments+1","floor":36},{"not_picked":["Clash","Dropkick","Second Wind"],"picked":"SKIP","floor":37},{"not_picked":["Clothesline+1","Evolve+1","Body Slam"],"picked":"SKIP","floor":39},{"not_picked":["Anger","Combust","Heavy Blade+1"],"picked":"SKIP","floor":40},{"not_picked":["Iron Wave","Reckless Charge+1","Warcry"],"picked":"SKIP","floor":41},{"not_picked":["Body Slam","Reckless Charge+1"],"picked":"Wild Strike","floor":42},{"not_picked":["Intimidate","Ghostly Armor"],"picked":"Immolate","floor":45},{"not_picked":["Feel No Pain","Hemokinesis"],"picked":"Headbutt+1","floor":48},{"not_picked":["Intimidate","Berserk","Burning Pact"],"picked":"SKIP","floor":54}],"player_experience":2153634,"relics_obtained":[{"floor":6.0,"key":"MawBank"},{"floor":12,"key":"Matryoshka"},{"floor":20,"key":"Red Mask"},{"floor":26,"key":"Pantograph"},{"floor":26,"key":"Sundial"},{"floor":28,"key":"Letter Opener"},{"floor":28,"key":"Bottled Lightning"},{"floor":40,"key":"Orichalcum"},{"floor":43,"key":"Nunchaku"},{"floor":54,"key":"Ornamental Fan"}],"event_choices":[{"damage_healed":0,"gold_gain":0,"cards_transformed":["Defend_R"],"player_choice":"Transformed","damage_taken":0,"max_hp_gain":0,"max_hp_loss":0,"event_name":"Transmorgrifier","floor":11,"gold_loss":0,"cards_obtained":["Clash"]},{"damage_healed":0,"gold_gain":0,"player_choice":"Fought Bandits","damage_taken":0,"max_hp_gain":0,"max_hp_loss":0,"event_name":"Masked Bandits","floor":20,"gold_loss":0},{"damage_healed":0,"gold_gain":0,"player_choice":"Opened","damage_taken":0,"relics_obtained":["War Paint"],"max_hp_gain":0,"max_hp_loss":0,"event_name":"The Mausoleum","floor":21,"gold_loss":0},{"damage_healed":0,"gold_gain":0,"player_choice":"Inject Mutagens","damage_taken":0,"relics_obtained":["MutagenicStrength"],"max_hp_gain":0,"max_hp_loss":0,"event_name":"Drug Dealer","floor":22,"gold_loss":0},{"damage_healed":0,"gold_gain":99,"player_choice":"Stole From Cult","damage_taken":0,"max_hp_gain":0,"max_hp_loss":0,"event_name":"Nest","floor":27,"gold_loss":0},{"damage_healed":0,"gold_gain":222,"player_choice":"Wore Mask","damage_taken":0,"max_hp_gain":0,"max_hp_loss":0,"event_name":"Tomb of Lord Red Mask","floor":44,"gold_loss":0}],"is_beta":false,"boss_relics":[{"not_picked":["Astrolabe","Ectoplasm"],"picked":"Runic Dome"},{"not_picked":["White Beast Statue","Orrery"],"picked":"Mark of Pain"}],"items_purged_floors":[31],"is_endless":false,"potions_floor_spawned":[1,3,4,14,29,30,35,37,39,42],"killed_by":"The Heart","ascension_level":0}