{"gold_per_floor":[363,376,393,393,26,26,59,59,59,89,34,65,80,80,80,80],"floor_reached":16,"playtime":848,"items_purged":["Parasite"],"score":207,"play_id":"4e53423b-775e-4efe-b607-919daa5c9e1b","local_time":"20190307224642","is_ascension_mode":true,"campfire_choices":[{"data":"Zap","floor":6.0,"key":"SMITH"},{"floor":8.0,"key":"REST"},{"floor":15.0,"key":"REST"}],"neow_cost":"CURSE","seed_source_timestamp":1151428496742658,"circlet_count":0,"master_deck":["AscendersBane","Strike_B","Strike_B","Strike_B","Strike_B","Defend_B","Defend_B","Defend_B","Defend_B","Zap+1","Dualcast","Rip and Tear","Streamline","Sweeping Beam","Compile Driver+1","Chill","Beam Cell+1","FTL+1","Go for the Eyes+1","Stack","Lockon+1"],"special_seed":0,"relics":["Cracked Core","FaceOfCleric","Molten Egg 2","Gremlin Horn","The Courier","Dream Catcher","Bag of Preparation"],"potions_floor_usage":[],"damage_taken":[{"damage":7.0,"enemies":"Small Slimes","floor":1.0,"turns":3.0},{"damage":0.0,"enemies":"Cultist","floor":2.0,"turns":3.0},{"damage":0.0,"enemies":"2 Louse","floor":3.0,"turns":1.0},{"damage":35.0,"enemies":"3 Sentries","floor":7.0,"turns":9.0},{"damage":15.0,"enemies":"Gremlin Nob","floor":10.0,"turns":3.0},{"damage":13.0,"enemies":"Lagavulin","floor":12.0,"turns":5.0},{"damage":6.0,"enemies":"Looter","floor":13.0,"turns":2.0},{"damage":33,"enemies":"The Guardian","floor":16,"turns":4}],"seed_played":"-3150126251082838556","potions_obtained":[{"floor":1.0,"key":"Poison Potion"},{"floor":2.0,"key":"Swift Potion"},{"floor":3.0,"key":"EssenceOfSteel"},{"floor":7.0,"key":"GamblersBrew"}],"is_trial":false,"path_per_floor":["M","M","M","?","$","R","E","R","T","E","$","E","M","?","R","B"],"character_chosen":"DEFECT","items_purchased":["Molten Egg 2","Compile Driver+1","FTL+1"],"campfire_rested":2,"item_purchase_floors":[5,5,11],"current_hp_per_floor":[57,57,57,57,57,57,23,43,43,29,29,17,12,12,33,0],"gold":80,"neow_bonus":"TWO_FIFTY_GOLD","is_prod":false,"is_daily":false,"chose_seed":false,"campfire_upgraded":1,"win_rate":0,"timestamp":1552016802,"path_taken":["M","M","M","?","$","R","E","R","T","E","$","E","?","?","R","BOSS"],"build_version":"2019-01-23","purchased_purges":1,"victory":false,"max_hp_per_floor":[71,71,71,71,68,68,69,69,69,70,70,71,72,72,72,72],"card_choices":[{"not_picked":["Hello World","Blizzard"],"picked":"Rip and Tear","floor":1.0},{"not_picked":["Skim","Steam"],"picked":"Streamline","floor":2.0},{"not_picked":["Darkness","Gash"],"picked":"Sweeping Beam","floor":3.0},{"not_picked":["Redo","Rip and Tear+1"],"picked":"Chill","floor":7.0},{"not_picked":["White Noise","Loop"],"picked":"Beam Cell+1","floor":10.0},{"not_picked":["Steam Power","Beam Cell+1"],"picked":"Go for the Eyes+1","floor":12.0},{"not_picked":["Sweeping Beam+1","Beam Cell+1"],"picked":"Stack","floor":13.0},{"not_picked":["Tempest","Coolheaded"],"picked":"Lockon+1","floor":15.0}],"player_experience":2348408,"relics_obtained":[{"floor":7.0,"key":"Gremlin Horn"},{"floor":9.0,"key":"The Courier"},{"floor":10.0,"key":"Dream Catcher"},{"floor":12.0,"key":"Bag of Preparation"}],"event_choices":[{"damage_healed":0.0,"max_hp_gain":0.0,"max_hp_loss":0.0,"gold_gain":0.0,"event_name":"FaceTrader","player_choice":"Trade","floor":4.0,"gold_loss":0.0,"damage_taken":0.0,"relics_obtained":["FaceOfCleric"]},{"damage_healed":0.0,"max_hp_gain":0.0,"max_hp_loss":0.0,"gold_gain":0.0,"event_name":"Scrap Ooze","player_choice":"Fled","floor":14.0,"gold_loss":0.0,"damage_taken":0.0}],"is_beta":false,"boss_relics":[],"items_purged_floors":[5],"is_endless":false,"potions_floor_spawned":[1,2,3,7],"killed_by":"The Guardian","ascension_level":15}