{"gold_per_floor":[15,27,40,40,58,58,6,40,63,74,94,94,126,146,146,247,247,217,45,55,55,21,55,55,73,73,73,100,112,142,188,200,316,328,352,364,476,65,78,105,105,133,133,149,183,195,195,215,215,215],"floor_reached":51,"playtime":8341,"items_purged":["Defend_P","Defend_P"],"score":924,"play_id":"b2507757-722c-403f-b1e1-c61a63da5a3b","local_time":"20190913184512","is_ascension_mode":true,"campfire_choices":[{"data":"CrushJoints","floor":6.0,"key":"SMITH"},{"floor":12.0,"key":"REST"},{"data":"MentalFortress","floor":15.0,"key":"SMITH"},{"data":"MentalFortress","floor":24.0,"key":"SMITH"},{"data":"Crescendo","floor":29.0,"key":"SMITH"},{"floor":32.0,"key":"REST"},{"data":"CutThroughFate","floor":41.0,"key":"SMITH"},{"data":"MentalFortress","floor":47.0,"key":"SMITH"},{"floor":49,"key":"REST"}],"neow_cost":"NO_GOLD","seed_source_timestamp":0,"circlet_count":0,"master_deck":["Strike_P","Strike_P","Strike_P","Defend_P","Eruption","Vigilance","CrushJoints+1","DeceiveReality","Crescendo+1","MentalFortress+1","Meditate","EmptyMind+1","Halt","Judgement","Protect+1","EmptyFist","Vengeance+1","MentalFortress+1","MentalFortress+1","Crescendo","Worship","BowlingBash+1","Wish","CutThroughFate+1","Worship+1","Adaptation+1","EmptyMind+1","CutThroughFate+1","ClearTheMind+1","MentalFortress+1","Crescendo","CrushJoints+1"],"special_seed":0,"relics":["HolyWater","Unceasing Top","InkBottle","Dream Catcher","Potion Belt","Mango","Philosopher\u0027s Stone","War Paint","Oddly Smooth Stone","MawBank","Boot","Turnip","Bag of Marbles","Question Card","Torii","Meat on the Bone","PreservedInsect"],"potions_floor_usage":[50,50],"damage_taken":[{"damage":9.0,"enemies":"Jaw Worm","floor":1.0,"turns":5.0},{"damage":0.0,"enemies":"Cultist","floor":2.0,"turns":4.0},{"damage":0.0,"enemies":"2 Louse","floor":3.0,"turns":3.0},{"damage":11.0,"enemies":"Exordium Thugs","floor":5.0,"turns":8.0},{"damage":31.0,"enemies":"Gremlin Nob","floor":8.0,"turns":3.0},{"damage":0.0,"enemies":"3 Louse","floor":10.0,"turns":2.0},{"damage":0.0,"enemies":"Red Slaver","floor":11.0,"turns":3.0},{"damage":23.0,"enemies":"3 Sentries","floor":13.0,"turns":10.0},{"damage":0.0,"enemies":"2 Fungi Beasts","floor":14.0,"turns":4.0},{"damage":1.0,"enemies":"Hexaghost","floor":16.0,"turns":7.0},{"damage":4.0,"enemies":"2 Thieves","floor":18.0,"turns":5.0},{"damage":16.0,"enemies":"3 Byrds","floor":20.0,"turns":5.0},{"damage":0.0,"enemies":"Gremlin Leader","floor":23.0,"turns":8.0},{"damage":0.0,"enemies":"Snecko","floor":25.0,"turns":5.0},{"damage":20.0,"enemies":"Book of Stabbing","floor":28.0,"turns":6.0},{"damage":0.0,"enemies":"Snake Plant","floor":30.0,"turns":4.0},{"damage":21.0,"enemies":"Gremlin Leader","floor":31.0,"turns":5.0},{"damage":28.0,"enemies":"Automaton","floor":33.0,"turns":11.0},{"damage":2.0,"enemies":"Orb Walker","floor":35.0,"turns":3.0},{"damage":12.0,"enemies":"Mind Bloom Boss Battle","floor":37.0,"turns":6.0},{"damage":0.0,"enemies":"3 Shapes","floor":39.0,"turns":3.0},{"damage":22.0,"enemies":"Giant Head","floor":40.0,"turns":6.0},{"damage":19.0,"enemies":"Reptomancer","floor":42.0,"turns":6.0},{"damage":0.0,"enemies":"Transient","floor":44.0,"turns":5.0},{"damage":16.0,"enemies":"Giant Head","floor":45.0,"turns":8.0},{"damage":0.0,"enemies":"Jaw Worm Horde","floor":46.0,"turns":4.0},{"damage":7,"enemies":"Maw","floor":48,"turns":17},{"damage":12,"enemies":"Donu and Deca","floor":50,"turns":11}],"seed_played":"4440458398098185527","potions_obtained":[{"floor":1.0,"key":"Explosive Potion"},{"floor":3.0,"key":"FearPotion"},{"floor":5.0,"key":"Strength Potion"},{"floor":10.0,"key":"Swift Potion"},{"floor":14.0,"key":"SteroidPotion"},{"floor":18.0,"key":"GamblersBrew"},{"floor":20.0,"key":"SkillPotion"},{"floor":25.0,"key":"SteroidPotion"},{"floor":30.0,"key":"SkillPotion"},{"floor":33.0,"key":"SpeedPotion"},{"floor":42.0,"key":"Dexterity Potion"},{"floor":45.0,"key":"Explosive Potion"},{"floor":48,"key":"PowerPotion"}],"is_trial":false,"path_per_floor":["M","M","M","?","M","R","?","E","T","M","M","R","E","M","R","B",null,"M","$","M","?","$","E","R","M","T","?","E","R","M","E","R","B",null,"M","?","?","$","M","E","R","E","T","M","E","M","R","M","R","B",null],"character_chosen":"WATCHER","items_purchased":["EmptyFist","PowerPotion","MentalFortress","SteroidPotion","Bag of Marbles","StancePotion","Dexterity Potion"],"campfire_rested":3,"item_purchase_floors":[19,19,22,38,38,38,38],"current_hp_per_floor":[56,56,56,56,45,45,45,14,14,14,14,33,24,24,24,23,79,75,75,59,59,59,59,59,59,59,59,39,39,39,18,41,13,79,77,75,63,63,63,41,41,22,22,34,30,42,42,47,69,57],"gold":215,"neow_bonus":"ONE_RARE_RELIC","is_prod":false,"is_daily":false,"chose_seed":false,"campfire_upgraded":6,"win_rate":0,"timestamp":1568357112,"path_taken":["M","M","M","?","?","R","?","E","T","M","?","R","E","M","R","BOSS","M","$","M","?","?","E","R","M","T","?","E","R","M","E","R","BOSS","M","?","?","$","M","E","R","E","T","M","E","M","R","M","R","BOSS"],"build_version":"2019-09-11v2","purchased_purges":2,"victory":true,"max_hp_per_floor":[65,65,65,65,65,65,65,65,65,65,65,65,79,79,79,79,79,79,79,79,79,79,79,79,79,79,79,79,79,79,79,79,79,79,79,75,75,75,75,75,75,75,75,75,75,75,75,75,75,75],"card_choices":[{"not_picked":["Clarity","ClearTheMind"],"picked":"CrushJoints","floor":1.0},{"not_picked":["ClearTheMind","Devotion"],"picked":"DeceiveReality","floor":2.0},{"not_picked":["EmptyMind","Sanctity"],"picked":"Crescendo","floor":3.0},{"not_picked":["ClearTheMind","CutThroughFate"],"picked":"MentalFortress","floor":5.0},{"not_picked":["ThirdEye","FollowUp"],"picked":"Meditate","floor":8.0},{"not_picked":["DeceiveReality","Nirvana"],"picked":"EmptyMind","floor":10.0},{"not_picked":["Tantrum","FollowUp","InnerPeace"],"picked":"SKIP","floor":11.0},{"not_picked":["Sanctity","Tantrum"],"picked":"Halt","floor":13.0},{"not_picked":["Blasphemy","ClearTheMind","Swivel"],"picked":"SKIP","floor":14.0},{"not_picked":["Blasphemy","Pray"],"picked":"Judgement","floor":16.0},{"not_picked":["FollowUp","Conclude"],"picked":"Protect+1","floor":18.0},{"not_picked":["Swivel","FlyingSleeves"],"picked":"Vengeance","floor":20.0},{"not_picked":["Conclude","Halt","WindmillStrike+1"],"picked":"SKIP","floor":23.0},{"not_picked":["EmptyBody+1","SandsOfTime"],"picked":"Crescendo","floor":25.0},{"not_picked":["MentalFortress","WaveOfTheHand","Weave"],"picked":"SKIP","floor":28.0},{"not_picked":["Weave","Meditate+1"],"picked":"BowlingBash+1","floor":30.0},{"not_picked":["EmptyFist","Weave"],"picked":"Wish","floor":31.0},{"not_picked":["Prostrate","WindmillStrike"],"picked":"CutThroughFate","floor":32.0},{"not_picked":["Vengeance+1","Prostrate"],"picked":"Worship+1","floor":35.0},{"not_picked":["FlyingSleeves+1","EmptyFist"],"picked":"Adaptation+1","floor":37.0},{"not_picked":["Protect","CutThroughFate"],"picked":"EmptyMind+1","floor":39.0},{"not_picked":["FearNoEvil+1","Crescendo+1"],"picked":"CutThroughFate+1","floor":40.0},{"not_picked":["JustLucky+1","BowlingBash+1","Consecrate"],"picked":"ClearTheMind+1","floor":42.0},{"not_picked":["Prostrate+1","CarveReality+1","Swivel","Tantrum+1"],"picked":"SKIP","floor":44.0},{"not_picked":["CutThroughFate+1","DevaForm","JustLucky+1"],"picked":"MentalFortress","floor":45.0},{"not_picked":["Wireheading+1","Worship+1","EmptyBody"],"picked":"Crescendo","floor":46.0},{"not_picked":["Perseverance","Weave+1","Prostrate","Clarity+1"],"picked":"SKIP","floor":48},{"not_picked":["EmptyMind+1","Consecrate","ClearTheMind+1"],"picked":"CrushJoints+1","floor":49}],"player_experience":1019263,"relics_obtained":[{"floor":8.0,"key":"Dream Catcher"},{"floor":9.0,"key":"Potion Belt"},{"floor":13.0,"key":"Mango"},{"floor":23.0,"key":"War Paint"},{"floor":26.0,"key":"Oddly Smooth Stone"},{"floor":28.0,"key":"MawBank"},{"floor":31.0,"key":"Boot"},{"floor":37.0,"key":"Turnip"},{"floor":40.0,"key":"Question Card"},{"floor":42.0,"key":"Torii"},{"floor":43.0,"key":"Meat on the Bone"},{"floor":45.0,"key":"PreservedInsect"}],"event_choices":[{"cards_removed":["Strike_P"],"damage_healed":0.0,"max_hp_gain":0.0,"max_hp_loss":0.0,"gold_gain":0.0,"event_name":"Purifier","player_choice":"Purged","floor":4.0,"gold_loss":0.0,"damage_taken":0.0},{"damage_healed":0.0,"max_hp_gain":0.0,"max_hp_loss":0.0,"gold_gain":0.0,"event_name":"WeMeetAgain","player_choice":"Paid Gold","floor":7.0,"gold_loss":52.0,"damage_taken":0.0,"relics_obtained":["InkBottle"]},{"damage_healed":0.0,"max_hp_gain":0.0,"max_hp_loss":0.0,"gold_gain":0.0,"event_name":"Duplicator","player_choice":"Copied","floor":21.0,"gold_loss":0.0,"damage_taken":0.0,"cards_obtained":["MentalFortress"]},{"damage_healed":0.0,"max_hp_gain":0.0,"max_hp_loss":0.0,"gold_gain":0.0,"cards_transformed":["Defend_P"],"event_name":"Transmorgrifier","player_choice":"Transformed","floor":27.0,"gold_loss":0.0,"damage_taken":0.0,"cards_obtained":["Worship"]},{"damage_healed":0.0,"max_hp_gain":0.0,"max_hp_loss":4.0,"gold_gain":0.0,"event_name":"Winding Halls","player_choice":"Max HP","floor":36.0,"gold_loss":0.0,"damage_taken":0.0},{"damage_healed":0.0,"max_hp_gain":0.0,"max_hp_loss":0.0,"gold_gain":0.0,"event_name":"MindBloom","player_choice":"Fight","floor":37.0,"gold_loss":0.0,"damage_taken":0.0}],"is_beta":true,"boss_relics":[{"not_picked":["SlaversCollar","Empty Cage"],"picked":"Philosopher\u0027s Stone"},{"not_picked":["Snecko Eye","Sozu"],"picked":"HolyWater"}],"items_purged_floors":[19,38],"is_endless":false,"potions_floor_spawned":[1,3,5,10,14,18,20,25,30,33,42,45,48],"ascension_level":3}