{"gold_per_floor":[111,126,143,163,177,208,227,239,307,307,317,317,317,336,336,336],"floor_reached":16,"playtime":1459,"items_purged":[],"score":108,"play_id":"0daae89b-9010-41c8-a7f3-f2c737a466ca","local_time":"20190702155725","is_ascension_mode":false,"campfire_choices":[{"floor":12,"key":"REST"},{"floor":15,"key":"REST"}],"neow_cost":"NONE","seed_source_timestamp":742997037499085,"circlet_count":0,"master_deck":["Strike_B","Strike_B","Strike_B","Strike_B","Defend_B","Defend_B","Defend_B","Defend_B","Zap","Dualcast","Sweeping Beam","Undo","Loop","BootSequence","Leap","Leap","Self Repair+1","Capacitor","Compile Driver"],"relics":["Cracked Core","Lantern","Regal Pillow","Mercury Hourglass"],"potions_floor_usage":[7,8],"damage_taken":[{"damage":1,"enemies":"Jaw Worm","floor":1,"turns":3},{"damage":8,"enemies":"Cultist","floor":2,"turns":5},{"damage":4,"enemies":"2 Louse","floor":3,"turns":2},{"damage":9,"enemies":"Exordium Wildlife","floor":4,"turns":8},{"damage":6,"enemies":"Red Slaver","floor":5,"turns":4},{"damage":40,"enemies":"Gremlin Nob","floor":6,"turns":6},{"damage":0,"enemies":"2 Fungi Beasts","floor":7,"turns":3},{"damage":0,"enemies":"Exordium Wildlife","floor":8,"turns":3},{"damage":4,"enemies":"3 Louse","floor":11,"turns":2},{"damage":16,"enemies":"Gremlin Gang","floor":14,"turns":4},{"damage":76,"enemies":"Slime Boss","floor":16,"turns":12}],"seed_played":"-2519811848297124994","potions_obtained":[{"floor":6,"key":"LiquidBronze"},{"floor":7,"key":"AttackPotion"},{"floor":8,"key":"Block Potion"},{"floor":14,"key":"PowerPotion"}],"is_trial":false,"path_per_floor":["M","M","M","M","M","E","M","M","T","?","M","R","?","M","R","B"],"character_chosen":"DEFECT","items_purchased":[],"campfire_rested":2,"item_purchase_floors":[],"current_hp_per_floor":[74,66,62,53,47,7,7,7,7,7,13,50,43,37,74,0],"gold":336,"neow_bonus":"RANDOM_COMMON_RELIC","is_prod":false,"is_daily":false,"chose_seed":false,"campfire_upgraded":0,"win_rate":0.0,"timestamp":1562093845,"path_taken":["M","M","M","M","M","E","M","M","T","?","?","R","?","M","R","BOSS"],"build_version":"2019-07-01","purchased_purges":0,"victory":false,"max_hp_per_floor":[75,75,75,75,75,75,75,75,75,75,75,75,75,75,75,75],"card_choices":[{"not_picked":["Go for the Eyes","Gash"],"picked":"Sweeping Beam","floor":1},{"not_picked":["Cold Snap","Aggregate"],"picked":"Undo","floor":2},{"not_picked":["Cold Snap","Blizzard"],"picked":"Skim","floor":3},{"not_picked":["Steam","Meteor Strike"],"picked":"Loop","floor":4},{"not_picked":["Leap","Rebound"],"picked":"BootSequence","floor":5},{"not_picked":["Darkness","Turbo"],"picked":"Leap","floor":6},{"not_picked":["Reprogram","Gash"],"picked":"Leap","floor":7},{"not_picked":["Turbo","Gash"],"picked":"Self Repair","floor":8},{"not_picked":["Ball Lightning","Rebound"],"picked":"Capacitor","floor":11},{"not_picked":["Go for the Eyes","Fission"],"picked":"Compile Driver","floor":14}],"player_experience":57405,"relics_obtained":[{"floor":6,"key":"Regal Pillow"},{"floor":9,"key":"Mercury Hourglass"}],"event_choices":[{"damage_healed":0,"gold_gain":0,"player_choice":"Forge","damage_taken":0,"max_hp_gain":0,"max_hp_loss":0,"event_name":"Accursed Blacksmith","floor":10,"gold_loss":0,"cards_upgraded":["Self Repair"]},{"cards_removed":["Skim"],"damage_healed":0,"gold_gain":0,"player_choice":"Card Removal","damage_taken":7,"max_hp_gain":0,"max_hp_loss":0,"event_name":"Golden Wing","floor":13,"gold_loss":0}],"is_beta":false,"boss_relics":[],"items_purged_floors":[],"is_endless":false,"potions_floor_spawned":[6,7,8,14],"killed_by":"Slime Boss","ascension_level":0}