{"gold_per_floor":[114,114,12,23,40,73,73,87,110,120,150,33,51,66,66,66],"floor_reached":16,"playtime":810,"items_purged":["Regret"],"score":194,"play_id":"5b3dfc59-fa42-4ea1-baee-1cdb92475c29","local_time":"20190217212003","is_ascension_mode":true,"campfire_choices":[{"floor":7.0,"key":"REST"},{"floor":15.0,"key":"REST"}],"neow_cost":"NONE","seed_source_timestamp":770278054166563,"circlet_count":0,"master_deck":["AscendersBane","Strike_B","Strike_B","Strike_B","Strike_B","Defend_B","Defend_B","Defend_B","Defend_B","Zap","Dualcast","Turbo","Ball Lightning","Beam Cell","Compile Driver","All For One","Auto Shields","Sweeping Beam","Electrodynamics","Chill","Go for the Eyes","BootSequence","Loop"],"special_seed":0,"relics":["Cracked Core","Strawberry","Bag of Marbles","Incense Burner"],"potions_floor_usage":[16],"damage_taken":[{"damage":0.0,"enemies":"Small Slimes","floor":1.0,"turns":3.0},{"damage":2.0,"enemies":"2 Louse","floor":4.0,"turns":3.0},{"damage":0.0,"enemies":"Jaw Worm","floor":5.0,"turns":3.0},{"damage":52.0,"enemies":"Gremlin Nob","floor":6.0,"turns":5.0},{"damage":17.0,"enemies":"Exordium Thugs","floor":8.0,"turns":5.0},{"damage":4.0,"enemies":"Large Slime","floor":10.0,"turns":5.0},{"damage":19.0,"enemies":"Lagavulin","floor":11.0,"turns":5.0},{"damage":3.0,"enemies":"Blue Slaver","floor":13.0,"turns":3.0},{"damage":2.0,"enemies":"Lots of Slimes","floor":14.0,"turns":2.0},{"damage":31,"enemies":"Slime Boss","floor":16,"turns":4}],"seed_played":"-25025382884124810","potions_obtained":[{"floor":6.0,"key":"Poison Potion"},{"floor":8.0,"key":"Explosive Potion"},{"floor":11.0,"key":"Strength Potion"},{"floor":13.0,"key":"Weak Potion"},{"floor":14.0,"key":"Poison Potion"}],"is_trial":false,"path_per_floor":["M","?","$","M","M","E","R","M","T","M","E","$","M","M","R","B"],"character_chosen":"DEFECT","items_purchased":["Ball Lightning","Chill","Go for the Eyes"],"campfire_rested":2,"item_purchase_floors":[3,12,12],"current_hp_per_floor":[71,78,78,76,76,24,49,32,32,28,9,9,6,4,29,0],"gold":66,"neow_bonus":"TEN_PERCENT_HP_BONUS","is_prod":false,"is_daily":false,"chose_seed":false,"campfire_upgraded":0,"win_rate":0,"timestamp":1550456403,"path_taken":["M","?","$","M","M","E","R","M","T","M","E","$","M","M","R","BOSS"],"build_version":"2019-01-23","purchased_purges":1,"victory":false,"max_hp_per_floor":[78,85,85,85,85,85,85,85,85,85,85,85,85,85,85,85],"card_choices":[{"not_picked":["Cold Snap","Steam Power"],"picked":"Turbo","floor":1.0},{"not_picked":["Stack","Rebound"],"picked":"Beam Cell","floor":4.0},{"not_picked":["Beam Cell","Blizzard"],"picked":"Compile Driver","floor":5.0},{"not_picked":["Streamline","Reboot"],"picked":"All For One","floor":6.0},{"not_picked":["Static Discharge","Beam Cell"],"picked":"Auto Shields","floor":8.0},{"not_picked":["Stack","Force Field"],"picked":"Sweeping Beam","floor":10.0},{"not_picked":["Force Field","Gash"],"picked":"Electrodynamics","floor":11.0},{"not_picked":["Barrage","Beam Cell"],"picked":"BootSequence","floor":13.0},{"not_picked":["Sweeping Beam","Gash"],"picked":"Loop","floor":14.0}],"player_experience":2286856,"relics_obtained":[{"floor":6.0,"key":"Bag of Marbles"},{"floor":11.0,"key":"Incense Burner"}],"event_choices":[{"damage_healed":0.0,"max_hp_gain":0.0,"max_hp_loss":0.0,"gold_gain":0.0,"event_name":"Big Fish","player_choice":"Box","floor":2.0,"gold_loss":0.0,"damage_taken":0.0,"relics_obtained":["Strawberry"],"cards_obtained":["Regret"]}],"is_beta":false,"boss_relics":[],"items_purged_floors":[3],"is_endless":false,"potions_floor_spawned":[6,8,11,13,14],"killed_by":"Slime Boss","ascension_level":14}