{"gold_per_floor":[116,130,46,64,84,84,84,97,97,107,30,49,49,75,75,179,229,248,248,265,277,30,30],"floor_reached":23,"playtime":1178,"items_purged":[],"score":240,"play_id":"083f681d-4a3c-4c12-9562-f5b8b44072ba","local_time":"20190802165134","is_ascension_mode":true,"campfire_choices":[{"floor":6,"key":"REST"},{"floor":13,"key":"REST"},{"floor":15,"key":"REST"}],"neow_cost":"NONE","seed_source_timestamp":315258650484117,"circlet_count":0,"master_deck":["Strike_R","Strike_R","Strike_R","Strike_R","Strike_R","Defend_R","Defend_R","Defend_R","Defend_R","Bash","Perfected Strike","Uppercut","Blood for Blood","Clothesline","Inflame","Headbutt","Bandage Up","Feed","Wild Strike","Combust","Perfected Strike+1","Flex","Twin Strike","Infernal Blade","Bludgeon+1","Power Through","Sentinel","Heavy Blade","Blood for Blood"],"relics":["Burning Blood","Thread and Needle","Meat on the Bone","Tiny House","Paper Frog"],"potions_floor_usage":[20,20,20],"damage_taken":[{"damage":0,"enemies":"2 Louse","floor":1,"turns":3},{"damage":1,"enemies":"Cultist","floor":2,"turns":4},{"damage":4,"enemies":"Small Slimes","floor":4,"turns":3},{"damage":26,"enemies":"Exordium Thugs","floor":5,"turns":5},{"damage":7,"enemies":"Looter","floor":8,"turns":3},{"damage":0,"enemies":"Large Slime","floor":10,"turns":2},{"damage":28,"enemies":"Lots of Slimes","floor":12,"turns":4},{"damage":23,"enemies":"Lagavulin","floor":14,"turns":5},{"damage":81,"enemies":"Hexaghost","floor":16,"turns":8},{"damage":8,"enemies":"Chosen","floor":18,"turns":4},{"damage":26,"enemies":"2 Thieves","floor":20,"turns":4},{"damage":69,"enemies":"Cultist and Chosen","floor":21,"turns":8},{"damage":36,"enemies":"Gremlin Leader","floor":23,"turns":3}],"seed_played":"-635761785304780741","potions_obtained":[{"floor":4,"key":"Strength Potion"},{"floor":5,"key":"PowerPotion"},{"floor":8,"key":"Block Potion"}],"is_trial":false,"path_per_floor":["M","M","$","M","M","R","?","M","T","M","$","M","R","E","R","B",null,"M","?","M","M","$","E"],"character_chosen":"IRONCLAD","items_purchased":["Blood for Blood","Clothesline","Perfected Strike","Flex","Paper Frog"],"campfire_rested":3,"item_purchase_floors":[3,3,11,11,22],"current_hp_per_floor":[88,88,88,88,68,88,88,90,90,91,91,69,91,78,91,32,96,94,94,81,34,34,0],"gold":30,"neow_bonus":"TEN_PERCENT_HP_BONUS","is_prod":false,"is_daily":false,"chose_seed":false,"campfire_upgraded":0,"win_rate":0,"timestamp":1564775494,"path_taken":["M","M","$","M","M","R","?","M","T","?","$","M","R","E","R","BOSS","M","?","M","M","$","E"],"build_version":"2019-07-17","purchased_purges":0,"victory":false,"max_hp_per_floor":[88,88,88,88,88,88,88,91,91,91,91,91,91,91,91,91,96,96,96,99,99,99,99],"card_choices":[{"not_picked":["Reckless Charge","Pommel Strike"],"picked":"Perfected Strike","floor":1},{"not_picked":["Intimidate","Reckless Charge"],"picked":"Uppercut","floor":2},{"not_picked":["Shrug It Off","Cleave"],"picked":"Inflame","floor":4},{"not_picked":["Anger","Flex"],"picked":"Headbutt","floor":5},{"not_picked":["Hemokinesis","Feel No Pain"],"picked":"Wild Strike","floor":8},{"not_picked":["Headbutt","Offering"],"picked":"Combust","floor":10},{"not_picked":["Body Slam","Armaments"],"picked":"Twin Strike","floor":12},{"not_picked":["Heavy Blade","Power Through"],"picked":"Infernal Blade","floor":14},{"not_picked":["Dark Embrace","Offering"],"picked":"Bludgeon","floor":16},{"not_picked":["Wild Strike","Clash"],"picked":"Power Through","floor":17},{"not_picked":["Corruption","Warcry"],"picked":"Sentinel","floor":18},{"not_picked":["Clash","Anger+1"],"picked":"Heavy Blade","floor":20},{"not_picked":["Entrench","Intimidate"],"picked":"Blood for Blood","floor":21}],"player_experience":267008,"relics_obtained":[{"floor":9,"key":"Thread and Needle"},{"floor":14,"key":"Meat on the Bone"}],"event_choices":[{"damage_healed":0,"gold_gain":0,"player_choice":"2 cards matched","damage_taken":0,"max_hp_gain":0,"max_hp_loss":0,"event_name":"Match and Keep!","floor":7,"gold_loss":0,"cards_obtained":["Bandage Up","Feed"]},{"damage_healed":0,"gold_gain":0,"player_choice":"Upgraded","damage_taken":0,"max_hp_gain":0,"max_hp_loss":0,"event_name":"Upgrade Shrine","floor":19,"gold_loss":0,"cards_upgraded":["Bludgeon"]}],"is_beta":false,"boss_relics":[{"not_picked":["White Beast Statue","Sozu"],"picked":"Tiny House"}],"items_purged_floors":[],"is_endless":false,"potions_floor_spawned":[4,5,8,12,18],"killed_by":"Gremlin Leader","ascension_level":2}