{"gold_per_floor":[111,128,128,141,160,160,3,33,60,60,76,88,88,98,98,174,174,194,119,133,52,66,85,85,0,24,42,42,12,12,12,12,12],"floor_reached":33,"playtime":1967,"items_purged":[],"score":498,"play_id":"e1ca908b-f7c4-45e1-8cff-2df5b6e651a0","local_time":"20190811004801","is_ascension_mode":true,"campfire_choices":[{"data":"Rampage","floor":6.0,"key":"SMITH"},{"floor":10.0,"key":"REST"},{"floor":15.0,"key":"REST"},{"floor":28,"key":"REST"},{"floor":30,"key":"REST"},{"floor":32,"key":"REST"}],"neow_cost":"NONE","seed_source_timestamp":578115228805565,"circlet_count":0,"master_deck":["AscendersBane","Strike_R+1","Strike_R+1","Strike_R+1","Strike_R+1","Defend_R+1","Defend_R+1","Defend_R+1","Defend_R+1","Bash+1","Cleave","Armaments+1","Pommel Strike+1","Rampage+1","Ghostly Armor","Metallicize","Ghostly Armor","Sword Boomerang","Immolate","Clothesline","Power Through+1","Carnage","Disarm+1","Shrug It Off","Wild Strike+1","Rage"],"special_seed":0,"relics":["Burning Blood","Potion Belt","Strawberry","Whetstone","Ancient Tea Set","Fusion Hammer","Dream Catcher"],"potions_floor_usage":[22,27],"damage_taken":[{"damage":1.0,"enemies":"Small Slimes","floor":1.0,"turns":4.0},{"damage":14.0,"enemies":"Jaw Worm","floor":2.0,"turns":5.0},{"damage":5.0,"enemies":"2 Louse","floor":4.0,"turns":3.0},{"damage":12.0,"enemies":"Looter","floor":5.0,"turns":3.0},{"damage":22.0,"enemies":"Lagavulin","floor":8.0,"turns":6.0},{"damage":0.0,"enemies":"Gremlin Gang","floor":11.0,"turns":3.0},{"damage":18.0,"enemies":"Exordium Thugs","floor":12.0,"turns":6.0},{"damage":11.0,"enemies":"3 Louse","floor":14.0,"turns":4.0},{"damage":23.0,"enemies":"The Guardian","floor":16.0,"turns":17.0},{"damage":25,"enemies":"Shell Parasite","floor":18,"turns":5},{"damage":21,"enemies":"3 Byrds","floor":20,"turns":5},{"damage":12,"enemies":"Centurion and Healer","floor":22,"turns":7},{"damage":31,"enemies":"Cultist and Chosen","floor":23,"turns":7},{"damage":34,"enemies":"Shelled Parasite and Fungi","floor":27,"turns":6},{"damage":90,"enemies":"Collector","floor":33,"turns":8}],"seed_played":"5897503547867520384","potions_obtained":[{"floor":0.0,"key":"PowerPotion"},{"floor":0.0,"key":"BloodPotion"},{"floor":5.0,"key":"Explosive Potion"},{"floor":8.0,"key":"SkillPotion"},{"floor":16.0,"key":"FairyPotion"},{"floor":20,"key":"Block Potion"},{"floor":22,"key":"SkillPotion"},{"floor":23,"key":"FairyPotion"}],"is_trial":false,"path_per_floor":["M","M","?","M","M","R","$","E","T","R","M","M","?","M","R","B",null,"M","?","M","$","M","M","?","?","T","M","R","$","R","?","R","B"],"character_chosen":"IRONCLAD","items_purchased":["Potion Belt","Carnage","Shrug It Off"],"campfire_rested":5,"item_purchase_floors":[7,21,29],"current_hp_per_floor":[73,65,65,66,67,67,67,58,58,82,82,70,52,47,71,54,75,56,56,41,41,35,10,10,10,10,9,33,33,57,57,81,0],"gold":12,"neow_bonus":"THREE_SMALL_POTIONS","is_prod":false,"is_daily":false,"chose_seed":false,"campfire_upgraded":1,"win_rate":0,"timestamp":1565498881,"path_taken":["M","M","?","M","M","R","$","E","T","R","M","M","?","M","R","BOSS","M","?","M","$","M","M","?","?","T","M","R","?","R","?","R","BOSS"],"build_version":"2019-01-23","purchased_purges":0,"victory":false,"max_hp_per_floor":[75,75,75,75,75,75,75,82,82,82,82,82,82,82,82,82,82,82,82,82,82,82,82,82,82,82,82,82,82,82,82,82,82],"card_choices":[{"not_picked":["Perfected Strike","Clash"],"picked":"Cleave","floor":1.0},{"not_picked":["True Grit","Dual Wield"],"picked":"Armaments","floor":2.0},{"not_picked":["Clash","Warcry"],"picked":"Pommel Strike","floor":4.0},{"not_picked":["Warcry","Battle Trance"],"picked":"Rampage","floor":5.0},{"not_picked":["Limit Break","Dropkick"],"picked":"Ghostly Armor","floor":8.0},{"not_picked":["Perfected Strike","Sever Soul"],"picked":"Metallicize","floor":11.0},{"not_picked":["Body Slam","Pommel Strike"],"picked":"Ghostly Armor","floor":12.0},{"not_picked":["Body Slam","Rampage"],"picked":"Sword Boomerang","floor":14.0},{"not_picked":["Feed","Berserk"],"picked":"Immolate","floor":16.0},{"not_picked":["Sword Boomerang","Iron Wave"],"picked":"Clothesline","floor":18},{"not_picked":["Twin Strike","Inflame"],"picked":"Power Through+1","floor":20},{"not_picked":["Blood for Blood","Clothesline","Second Wind"],"picked":"SKIP","floor":22},{"not_picked":["Body Slam","Hemokinesis","Carnage"],"picked":"SKIP","floor":23},{"not_picked":["Shrug It Off","Wild Strike"],"picked":"Disarm+1","floor":27},{"not_picked":["Power Through","Sword Boomerang"],"picked":"Wild Strike+1","floor":30},{"not_picked":["Heavy Blade","Flex"],"picked":"Rage","floor":32}],"player_experience":2778025,"relics_obtained":[{"floor":8.0,"key":"Strawberry"},{"floor":9.0,"key":"Whetstone"},{"floor":26,"key":"Dream Catcher"}],"event_choices":[{"damage_healed":0.0,"max_hp_gain":0.0,"max_hp_loss":0.0,"gold_gain":0.0,"event_name":"Living Wall","player_choice":"Grow","floor":3.0,"gold_loss":0.0,"damage_taken":0.0,"cards_upgraded":["Armaments"]},{"damage_healed":0.0,"max_hp_gain":0.0,"max_hp_loss":0.0,"gold_gain":0.0,"event_name":"Scrap Ooze","player_choice":"Success","floor":13.0,"gold_loss":0.0,"damage_taken":18.0,"relics_obtained":["Ancient Tea Set"]},{"cards_removed":["Strike_R"],"damage_healed":0,"gold_gain":0,"player_choice":"Gave Gold","damage_taken":0,"max_hp_gain":0,"max_hp_loss":0,"event_name":"Beggar","floor":19,"gold_loss":75},{"damage_healed":0,"gold_gain":0,"player_choice":"Ignored","damage_taken":0,"max_hp_gain":0,"max_hp_loss":0,"event_name":"Vampires","floor":24,"gold_loss":0},{"damage_healed":0,"gold_gain":0,"player_choice":"Paid Fearfully","damage_taken":0,"max_hp_gain":0,"max_hp_loss":0,"event_name":"Masked Bandits","floor":25,"gold_loss":85},{"damage_healed":0,"gold_gain":0,"player_choice":"Simplicity","damage_taken":0,"max_hp_gain":0,"max_hp_loss":0,"event_name":"Back to Basics","floor":31,"gold_loss":0,"cards_upgraded":["Strike_R","Strike_R","Strike_R","Strike_R","Defend_R","Defend_R","Defend_R","Defend_R"]}],"is_beta":false,"boss_relics":[{"not_picked":["Runic Dome","Black Star"],"picked":"Fusion Hammer"}],"items_purged_floors":[],"is_endless":false,"potions_floor_spawned":[2,5,8,16,20,22,23],"killed_by":"Collector","ascension_level":20}