{"gold_per_floor":[113,126,126,48,59,59,114,114,165,68,68,143,143,178,178,252,252,265,265,37,37,37,37,37],"floor_reached":24,"playtime":1302,"items_purged":["Decay"],"score":396,"play_id":"a3f27993-6a56-4e5b-83d8-25c8a54970a3","local_time":"20190819235744","is_ascension_mode":true,"campfire_choices":[{"data":"Spot Weakness","floor":6.0,"key":"SMITH"},{"floor":8.0,"key":"REST"},{"data":"Combust","floor":11.0,"key":"SMITH"},{"floor":13.0,"key":"REST"},{"floor":15.0,"key":"REST"},{"floor":23,"key":"REST"}],"neow_cost":"NONE","seed_source_timestamp":705113529522158,"circlet_count":0,"master_deck":["AscendersBane","Strike_R","Strike_R","Strike_R","Strike_R","Defend_R","Defend_R","Defend_R","Defend_R","Bash","Carnage","Sword Boomerang","Reaper","Spot Weakness+1","Combust+1","Carnage","Shockwave","Offering","Feel No Pain+1"],"special_seed":0,"relics":["Burning Blood","Tiny Chest","Oddly Smooth Stone","The Courier","Philosopher\u0027s Stone","Strange Spoon","Enchiridion"],"potions_floor_usage":[18,24],"damage_taken":[{"damage":5.0,"enemies":"Small Slimes","floor":1.0,"turns":3.0},{"damage":1.0,"enemies":"Cultist","floor":2.0,"turns":3.0},{"damage":2.0,"enemies":"2 Louse","floor":5.0,"turns":3.0},{"damage":56.0,"enemies":"Lagavulin","floor":7.0,"turns":10.0},{"damage":44.0,"enemies":"Gremlin Nob","floor":14.0,"turns":5.0},{"damage":63.0,"enemies":"The Guardian","floor":16.0,"turns":13.0},{"damage":32,"enemies":"3 Byrds","floor":18,"turns":3},{"damage":66,"enemies":"Slavers","floor":24,"turns":3}],"seed_played":"1183163427941096373","potions_obtained":[{"floor":1.0,"key":"GamblersBrew"},{"floor":3.0,"key":"Dexterity Potion"},{"floor":14.0,"key":"Ancient Potion"},{"floor":16.0,"key":"Explosive Potion"}],"is_trial":false,"path_per_floor":["M","M","?","$","M","R","E","R","T","$","R","?","R","E","R","B",null,"M","?","$","?","$","R","E"],"character_chosen":"IRONCLAD","items_purchased":["Reaper","Carnage","Weak Potion","Strange Spoon"],"campfire_rested":4,"item_purchase_floors":[4,10,10,20],"current_hp_per_floor":[69,74,74,74,75,75,31,53,53,53,53,42,64,30,52,7,58,41,41,41,20,20,42,0],"gold":37,"neow_bonus":"REMOVE_CARD","is_prod":false,"is_daily":false,"chose_seed":false,"campfire_upgraded":2,"win_rate":0,"timestamp":1566273464,"path_taken":["M","M","?","$","M","R","E","R","T","?","R","?","R","E","R","BOSS","M","?","$","?","?","R","E"],"build_version":"2019-01-23","purchased_purges":1,"victory":false,"max_hp_per_floor":[75,75,75,75,75,75,75,75,75,75,75,75,75,75,75,75,75,75,75,75,75,75,75,75],"card_choices":[{"not_picked":["Shrug It Off","Cleave"],"picked":"Carnage","floor":1.0},{"not_picked":["Flex","Searing Blow"],"picked":"Sword Boomerang","floor":2.0},{"not_picked":["Perfected Strike","Headbutt"],"picked":"Spot Weakness","floor":5.0},{"not_picked":["Iron Wave","Clothesline"],"picked":"Combust","floor":7.0},{"not_picked":["Sentinel","Anger"],"picked":"Shockwave","floor":14.0},{"not_picked":["Impervious","Bludgeon"],"picked":"Offering","floor":16.0},{"not_picked":["True Grit","Twin Strike"],"picked":"Feel No Pain+1","floor":18}],"player_experience":2827570,"relics_obtained":[{"floor":7.0,"key":"Tiny Chest"},{"floor":9.0,"key":"Oddly Smooth Stone"},{"floor":14.0,"key":"The Courier"},{"floor":21,"key":"Enchiridion"}],"event_choices":[{"damage_healed":0.0,"max_hp_gain":0.0,"max_hp_loss":0.0,"gold_gain":0.0,"event_name":"Lab","player_choice":"Got Potions","floor":3.0,"gold_loss":0.0,"damage_taken":0.0},{"damage_healed":0.0,"max_hp_gain":0.0,"max_hp_loss":0.0,"gold_gain":75.0,"event_name":"World of Goop","player_choice":"Gather Gold","floor":12.0,"gold_loss":0.0,"damage_taken":11.0},{"damage_healed":0,"gold_gain":0,"player_choice":"Smashed Altar","damage_taken":0,"max_hp_gain":0,"max_hp_loss":0,"event_name":"Forgotten Altar","floor":19,"gold_loss":0,"cards_obtained":["Decay"]},{"damage_healed":0,"gold_gain":0,"player_choice":"Obtained Book","damage_taken":21,"max_hp_gain":0,"max_hp_loss":0,"event_name":"Cursed Tome","floor":21,"gold_loss":0}],"is_beta":false,"boss_relics":[{"not_picked":["Lizard Tail","Black Blood"],"picked":"Philosopher\u0027s Stone"}],"items_purged_floors":[20],"is_endless":false,"potions_floor_spawned":[1,14,16],"killed_by":"Slavers","ascension_level":20}