{"gold_per_floor":[111,128,128,146,71,71,97,97,172,172,204,121,133,147,147,224,224,238,238,238,250,250,277,277,305,355,355,368,402,29,49,49,120,120,132,146,146,159,178,178],"floor_reached":40,"playtime":5260,"items_purged":["Regret","Strike_P+1"],"score":912,"play_id":"9f9c2ef3-65ba-4cf0-8101-c225dee59e22","local_time":"20190926192129","is_ascension_mode":true,"campfire_choices":[{"data":"Eruption","floor":6,"key":"SMITH"},{"data":"Consecrate","floor":8,"key":"SMITH"},{"data":"Sanctity","floor":10,"key":"SMITH"},{"data":"Devotion","floor":15,"key":"SMITH"},{"floor":24,"key":"REST"},{"data":"Nirvana","floor":27,"key":"SMITH"},{"floor":32,"key":"REST"}],"neow_cost":"TEN_PERCENT_HP_LOSS","seed_source_timestamp":0,"circlet_count":0,"master_deck":["AscendersBane","Strike_P+1","Strike_P+1","Strike_P+1","Defend_P+1","Defend_P+1","Defend_P+1","Defend_P+1","Eruption+1","Vigilance","Sanctity+1","EmptyFist","Consecrate+1","EmptyMind","Sanctity+1","SignatureMove+1","Devotion+1","Vengeance+1","Nirvana+1","FearNoEvil+1","Wallop","Devotion+1","InnerPeace+1","Sanctity+1","Vengeance+1","BowlingBash","ClearTheMind+1","Wireheading","Wallop"],"special_seed":0,"relics":["HolyWater","Nunchaku","War Paint","InkBottle","Toxic Egg 2","Blood Vial","Whetstone","Dodecahedron","Toy Ornithopter","Strawberry","White Beast Statue","VioletLotus"],"potions_floor_usage":[7,13,16,23,25,33,35,35,38,39,40,40],"damage_taken":[{"damage":0,"enemies":"Cultist","floor":1,"turns":3},{"damage":0,"enemies":"2 Louse","floor":2,"turns":3},{"damage":4,"enemies":"Small Slimes","floor":4,"turns":4},{"damage":3,"enemies":"Gremlin Nob","floor":7,"turns":3},{"damage":7,"enemies":"3 Sentries","floor":11,"turns":7},{"damage":8,"enemies":"Exordium Thugs","floor":13,"turns":4},{"damage":0,"enemies":"2 Fungi Beasts","floor":14,"turns":3},{"damage":22,"enemies":"Hexaghost","floor":16,"turns":9},{"damage":0,"enemies":"Shell Parasite","floor":18,"turns":2},{"damage":3,"enemies":"Chosen","floor":21,"turns":3},{"damage":30,"enemies":"Book of Stabbing","floor":23,"turns":3},{"damage":10,"enemies":"Slavers","floor":25,"turns":5},{"damage":2,"enemies":"Snake Plant","floor":28,"turns":4},{"damage":17,"enemies":"Book of Stabbing","floor":29,"turns":3},{"damage":10,"enemies":"Sentry and Sphere","floor":31,"turns":4},{"damage":33,"enemies":"Automaton","floor":33,"turns":9},{"damage":0,"enemies":"3 Darklings","floor":35,"turns":3},{"damage":0,"enemies":"3 Shapes","floor":36,"turns":3},{"damage":13,"enemies":"Writhing Mass","floor":38,"turns":6},{"damage":4,"enemies":"Sphere and 2 Shapes","floor":39,"turns":6},{"damage":67,"enemies":"Reptomancer","floor":40,"turns":5}],"seed_played":"-5594614708738236638","potions_obtained":[{"floor":2,"key":"Fire Potion"},{"floor":4,"key":"SkillPotion"},{"floor":11,"key":"Strength Potion"},{"floor":13,"key":"Swift Potion"},{"floor":23,"key":"Fire Potion"},{"floor":28,"key":"StancePotion"},{"floor":31,"key":"FearPotion"},{"floor":33,"key":"Swift Potion"},{"floor":35,"key":"Ancient Potion"},{"floor":36,"key":"SkillPotion"},{"floor":38,"key":"DuplicationPotion"},{"floor":39,"key":"FearPotion"}],"is_trial":false,"path_per_floor":["M","M","?","M","$","R","E","R","T","R","E","$","M","M","R","B",null,"M","?","?","M","?","E","R","E","T","R","M","E","$","M","R","B",null,"M","M","?","M","M","E"],"character_chosen":"WATCHER","items_purchased":["SignatureMove","White Beast Statue"],"campfire_rested":2,"item_purchase_floors":[12,30],"current_hp_per_floor":[55,55,55,51,51,51,48,48,48,48,41,41,35,37,37,17,46,48,48,48,47,47,19,35,27,27,27,27,19,19,11,29,3,47,59,61,61,54,57,0],"gold":178,"neow_bonus":"ONE_RARE_RELIC","is_prod":false,"is_daily":false,"chose_seed":false,"campfire_upgraded":5,"win_rate":0,"timestamp":1569482489,"path_taken":["M","M","?","M","$","R","E","R","T","R","E","$","M","M","R","BOSS","M","?","?","M","?","E","R","E","T","R","M","E","$","?","R","BOSS","M","M","?","M","M","E"],"build_version":"2019-09-25","purchased_purges":2,"victory":false,"max_hp_per_floor":[55,55,55,55,55,55,55,55,55,55,55,55,55,55,55,55,55,55,55,55,55,55,55,55,55,55,55,55,62,62,62,62,62,62,62,62,62,62,62,62],"card_choices":[{"not_picked":["Halt","Scrawl"],"picked":"Sanctity","floor":1},{"not_picked":["SashWhip","FlyingSleeves"],"picked":"EmptyFist","floor":2},{"not_picked":["Indignation","CleanseEvil"],"picked":"Consecrate","floor":4},{"not_picked":["JustLucky","Omniscience"],"picked":"EmptyMind","floor":7},{"not_picked":["Unraveling+1","Consecrate"],"picked":"Sanctity+1","floor":11},{"not_picked":["Evaluate+1","CleanseEvil+1"],"picked":"Devotion","floor":13},{"not_picked":["Protect+1","EmptyBody+1"],"picked":"Vengeance+1","floor":14},{"not_picked":["Alpha+1","Omniscience"],"picked":"Nirvana","floor":16},{"not_picked":["EmptyBody+1","ThirdEye+1"],"picked":"FearNoEvil","floor":18},{"not_picked":["Halt+1","JustLucky"],"picked":"Wallop","floor":21},{"not_picked":["CarveReality+1","Omniscience"],"picked":"InnerPeace+1","floor":23},{"not_picked":["EmptyBody+1","Ragnarok"],"picked":"Halt+1","floor":25},{"not_picked":["Weave","BowlingBash"],"picked":"Sanctity+1","floor":28},{"not_picked":["Protect+1","Scrawl+1"],"picked":"Vengeance+1","floor":29},{"not_picked":["CarveReality","SashWhip"],"picked":"BowlingBash","floor":31},{"not_picked":["Prostrate+1","EmptyFist+1"],"picked":"ClearTheMind+1","floor":35},{"not_picked":["TalkToTheHand","JustLucky"],"picked":"Wireheading","floor":36},{"not_picked":["Halt+1","FlowState+1"],"picked":"Wallop","floor":38},{"not_picked":["MentalFortress","Weave","WaveOfTheHand+1"],"picked":"SKIP","floor":39}],"player_experience":1249458,"relics_obtained":[{"floor":7,"key":"InkBottle"},{"floor":9,"key":"Toxic Egg 2"},{"floor":11,"key":"Blood Vial"},{"floor":23,"key":"Whetstone"},{"floor":25,"key":"Dodecahedron"},{"floor":26,"key":"Toy Ornithopter"},{"floor":29,"key":"Strawberry"}],"event_choices":[{"damage_healed":0,"gold_gain":0,"player_choice":"Box","damage_taken":0,"relics_obtained":["War Paint"],"max_hp_gain":0,"max_hp_loss":0,"event_name":"Big Fish","floor":3,"gold_loss":0,"cards_obtained":["Regret"]},{"damage_healed":0,"gold_gain":0,"player_choice":"Simplicity","damage_taken":0,"max_hp_gain":0,"max_hp_loss":0,"event_name":"Back to Basics","floor":19,"gold_loss":0,"cards_upgraded":["Strike_P","Strike_P","Strike_P","Strike_P","Defend_P","Defend_P"]},{"damage_healed":0,"gold_gain":0,"player_choice":"Ignored","damage_taken":0,"max_hp_gain":0,"max_hp_loss":0,"event_name":"Ghosts","floor":20,"gold_loss":0},{"damage_healed":0,"gold_gain":0,"player_choice":"Copied","damage_taken":0,"max_hp_gain":0,"max_hp_loss":0,"event_name":"Duplicator","floor":22,"gold_loss":0,"cards_obtained":["Devotion"]},{"cards_removed":["Halt"],"damage_healed":0,"gold_gain":0,"player_choice":"Removed Skill","damage_taken":0,"max_hp_gain":0,"max_hp_loss":0,"event_name":"Falling","floor":37,"gold_loss":0}],"is_beta":true,"boss_relics":[{"not_picked":["Velvet Choker","Tiny House"],"picked":"HolyWater"},{"not_picked":["SlaversCollar","Busted Crown"],"picked":"VioletLotus"}],"items_purged_floors":[5,30],"is_endless":false,"potions_floor_spawned":[2,4,11,13,23,28,31,33,35,36,38,39],"killed_by":"Reptomancer","ascension_level":20}