{"gold_per_floor":[115,18,93,93,103,103,103,103,103,128,128,145,171,50,50,154,154,165,175,190,114,128,128,128,43,43,43,71,85,85,99,99,202,202,220,87,106,119,119,151,151,170,170,203,222,241,241,241,241,241],"floor_reached":51,"playtime":6053,"items_purged":["Strike_B"],"score":760,"play_id":"e6912530-da2a-43d4-8ec9-4eb6838e2927","local_time":"20191007223859","is_ascension_mode":false,"campfire_choices":[{"data":"Ball Lightning","floor":6.0,"key":"SMITH"},{"data":"Zap","floor":8.0,"key":"SMITH"},{"data":"Hologram","floor":11.0,"key":"SMITH"},{"data":"Go for the Eyes","floor":15.0,"key":"SMITH"},{"data":"Glacier","floor":23.0,"key":"SMITH"},{"data":"Skim","floor":27.0,"key":"SMITH"},{"data":"Creative AI","floor":32,"key":"SMITH"},{"data":"Seek","floor":41,"key":"SMITH"},{"data":"Loop","floor":47,"key":"SMITH"},{"floor":49,"key":"REST"}],"neow_cost":"NONE","seed_source_timestamp":0,"circlet_count":0,"master_deck":["Strike_B+1","Strike_B+1","Defend_B+1","Defend_B+1","Defend_B+1","Defend_B+1","Zap+1","Dualcast+1","Hello World+1","Ball Lightning+1","Steam+1","Gash+1","Hologram+1","Glacier+1","Skim+1","Go for the Eyes+1","Core Surge+1","Cold Snap+1","Barrage+1","Reprogram+1","Self Repair+1","Hologram+1","Creative AI+1","Glacier+1","Reboot+1","Go for the Eyes+1","All For One+1","Compile Driver+1","Gash+1","Loop+1","Seek+1","Double Energy+1","Sweeping Beam+1","Gash+1","Decay","Steam Power+1","Scrape+1"],"special_seed":0,"relics":["Philosopher\u0027s Stone","Nunchaku","Happy Flower","Whetstone","Black Star","Meat on the Bone","Pantograph","Pear","War Paint","Cursed Key","NlothsMask","The Courier","Ornamental Fan","Toxic Egg 2","Anchor","Mark of the Bloom"],"potions_floor_usage":[44,50,50],"damage_taken":[{"damage":8.0,"enemies":"Jaw Worm","floor":1.0,"turns":4.0},{"damage":4.0,"enemies":"2 Louse","floor":5.0,"turns":3.0},{"damage":22.0,"enemies":"Gremlin Nob","floor":10.0,"turns":4.0},{"damage":1.0,"enemies":"Small Slimes","floor":12.0,"turns":2.0},{"damage":8.0,"enemies":"Lagavulin","floor":13.0,"turns":5.0},{"damage":8.0,"enemies":"Hexaghost","floor":16.0,"turns":9.0},{"damage":0.0,"enemies":"Shell Parasite","floor":18.0,"turns":5.0},{"damage":13.0,"enemies":"3 Byrds","floor":19.0,"turns":6.0},{"damage":6.0,"enemies":"Snecko","floor":20.0,"turns":5.0},{"damage":9.0,"enemies":"Chosen and Byrds","floor":22.0,"turns":5.0},{"damage":24.0,"enemies":"Gremlin Leader","floor":28.0,"turns":7.0},{"damage":8.0,"enemies":"Snake Plant","floor":29.0,"turns":6.0},{"damage":8,"enemies":"3 Cultists","floor":31,"turns":6},{"damage":49,"enemies":"Automaton","floor":33,"turns":14},{"damage":2,"enemies":"3 Shapes","floor":35,"turns":3},{"damage":8,"enemies":"3 Darklings","floor":37,"turns":5},{"damage":34,"enemies":"Jaw Worm Horde","floor":38,"turns":7},{"damage":0,"enemies":"Giant Head","floor":40,"turns":7},{"damage":39,"enemies":"Sphere and 2 Shapes","floor":42,"turns":5},{"damage":41,"enemies":"Nemesis","floor":44,"turns":9},{"damage":9,"enemies":"3 Darklings","floor":45,"turns":5},{"damage":10,"enemies":"Jaw Worm Horde","floor":46,"turns":5},{"damage":28,"enemies":"Donu and Deca","floor":50,"turns":11}],"seed_played":"5497991784235395912","potions_obtained":[{"floor":1.0,"key":"FocusPotion"},{"floor":12.0,"key":"GamblersBrew"},{"floor":16.0,"key":"SpeedPotion"},{"floor":19.0,"key":"Poison Potion"},{"floor":29.0,"key":"Regen Potion"},{"floor":33,"key":"EssenceOfSteel"},{"floor":44,"key":"Regen Potion"},{"floor":45,"key":"Block Potion"}],"is_trial":false,"path_per_floor":["M","$","?","?","M","R","?","R","T","E","R","M","E","$","R","B",null,"M","M","M","$","M","R","$","?","T","R","E","M","?","M","R","B",null,"M","$","M","M","?","E","R","M","T","E","M","M","R","?","R","B",null],"character_chosen":"DEFECT","items_purchased":["Ball Lightning","Steam","Go for the Eyes","Self Repair","Gash","Loop"],"campfire_rested":1,"item_purchase_floors":[2,2,14,21,36,36],"current_hp_per_floor":[67,67,56,56,52,52,52,52,52,30,30,29,21,21,21,13,75,75,62,56,56,54,54,54,54,54,54,59,58,58,57,57,52,85,85,85,84,57,57,64,64,44,44,37,47,56,56,56,56,28],"gold":241,"neow_bonus":"BOSS_RELIC","is_prod":false,"is_daily":false,"chose_seed":false,"campfire_upgraded":9,"win_rate":0.0,"timestamp":1570459139,"path_taken":["M","$","?","?","M","R","?","R","T","E","R","M","E","$","R","BOSS","M","M","?","$","M","R","$","?","T","R","E","M","?","M","R","BOSS","M","$","M","M","?","E","R","?","T","E","M","M","R","?","R","BOSS"],"build_version":"2019-07-17","purchased_purges":1,"victory":true,"max_hp_per_floor":[75,75,75,75,75,75,75,75,75,75,75,75,75,75,75,75,75,75,75,75,75,75,75,75,75,75,75,85,85,85,85,85,85,85,85,85,85,85,85,85,85,85,85,85,85,85,85,85,85,85],"card_choices":[{"not_picked":["Redo","Coolheaded"],"picked":"Hello World","floor":1.0},{"not_picked":["Leap","White Noise"],"picked":"Gash","floor":5.0},{"not_picked":["Storm","Turbo"],"picked":"Hologram","floor":10.0},{"not_picked":["Barrage","Beam Cell"],"picked":"Glacier","floor":12.0},{"not_picked":["FTL","Skim","Compile Driver"],"picked":"SKIP","floor":13.0},{"not_picked":["FTL","Compile Driver"],"picked":"Skim","floor":13.0},{"not_picked":["Thunder Strike","Buffer"],"picked":"Core Surge","floor":16.0},{"not_picked":["Sunder","Reinforced Body"],"picked":"Cold Snap+1","floor":18.0},{"not_picked":["Fusion","Rebound"],"picked":"Barrage","floor":19.0},{"not_picked":["Rebound+1","Steam"],"picked":"Reprogram","floor":20.0},{"not_picked":["Blizzard","Beam Cell"],"picked":"Hologram+1","floor":22.0},{"not_picked":["Go for the Eyes+1","Steam"],"picked":"Creative AI","floor":28.0},{"not_picked":["Redo","Auto Shields"],"picked":"Glacier","floor":29.0},{"not_picked":["Undo","Rebound+1"],"picked":"Go for the Eyes","floor":31},{"not_picked":["Fission","Biased Cognition"],"picked":"All For One","floor":33},{"not_picked":["BootSequence+1","Heatsinks+1"],"picked":"Compile Driver+1","floor":35},{"not_picked":["Cold Snap","Conserve Battery"],"picked":"Seek","floor":37},{"not_picked":["Fusion+1","Stack"],"picked":"Double Energy+1","floor":38},{"not_picked":["Barrage","Rip and Tear+1"],"picked":"Sweeping Beam+1","floor":40},{"not_picked":["Tempest+1","Ball Lightning"],"picked":"Gash","floor":42},{"not_picked":["Conserve Battery","Recycle"],"picked":"Steam Power","floor":44},{"not_picked":["Conserve Battery+1","Beam Cell"],"picked":"Scrape+1","floor":45},{"not_picked":["Reinforced Body+1","Cold Snap+1","Scrape"],"picked":"SKIP","floor":46}],"player_experience":118987,"relics_obtained":[{"floor":9.0,"key":"Nunchaku"},{"floor":10.0,"key":"Happy Flower"},{"floor":13.0,"key":"Whetstone"},{"floor":26.0,"key":"Pantograph"},{"floor":28.0,"key":"Pear"},{"floor":28.0,"key":"War Paint"},{"floor":40,"key":"The Courier"},{"floor":40,"key":"Ornamental Fan"},{"floor":44,"key":"Toxic Egg 2"},{"floor":44,"key":"Anchor"}],"event_choices":[{"damage_healed":0.0,"max_hp_gain":0.0,"max_hp_loss":0.0,"gold_gain":75.0,"event_name":"World of Goop","player_choice":"Gather Gold","floor":3.0,"gold_loss":0.0,"damage_taken":11.0},{"damage_healed":0.0,"max_hp_gain":0.0,"max_hp_loss":0.0,"gold_gain":0.0,"event_name":"Living Wall","player_choice":"Grow","floor":4.0,"gold_loss":0.0,"damage_taken":0.0,"cards_upgraded":["Hello World"]},{"damage_healed":0.0,"max_hp_gain":0.0,"max_hp_loss":0.0,"gold_gain":0.0,"event_name":"Upgrade Shrine","player_choice":"Upgraded","floor":7.0,"gold_loss":0.0,"damage_taken":0.0,"cards_upgraded":["Steam"]},{"damage_healed":0.0,"max_hp_gain":0.0,"max_hp_loss":0.0,"gold_gain":0.0,"event_name":"Addict","player_choice":"Obtained Relic","floor":25.0,"gold_loss":85.0,"damage_taken":0.0,"relics_obtained":["Meat on the Bone"]},{"damage_healed":0,"gold_gain":0,"cards_transformed":["Strike_B"],"player_choice":"Transformed","damage_taken":0,"max_hp_gain":0,"max_hp_loss":0,"event_name":"Transmorgrifier","floor":30,"gold_loss":0,"cards_obtained":["Reboot"]},{"damage_healed":0,"gold_gain":0,"player_choice":"Trade","damage_taken":0,"relics_obtained":["NlothsMask"],"max_hp_gain":0,"max_hp_loss":0,"event_name":"FaceTrader","floor":39,"gold_loss":0},{"damage_healed":0,"gold_gain":0,"player_choice":"Upgrade","damage_taken":0,"relics_obtained":["Mark of the Bloom"],"max_hp_gain":0,"max_hp_loss":0,"event_name":"MindBloom","floor":48,"gold_loss":0,"cards_upgraded":["Defend_B","Defend_B","Defend_B","Dualcast","Gash","Core Surge","Barrage","Self Repair","Glacier","Reboot","Go for the Eyes","All For One","Gash","Gash"]}],"is_beta":false,"boss_relics":[{"not_picked":["Tiny House","Velvet Choker"],"picked":"Black Star"},{"not_picked":["Runic Dome","Runic Pyramid"],"picked":"Cursed Key"}],"items_purged_floors":[14],"is_endless":false,"potions_floor_spawned":[1,12,16,19,29,33,35,44,45,46],"ascension_level":0}