{"gold_per_floor":[113,133,208,208,220,249,261,261,261,290,290,317,317,335,335,335],"floor_reached":16,"playtime":1803,"items_purged":[],"score":187,"play_id":"5b5d0f68-e4bb-4e08-a99a-88d2afdd02ad","local_time":"20190116224351","is_ascension_mode":true,"campfire_choices":[{"floor":8,"key":"RECALL"},{"floor":11,"key":"REST"},{"floor":15,"key":"REST"}],"neow_cost":"NONE","seed_source_timestamp":379097663755849,"circlet_count":0,"master_deck":["AscendersBane","Defend_G","Defend_G","Defend_G","Defend_G","Defend_G","Strike_G","Strike_G","Strike_G","Strike_G","Strike_G","Survivor","Neutralize+1","Poisoned Stab","Adrenaline","PiercingWail","Dagger Spray","Caltrops","Backflip","Bane+1"],"relics":["Ring of the Snake","Boot","Odd Mushroom","Molten Egg 2"],"potions_floor_usage":[0,6,6,10,12,16],"damage_taken":[{"damage":0,"enemies":"2 Louse","floor":1,"turns":5},{"damage":4,"enemies":"Jaw Worm","floor":2,"turns":5},{"damage":0,"enemies":"Small Slimes","floor":5,"turns":3},{"damage":4,"enemies":"Lagavulin","floor":6,"turns":7},{"damage":0,"enemies":"Looter","floor":7,"turns":3},{"damage":5,"enemies":"The Mushroom Lair","floor":10,"turns":5},{"damage":33,"enemies":"3 Sentries","floor":12,"turns":10},{"damage":1,"enemies":"Red Slaver","floor":14,"turns":4},{"damage":43,"enemies":"Hexaghost","floor":16,"turns":11}],"seed_played":"2959355752238979255","potions_obtained":[{"floor":0,"key":"Fruit Juice"},{"floor":0,"key":"FearPotion"},{"floor":0,"key":"LiquidBronze"},{"floor":1,"key":"Dexterity Potion"},{"floor":6,"key":"Strength Potion"},{"floor":7,"key":"SpeedPotion"},{"floor":14,"key":"AttackPotion"}],"is_trial":false,"path_per_floor":["M","M","?","?","M","E","M","R","T","?","R","E","?","M","R","B"],"character_chosen":"THE_SILENT","items_purchased":[],"campfire_rested":2,"item_purchase_floors":[],"current_hp_per_floor":[64,60,49,49,49,45,45,45,45,40,61,28,16,15,36,0],"gold":335,"neow_bonus":"THREE_SMALL_POTIONS","is_prod":false,"is_daily":false,"chose_seed":false,"campfire_upgraded":0,"win_rate":0,"timestamp":1547696631,"path_taken":["M","M","?","?","M","E","M","R","T","?","R","E","?","?","R","BOSS"],"build_version":"2019-01-10","purchased_purges":0,"victory":false,"max_hp_per_floor":[71,71,71,71,71,71,71,71,71,71,71,71,71,71,71,71],"card_choices":[{"not_picked":["Predator","Distraction"],"picked":"Poisoned Stab","floor":1},{"not_picked":["Blur","Endless Agony"],"picked":"Adrenaline","floor":2},{"not_picked":["Blade Dance","Concentrate","Expertise"],"picked":"SKIP","floor":5},{"not_picked":["Night Terror","Concentrate"],"picked":"PiercingWail","floor":6},{"not_picked":["Dagger Throw","Choke"],"picked":"Dagger Spray","floor":7},{"not_picked":["Reflex","Prepared"],"picked":"Caltrops","floor":10},{"not_picked":["Calculated Gamble","Eviscerate"],"picked":"Backflip","floor":12},{"not_picked":["Poisoned Stab+1","Dagger Spray+1"],"picked":"Bane+1","floor":14}],"player_experience":2190824,"relics_obtained":[{"floor":6,"key":"Boot"},{"floor":10,"key":"Odd Mushroom"},{"floor":12,"key":"Molten Egg 2"}],"event_choices":[{"damage_healed":0,"gold_gain":75,"player_choice":"Gather Gold","damage_taken":11,"max_hp_gain":0,"max_hp_loss":0,"event_name":"World of Goop","floor":3,"gold_loss":0},{"damage_healed":0,"gold_gain":0,"player_choice":"Grow","damage_taken":0,"max_hp_gain":0,"max_hp_loss":0,"event_name":"Living Wall","floor":4,"gold_loss":0,"cards_upgraded":["Neutralize"]},{"damage_healed":0,"gold_gain":0,"player_choice":"Fought Mushrooms","damage_taken":0,"max_hp_gain":0,"max_hp_loss":0,"event_name":"Mushrooms","floor":10,"gold_loss":0},{"damage_healed":0,"gold_gain":0,"player_choice":"Fled","damage_taken":12,"max_hp_gain":0,"max_hp_loss":0,"event_name":"Scrap Ooze","floor":13,"gold_loss":0}],"is_beta":false,"boss_relics":[],"items_purged_floors":[],"is_endless":false,"potions_floor_spawned":[1,5,6,7,14],"killed_by":"Hexaghost","ascension_level":14}