{"gold_per_floor":[119,119,194,206,217,217,228,228,228,247,261,294,305,305,305,400,400,419,8,20,20,20],"floor_reached":22,"playtime":1136,"items_purged":[],"score":209,"play_id":"06d780bf-13cd-4450-976f-4f50ff8a0116","local_time":"20190829084435","is_ascension_mode":true,"campfire_choices":[{"floor":6,"key":"REST"},{"floor":8,"key":"REST"},{"floor":15,"key":"REST"}],"neow_cost":"NONE","seed_source_timestamp":47201676748442,"circlet_count":0,"master_deck":["Strike_B","Strike_B","Strike_B","Strike_B","Defend_B+1","Defend_B","Defend_B","Defend_B+1","Zap","Dualcast","Barrage","Ball Lightning","BootSequence","Stack","Steam","Leap","Sweeping Beam+1","Defragment","Echo Form","Cold Snap+1","Sweeping Beam+1","Mind Blast+1","Tempest","Stack+1"],"relics":["Cracked Core","Molten Egg 2","Ancient Tea Set","Bag of Marbles","Fusion Hammer","Matryoshka"],"potions_floor_usage":[12,12,16,16,21],"damage_taken":[{"damage":0,"enemies":"Small Slimes","floor":1,"turns":2},{"damage":0,"enemies":"2 Louse","floor":4,"turns":2},{"damage":6,"enemies":"Cultist","floor":5,"turns":3},{"damage":16,"enemies":"Exordium Thugs","floor":7,"turns":4},{"damage":10,"enemies":"Looter","floor":10,"turns":4},{"damage":4,"enemies":"Exordium Wildlife","floor":11,"turns":3},{"damage":10,"enemies":"Gremlin Nob","floor":12,"turns":4},{"damage":14,"enemies":"Gremlin Gang","floor":13,"turns":4},{"damage":38,"enemies":"Hexaghost","floor":16,"turns":12},{"damage":20,"enemies":"Chosen","floor":18,"turns":5},{"damage":53,"enemies":"2 Thieves","floor":20,"turns":4},{"damage":0,"enemies":"Sentry and Sphere","floor":21,"turns":1},{"damage":3,"enemies":"Chosen and Byrds","floor":22,"turns":4}],"seed_played":"-2507439961737514004","potions_obtained":[{"floor":0,"key":"SteroidPotion"},{"floor":0,"key":"SneckoOil"},{"floor":0,"key":"SmokeBomb"},{"floor":1,"key":"Strength Potion"},{"floor":12,"key":"Dexterity Potion"},{"floor":13,"key":"Weak Potion"}],"is_trial":false,"path_per_floor":["M","?","?","M","M","R","M","R","T","M","M","E","M","?","R","B",null,"M","$","M","M","M"],"character_chosen":"DEFECT","items_purchased":["Sweeping Beam+1","Mind Blast+1","Matryoshka","Tempest"],"campfire_rested":3,"item_purchase_floors":[19,19,19,19],"current_hp_per_floor":[75,60,49,49,43,65,49,71,71,61,57,47,33,30,52,14,75,55,55,2,2,0],"gold":20,"neow_bonus":"THREE_SMALL_POTIONS","is_prod":false,"is_daily":false,"chose_seed":false,"campfire_upgraded":0,"win_rate":0,"timestamp":1567079075,"path_taken":["M","?","?","M","M","R","M","R","T","M","M","E","M","?","R","BOSS","M","$","M","M","M"],"build_version":"2019-07-17","purchased_purges":0,"victory":false,"max_hp_per_floor":[75,75,75,75,75,75,75,75,75,75,75,75,75,75,75,75,75,75,75,75,75,75],"card_choices":[{"not_picked":["Auto Shields","Recycle"],"picked":"Barrage","floor":1},{"not_picked":["Conserve Battery","FTL"],"picked":"Ball Lightning","floor":4},{"not_picked":["Steam","Sweeping Beam"],"picked":"BootSequence","floor":5},{"not_picked":["Blizzard","Sweeping Beam"],"picked":"Stack","floor":7},{"not_picked":["Turbo","Darkness"],"picked":"Steam","floor":10},{"not_picked":["Steam","Hologram"],"picked":"Leap","floor":11},{"not_picked":["Rip and Tear+1","Stack"],"picked":"Sweeping Beam+1","floor":12},{"not_picked":["Coolheaded","Sweeping Beam+1"],"picked":"Defragment","floor":13},{"not_picked":["Thunder Strike+1","Buffer"],"picked":"Echo Form","floor":16},{"not_picked":["Go for the Eyes+1","Steam"],"picked":"Cold Snap+1","floor":18},{"not_picked":["Lockon+1","Rip and Tear+1"],"picked":"Stack+1","floor":20}],"player_experience":355420,"relics_obtained":[{"floor":9,"key":"Molten Egg 2"},{"floor":12,"key":"Ancient Tea Set"}],"event_choices":[{"damage_healed":0,"gold_gain":0,"player_choice":"Entered Light","damage_taken":15,"max_hp_gain":0,"max_hp_loss":0,"event_name":"Shining Light","floor":2,"gold_loss":0,"cards_upgraded":["Defend_B","Defend_B"]},{"damage_healed":0,"gold_gain":75,"player_choice":"Gather Gold","damage_taken":11,"max_hp_gain":0,"max_hp_loss":0,"event_name":"World of Goop","floor":3,"gold_loss":0},{"damage_healed":0,"gold_gain":0,"player_choice":"Success","damage_taken":3,"relics_obtained":["Bag of Marbles"],"max_hp_gain":0,"max_hp_loss":0,"event_name":"Scrap Ooze","floor":14,"gold_loss":0}],"is_beta":false,"boss_relics":[{"not_picked":["White Beast Statue","Busted Crown"],"picked":"Fusion Hammer"}],"items_purged_floors":[],"is_endless":false,"potions_floor_spawned":[1,7,12,13,21],"killed_by":"Chosen and Byrds","ascension_level":2}