{"gold_per_floor":[114,126,204,204,216,216,249,306,306,306,481,481,501,516,516,516],"floor_reached":16,"playtime":920,"items_purged":[],"score":102,"play_id":"b2b7b2c3-8f69-470e-b1f4-da76f8fe14c4","local_time":"20190911190712","is_ascension_mode":false,"campfire_choices":[{"data":"Seeing Red","floor":6,"key":"SMITH"},{"floor":12,"key":"REST"},{"floor":15,"key":"REST"}],"neow_cost":"NONE","seed_source_timestamp":301739569300,"circlet_count":0,"master_deck":["Strike_R","Strike_R","Strike_R","Strike_R","Strike_R","Defend_R","Defend_R","Defend_R","Defend_R","Bash","Iron Wave","Headbutt","Purity","Seeing Red+1","Searing Blow","Clash","Doubt","Pommel Strike","Armaments"],"relics":["Burning Blood","Bottled Flame","Champion Belt","Ornamental Fan","Bird Faced Urn"],"potions_floor_usage":[7,8,8,10],"damage_taken":[{"damage":1,"enemies":"Cultist","floor":1,"turns":4},{"damage":0,"enemies":"2 Louse","floor":2,"turns":3},{"damage":0,"enemies":"Small Slimes","floor":5,"turns":3},{"damage":41,"enemies":"Lagavulin","floor":7,"turns":8},{"damage":47,"enemies":"3 Sentries","floor":8,"turns":10},{"damage":0,"enemies":"3 Louse","floor":10,"turns":1},{"damage":2,"enemies":"Looter","floor":13,"turns":3},{"damage":13,"enemies":"2 Fungi Beasts","floor":14,"turns":3},{"damage":67,"enemies":"Slime Boss","floor":16,"turns":11}],"seed_played":"137316182923071469","potions_obtained":[{"floor":0,"key":"Dexterity Potion"},{"floor":0,"key":"Regen Potion"},{"floor":0,"key":"Strength Potion"},{"floor":8,"key":"SmokeBomb"},{"floor":13,"key":"LiquidBronze"}],"is_trial":false,"path_per_floor":["M","M","T","?","M","R","E","?","T","M","?","R","M","M","R","B"],"character_chosen":"IRONCLAD","items_purchased":[],"campfire_rested":2,"item_purchase_floors":[],"current_hp_per_floor":[80,80,80,80,80,80,45,13,13,19,19,43,47,40,64,0],"gold":516,"neow_bonus":"THREE_SMALL_POTIONS","is_prod":false,"is_daily":false,"chose_seed":false,"campfire_upgraded":1,"win_rate":0.0,"timestamp":1568221632,"path_taken":["M","M","?","?","?","R","E","?","T","M","?","R","M","M","R","BOSS"],"build_version":"2019-07-17","purchased_purges":0,"victory":false,"max_hp_per_floor":[80,80,80,80,80,80,80,80,80,80,80,80,80,80,80,80],"card_choices":[{"not_picked":["Armaments","Pummel"],"picked":"Iron Wave","floor":1},{"not_picked":["Flame Barrier","Warcry"],"picked":"Headbutt","floor":2},{"not_picked":["Headbutt","Body Slam"],"picked":"Seeing Red","floor":5},{"not_picked":["Perfected Strike","Dual Wield"],"picked":"Searing Blow","floor":7},{"not_picked":["Iron Wave","Body Slam"],"picked":"Clash","floor":8},{"not_picked":["Infernal Blade","Headbutt"],"picked":"Pommel Strike","floor":13},{"not_picked":["Ghostly Armor","Clothesline"],"picked":"Armaments","floor":14}],"player_experience":15597,"relics_obtained":[{"floor":3,"key":"Bottled Flame"},{"floor":7,"key":"Champion Belt"},{"floor":8,"key":"Ornamental Fan"},{"floor":9,"key":"Bird Faced Urn"}],"event_choices":[{"damage_healed":0,"gold_gain":0,"player_choice":"1 cards matched","damage_taken":0,"max_hp_gain":0,"max_hp_loss":0,"event_name":"Match and Keep!","floor":4,"gold_loss":0,"cards_obtained":["Purity"]},{"damage_healed":0,"gold_gain":0,"player_choice":"Searched \u00271\u0027 times","damage_taken":0,"max_hp_gain":0,"max_hp_loss":0,"event_name":"Dead Adventurer","floor":8,"gold_loss":0},{"damage_healed":0,"gold_gain":175,"player_choice":"AGREE","damage_taken":0,"max_hp_gain":0,"max_hp_loss":0,"event_name":"Liars Game","floor":11,"gold_loss":0,"cards_obtained":["Doubt"]}],"is_beta":false,"boss_relics":[],"items_purged_floors":[],"is_endless":false,"potions_floor_spawned":[8,10,13],"killed_by":"Slime Boss","ascension_level":0}