{"gold_per_floor":[213,122,0,0,0,0,15,39,65,65,83,119,119,171,171,296,296,311,326,326,339,354,354,354,370,370,370,101,101,115,140,140,259,259,278,297,355,371,371,371,371,53,53,53,53,53,66,85,85,85],"floor_reached":50,"playtime":4768,"items_purged":["Strike_B"],"score":688,"play_id":"9c809039-4754-447a-9884-e1a33de1230d","local_time":"20181011223825","is_ascension_mode":true,"campfire_choices":[{"floor":6,"key":"REST"},{"data":"Zap","floor":10,"key":"SMITH"},{"floor":13,"key":"REST"},{"data":"Streamline","floor":15,"key":"SMITH"},{"floor":23,"key":"REST"},{"data":"Hyperbeam","floor":27,"key":"SMITH"},{"data":"Streamline","floor":29,"key":"SMITH"},{"data":"Go for the Eyes","floor":32,"key":"SMITH"},{"floor":40,"key":"REST"},{"floor":45,"key":"REST"},{"floor":49,"key":"REST"}],"neow_cost":"NONE","seed_source_timestamp":37881396028115,"circlet_count":0,"master_deck":["Strike_B","Defend_B","Defend_B","Defend_B","Zap+1","Dualcast","AscendersBane","Streamline+1","Go for the Eyes+1","Streamline+1","Scrape","Gash","Reboot","Hyperbeam+1","Go for the Eyes","Chill","Necronomicurse","Rebound+1","Stack+1","Gash","Decay","Fission","Master of Strategy","Gash","Hyperbeam","Compile Driver+1","FTL+1","Echo Form+1","Sunder","Compile Driver+1","Auto Shields","Sunder","Hologram","Normality","Flash of Steel","Leap+1","Auto Shields+1"],"relics":["Cracked Core","Sundial","Golden Idol","Vajra","Oddly Smooth Stone","Bronze Scales","Cursed Key","Necronomicon","Mercury Hourglass","Astrolabe","Thread and Needle","WingedGreaves","Turnip","Unceasing Top"],"potions_floor_usage":[16,16,22,33,33,33,35,38,50,50,50],"damage_taken":[{"damage":1,"enemies":"Small Slimes","floor":1,"turns":3},{"damage":1,"enemies":"Cultist","floor":7,"turns":3},{"damage":0,"enemies":"2 Louse","floor":8,"turns":2},{"damage":18,"enemies":"Large Slime","floor":11,"turns":4},{"damage":20,"enemies":"3 Sentries","floor":12,"turns":6},{"damage":12,"enemies":"Slime Boss","floor":16,"turns":6},{"damage":5,"enemies":"Spheric Guardian","floor":18,"turns":3},{"damage":2,"enemies":"Chosen","floor":19,"turns":3},{"damage":2,"enemies":"Centurion and Healer","floor":21,"turns":2},{"damage":2,"enemies":"Shelled Parasite and Fungi","floor":22,"turns":2},{"damage":0,"enemies":"Sentry and Sphere","floor":25,"turns":3},{"damage":3,"enemies":"Centurion and Healer","floor":30,"turns":2},{"damage":6,"enemies":"Cultist and Chosen","floor":31,"turns":2},{"damage":80,"enemies":"Collector","floor":33,"turns":8},{"damage":5,"enemies":"Orb Walker","floor":35,"turns":3},{"damage":0,"enemies":"3 Shapes","floor":36,"turns":1},{"damage":36,"enemies":"Mysterious Sphere","floor":37,"turns":3},{"damage":0,"enemies":"Spire Growth","floor":38,"turns":3},{"damage":10,"enemies":"Mind Bloom Boss Battle","floor":41,"turns":5},{"damage":10,"enemies":"Maw","floor":47,"turns":6},{"damage":0,"enemies":"Reptomancer","floor":48,"turns":2},{"damage":72,"enemies":"Awakened One","floor":50,"turns":11}],"seed_played":"3526699064592878644","potions_obtained":[{"floor":11,"key":"Energy Potion"},{"floor":12,"key":"AttackPotion"},{"floor":16,"key":"PowerPotion"},{"floor":19,"key":"Regen Potion"},{"floor":22,"key":"SpeedPotion"},{"floor":30,"key":"Regen Potion"},{"floor":33,"key":"Swift Potion"},{"floor":35,"key":"Poison Potion"},{"floor":37,"key":"Block Potion"},{"floor":38,"key":"Dexterity Potion"},{"floor":48,"key":"AttackPotion"}],"is_trial":false,"path_per_floor":["M","?","$","?","?","R","M","M","T","R","M","E","R","T","R","B",null,"M","M","?","M","M","R","$","M","T","R","$","R","M","M","R","B",null,"M","M","?","M","?","R","?","$","T","$","R","?","M","M","R"],"character_chosen":"DEFECT","items_purchased":["Go for the Eyes","Fission","Master of Strategy","Turnip","Hologram"],"campfire_rested":6,"item_purchase_floors":[3,28,28,42,42],"current_hp_per_floor":[67,67,67,49,49,71,70,70,70,70,52,32,54,54,54,42,67,62,60,44,42,40,62,62,62,62,62,62,62,59,53,53,18,61,56,56,20,20,20,42,32,32,32,32,54,54,44,44,66,0],"gold":85,"neow_bonus":"HUNDRED_GOLD","is_prod":false,"is_daily":false,"chose_seed":false,"campfire_upgraded":5,"win_rate":0,"timestamp":1539311905,"path_taken":["M","?","$","?","?","R","M","?","T","R","M","E","R","?","R","BOSS","M","?","?","M","M","R","$","M","T","R","$","R","M","M","R","BOSS","M","M","?","M","?","R","?","$","T","$","R","?","?","?","R","BOSS"],"build_version":"2018-10-04v2","purchased_purges":1,"victory":false,"max_hp_per_floor":[75,75,75,75,75,75,75,75,75,75,75,75,75,75,75,75,75,75,75,75,75,75,75,75,75,75,75,75,75,75,75,75,75,75,75,75,75,75,75,75,75,75,75,75,75,75,75,75,75,75],"card_choices":[{"not_picked":["Turbo","Force Field"],"picked":"Streamline","floor":1},{"not_picked":["Barrage","Chill"],"picked":"Streamline","floor":7},{"not_picked":["Turbo","Undo"],"picked":"Scrape","floor":8},{"not_picked":["BootSequence","Cold Snap"],"picked":"Gash","floor":11},{"not_picked":["Beam Cell","Ball Lightning"],"picked":"Reboot","floor":12},{"not_picked":["Machine Learning","Meteor Strike"],"picked":"Hyperbeam","floor":16},{"not_picked":["Streamline","Redo"],"picked":"Go for the Eyes","floor":18},{"not_picked":["Force Field+1","BootSequence"],"picked":"Chill","floor":19},{"not_picked":["Storm","Leap+1"],"picked":"Rebound+1","floor":21},{"not_picked":["Rainbow","Streamline"],"picked":"Stack+1","floor":22},{"not_picked":["Reinforced Body","Stack"],"picked":"Gash","floor":25},{"not_picked":["Barrage+1","Cold Snap+1","Amplify"],"picked":"SKIP","floor":30},{"not_picked":["White Noise","Go for the Eyes"],"picked":"Gash","floor":31},{"not_picked":["Reboot","Meteor Strike"],"picked":"Hyperbeam","floor":33},{"not_picked":["Gash","Cold Snap+1"],"picked":"Sunder","floor":35},{"not_picked":["Undo+1","Streamline"],"picked":"Compile Driver+1","floor":36},{"not_picked":["Coolheaded","Static Discharge"],"picked":"Auto Shields","floor":37},{"not_picked":["Redo+1","Sweeping Beam"],"picked":"Sunder","floor":38},{"not_picked":["Blind","Good Instincts"],"picked":"Flash of Steel","floor":46},{"not_picked":["Barrage","Defragment"],"picked":"Leap+1","floor":47},{"not_picked":["Loop","Turbo"],"picked":"Auto Shields+1","floor":48}],"player_experience":1844905,"relics_obtained":[{"floor":9,"key":"Vajra"},{"floor":12,"key":"Oddly Smooth Stone"},{"floor":14,"key":"Bronze Scales"},{"floor":20,"key":"Necronomicon"},{"floor":26,"key":"Mercury Hourglass"},{"floor":37,"key":"Thread and Needle"},{"floor":41,"key":"WingedGreaves"},{"floor":43,"key":"Unceasing Top"}],"event_choices":[{"event_name":"WeMeetAgain","player_choice":"Gold","floor":2,"damage_taken":0},{"event_name":"Golden Idol","player_choice":"Take Damage","floor":4,"damage_taken":0},{"event_name":"Liars Game","player_choice":"disagreed","floor":5,"damage_taken":0},{"event_name":"Cursed Tome","player_choice":"Obtained Book","floor":20,"damage_taken":0},{"event_name":"Mysterious Sphere","player_choice":"Fight","floor":37,"damage_taken":0},{"event_name":"Tomb of Lord Red Mask","player_choice":"Ignored","floor":39,"damage_taken":0},{"event_name":"MindBloom","player_choice":"Fight","floor":41,"damage_taken":0},{"event_name":"SensoryStone","player_choice":"Memory 1","floor":46,"damage_taken":0}],"is_beta":false,"boss_relics":[{"not_picked":["Fusion Hammer","Inserter"],"picked":"Cursed Key"},{"not_picked":["Calling Bell","Tiny House"],"picked":"Astrolabe"}],"items_purged_floors":[3],"is_endless":false,"potions_floor_spawned":[11,12,16,19,22,30,33,35,37,38,48],"killed_by":"Awakened One","ascension_level":10}