{"gold_per_floor":[109,128,142,107,107,107,107,134,134,134],"floor_reached":10,"playtime":323,"items_purged":[],"score":73,"play_id":"1188a07c-8cc8-4526-b9ae-3b4ed1b0c8c7","local_time":"20191028123115","is_ascension_mode":true,"campfire_choices":[{"floor":6,"key":"RECALL"}],"neow_cost":"NONE","seed_source_timestamp":613968955367806,"circlet_count":0,"master_deck":["Strike_G","Strike_G","Strike_G","Strike_G","Strike_G","Defend_G","Defend_G","Defend_G","Defend_G","Defend_G","Survivor","Neutralize","Bane","PiercingWail","Dagger Spray","Regret","Blade Dance"],"relics":["Ring of the Snake","Regal Pillow","Question Card","InkBottle","Mummified Hand"],"potions_floor_usage":[],"damage_taken":[{"damage":0,"enemies":"2 Louse","floor":1,"turns":2},{"damage":5,"enemies":"Jaw Worm","floor":2,"turns":4},{"damage":4,"enemies":"Small Slimes","floor":3,"turns":5},{"damage":64,"enemies":"Gremlin Nob","floor":8,"turns":8},{"damage":18,"enemies":"2 Fungi Beasts","floor":10,"turns":3}],"seed_played":"8628116860501341111","potions_obtained":[],"is_trial":false,"path_per_floor":["M","M","M","?","T","R","?","E","T","M"],"character_chosen":"THE_SILENT","items_purchased":[],"campfire_rested":0,"item_purchase_floors":[],"current_hp_per_floor":[70,65,61,70,70,70,70,6,6,0],"gold":134,"neow_bonus":"RANDOM_COMMON_RELIC","is_prod":false,"is_daily":false,"chose_seed":false,"campfire_upgraded":0,"win_rate":0,"timestamp":1572276675,"path_taken":["M","M","M","?","?","R","?","E","T","M"],"build_version":"2019-10-25-V3","purchased_purges":0,"victory":false,"max_hp_per_floor":[70,70,70,70,70,70,70,70,70,70],"card_choices":[{"not_picked":["Backflip","Acrobatics"],"picked":"Bane","floor":1},{"not_picked":["Skewer","Prepared"],"picked":"PiercingWail","floor":2},{"not_picked":["PiercingWail","Slice"],"picked":"Dagger Spray","floor":3},{"not_picked":["Footwork","Distraction","Accuracy"],"picked":"Blade Dance","floor":8}],"player_experience":489183,"relics_obtained":[{"floor":8,"key":"InkBottle"},{"floor":9,"key":"Mummified Hand"}],"event_choices":[{"damage_healed":17,"gold_gain":0,"player_choice":"Healed","damage_taken":0,"max_hp_gain":0,"max_hp_loss":0,"event_name":"The Cleric","floor":4,"gold_loss":35},{"damage_healed":0,"gold_gain":0,"player_choice":"Box","damage_taken":0,"relics_obtained":["Question Card"],"max_hp_gain":0,"max_hp_loss":0,"event_name":"Big Fish","floor":7,"gold_loss":0,"cards_obtained":["Regret"]}],"is_beta":true,"boss_relics":[],"items_purged_floors":[],"is_endless":false,"potions_floor_spawned":[],"killed_by":"2 Fungi Beasts","ascension_level":2}