{"gold_per_floor":[119,135,146,70,87,87,117,137,213,231,28,47,47,47,47,47],"floor_reached":16,"playtime":1199,"items_purged":["Strike_R"],"score":208,"play_id":"242dd4e8-d501-45f4-bb20-6694324e6063","local_time":"20190903231314","is_ascension_mode":true,"campfire_choices":[{"data":"True Grit","floor":6.0,"key":"SMITH"},{"floor":13,"key":"REST"},{"data":"Uppercut","floor":15,"key":"SMITH"}],"neow_cost":"PERCENT_DAMAGE","seed_source_timestamp":977654952231786,"circlet_count":0,"master_deck":["AscendersBane","Strike_R","Strike_R","Strike_R","Defend_R","Defend_R","Defend_R","Defend_R","Bash","True Grit+1","Ghostly Armor","Cleave","Uppercut+1","Iron Wave","Wild Strike","Battle Trance","Dropkick","Thunderclap","Dropkick"],"special_seed":0,"relics":["Burning Blood","Ancient Tea Set","Pantograph"],"potions_floor_usage":[12],"damage_taken":[{"damage":12.0,"enemies":"Cultist","floor":1.0,"turns":4.0},{"damage":9.0,"enemies":"Small Slimes","floor":2.0,"turns":5.0},{"damage":8.0,"enemies":"2 Louse","floor":3.0,"turns":3.0},{"damage":12.0,"enemies":"Exordium Wildlife","floor":5.0,"turns":5.0},{"damage":31.0,"enemies":"3 Sentries","floor":7.0,"turns":10.0},{"damage":36.0,"enemies":"Gremlin Gang","floor":8.0,"turns":5.0},{"damage":6,"enemies":"Lots of Slimes","floor":10,"turns":4},{"damage":6,"enemies":"Red Slaver","floor":12,"turns":4},{"damage":63,"enemies":"Hexaghost","floor":16,"turns":11}],"seed_played":"6664384054856675239","potions_obtained":[{"floor":2.0,"key":"SteroidPotion"},{"floor":5.0,"key":"Regen Potion"},{"floor":10,"key":"Dexterity Potion"},{"floor":12,"key":"Energy Potion"}],"is_trial":false,"path_per_floor":["M","M","M","$","M","R","E","M","T","M","$","M","R","?","R","B"],"character_chosen":"IRONCLAD","items_purchased":["Uppercut","Thunderclap","Dropkick"],"campfire_rested":1,"item_purchase_floors":[4,11,11],"current_hp_per_floor":[58,55,53,53,47,47,37,7,7,7,7,7,33,33,33,0],"gold":47,"neow_bonus":"TWENTY_PERCENT_HP_BONUS","is_prod":false,"is_daily":false,"chose_seed":false,"campfire_upgraded":2,"win_rate":0,"timestamp":1567566794,"path_taken":["M","M","M","$","M","R","E","M","T","M","?","M","R","?","R","BOSS"],"build_version":"2019-01-23","purchased_purges":1,"victory":false,"max_hp_per_floor":[89,89,89,89,89,89,89,89,89,89,89,89,89,89,89,89],"card_choices":[{"not_picked":["Sentinel","Iron Wave"],"picked":"True Grit","floor":1.0},{"not_picked":["Reckless Charge","Armaments"],"picked":"Ghostly Armor","floor":2.0},{"not_picked":["Hemokinesis","Rupture"],"picked":"Cleave","floor":3.0},{"not_picked":["Exhume","Entrench"],"picked":"Iron Wave","floor":5.0},{"not_picked":["Anger","Rage"],"picked":"Wild Strike","floor":7.0},{"not_picked":["Sword Boomerang","Dual Wield"],"picked":"Battle Trance","floor":8.0},{"not_picked":["Searing Blow","Blood for Blood"],"picked":"Dropkick","floor":10},{"not_picked":["Anger","Pummel","Armaments"],"picked":"SKIP","floor":12}],"player_experience":2899636,"relics_obtained":[{"floor":7.0,"key":"Ancient Tea Set"},{"floor":9.0,"key":"Pantograph"}],"event_choices":[{"cards_removed":["Strike_R"],"damage_healed":0,"gold_gain":0,"player_choice":"Forget","damage_taken":0,"max_hp_gain":0,"max_hp_loss":0,"event_name":"Living Wall","floor":14,"gold_loss":0}],"is_beta":false,"boss_relics":[],"items_purged_floors":[11],"is_endless":false,"potions_floor_spawned":[2,5,10,12],"killed_by":"Hexaghost","ascension_level":20}