{"gold_per_floor":[364,383,394,5,16,16,50,68,93,93,113,113,124,94,94,170,170,186,261,280,298,49,49,65,80,107,107,137,147,178,178,178,252,252,266,286,117,117,135,162,162],"floor_reached":41,"playtime":3753,"items_purged":["Strike_B","Strike_B","Strike_B"],"score":921,"play_id":"ef54a396-8023-4ca5-8bf5-c4d20f6b5d5d","local_time":"20190219233425","is_ascension_mode":true,"campfire_choices":[{"data":"Hologram","floor":6.0,"key":"SMITH"},{"data":"Hologram","floor":10.0,"key":"SMITH"},{"data":"Streamline","floor":12.0,"key":"SMITH"},{"floor":15.0,"key":"REST"},{"floor":23.0,"key":"REST"},{"floor":27.0,"key":"RECALL"},{"floor":32.0,"key":"REST"}],"neow_cost":"TEN_PERCENT_HP_LOSS","seed_source_timestamp":815270258236865,"circlet_count":0,"master_deck":["AscendersBane","Defend_B","Defend_B","Defend_B","Defend_B","Zap","Dualcast","Beam Cell","Conserve Battery","Hologram+1","Streamline+1","Sunder","Hologram+1","Echo Form","Beam Cell","BootSequence","Reinforced Body","All For One","Ball Lightning","Turbo","Self Repair+1","Sweeping Beam","Core Surge","Chill","Leap+1","All For One","Core Surge","Finesse","Steam","Sunder+1","Meteor Strike"],"special_seed":0,"relics":["Cracked Core","Incense Burner","Kunai","Strawberry","Fusion Hammer","Regal Pillow","Smiling Mask","DataDisk","Blood Vial","Inserter","Bronze Scales"],"potions_floor_usage":[],"damage_taken":[{"damage":0.0,"enemies":"2 Louse","floor":1.0,"turns":2.0},{"damage":0.0,"enemies":"Cultist","floor":2.0,"turns":3.0},{"damage":3.0,"enemies":"Small Slimes","floor":3.0,"turns":3.0},{"damage":2.0,"enemies":"Red Slaver","floor":5.0,"turns":3.0},{"damage":12.0,"enemies":"Gremlin Nob","floor":7.0,"turns":4.0},{"damage":10.0,"enemies":"Lots of Slimes","floor":8.0,"turns":2.0},{"damage":14.0,"enemies":"Exordium Thugs","floor":11.0,"turns":5.0},{"damage":13.0,"enemies":"Red Slaver","floor":13.0,"turns":3.0},{"damage":0.0,"enemies":"Looter","floor":14.0,"turns":4.0},{"damage":0.0,"enemies":"Slime Boss","floor":16.0,"turns":6.0},{"damage":0.0,"enemies":"Chosen","floor":18.0,"turns":3.0},{"damage":4.0,"enemies":"Shell Parasite","floor":20.0,"turns":4.0},{"damage":10.0,"enemies":"Shelled Parasite and Fungi","floor":21.0,"turns":3.0},{"damage":13.0,"enemies":"Centurion and Healer","floor":24.0,"turns":4.0},{"damage":0.0,"enemies":"Cultist and Chosen","floor":25.0,"turns":4.0},{"damage":34.0,"enemies":"Slavers","floor":28.0,"turns":4.0},{"damage":17.0,"enemies":"Snake Plant","floor":29.0,"turns":5.0},{"damage":17.0,"enemies":"Book of Stabbing","floor":30.0,"turns":5.0},{"damage":23.0,"enemies":"Collector","floor":33.0,"turns":8.0},{"damage":12.0,"enemies":"Orb Walker","floor":35.0,"turns":4.0},{"damage":0.0,"enemies":"3 Shapes","floor":36.0,"turns":5.0},{"damage":22.0,"enemies":"3 Darklings","floor":39.0,"turns":9.0},{"damage":52.0,"enemies":"Reptomancer","floor":40.0,"turns":6.0},{"damage":22,"enemies":"Spire Growth","floor":41,"turns":3}],"seed_played":"-992056814993032272","potions_obtained":[{"floor":3.0,"key":"AttackPotion"},{"floor":5.0,"key":"Explosive Potion"},{"floor":7.0,"key":"FearPotion"},{"floor":16.0,"key":"Explosive Potion"},{"floor":21.0,"key":"EssenceOfSteel"},{"floor":24.0,"key":"GamblersBrew"},{"floor":29.0,"key":"Ancient Potion"},{"floor":30.0,"key":"EntropicBrew"},{"floor":31.0,"key":"Fruit Juice"},{"floor":31.0,"key":"SteroidPotion"},{"floor":39.0,"key":"SpeedPotion"}],"is_trial":false,"path_per_floor":["M","M","M","$","M","R","E","M","T","R","M","R","M","M","R","B",null,"M","?","M","M","$","R","M","M","T","R","E","M","E","?","R","B",null,"M","M","$","?","M","E","M"],"character_chosen":"DEFECT","items_purchased":["Incense Burner","Streamline","Regal Pillow","Finesse","Steam"],"campfire_rested":3,"item_purchase_floors":[4,4,22,37,37],"current_hp_per_floor":[64,64,61,61,59,59,47,37,44,44,30,30,17,17,38,38,63,63,56,52,42,42,71,68,68,68,68,34,27,20,25,62,51,70,60,62,62,62,52,12,0],"gold":162,"neow_bonus":"TWO_FIFTY_GOLD","is_prod":false,"is_daily":false,"chose_seed":false,"campfire_upgraded":3,"win_rate":0,"timestamp":1550637265,"path_taken":["M","M","M","$","M","R","E","M","T","R","M","R","M","M","R","BOSS","M","?","M","M","$","R","M","M","T","R","E","?","E","?","R","BOSS","M","M","$","?","?","E","M"],"build_version":"2019-01-23","purchased_purges":3,"victory":false,"max_hp_per_floor":[64,64,64,64,64,64,64,64,71,71,71,71,71,71,71,71,71,71,71,71,71,71,71,71,71,71,71,71,71,71,76,76,76,76,76,76,76,76,76,76,76],"card_choices":[{"not_picked":["Lockon","Consume"],"picked":"Beam Cell","floor":1.0},{"not_picked":["Rebound","Stack"],"picked":"Conserve Battery","floor":2.0},{"not_picked":["BootSequence","Compile Driver"],"picked":"Hologram","floor":3.0},{"not_picked":["Streamline","Storm"],"picked":"Sunder","floor":5.0},{"not_picked":["Rip and Tear","Fusion"],"picked":"Hologram","floor":7.0},{"not_picked":["Hologram","Coolheaded"],"picked":"Echo Form","floor":8.0},{"not_picked":["Stack","Chaos"],"picked":"Beam Cell","floor":11.0},{"not_picked":["Compile Driver","Redo"],"picked":"BootSequence","floor":13.0},{"not_picked":["Leap","Darkness"],"picked":"Reinforced Body","floor":14.0},{"not_picked":["Electrodynamics","Creative AI"],"picked":"All For One","floor":16.0},{"not_picked":["Redo","Barrage"],"picked":"Ball Lightning","floor":18.0},{"not_picked":["Doom and Gloom","Heatsinks"],"picked":"Turbo","floor":20.0},{"not_picked":["Compile Driver","Turbo"],"picked":"Self Repair+1","floor":21.0},{"not_picked":["Capacitor","Barrage"],"picked":"Sweeping Beam","floor":24.0},{"not_picked":["Reinforced Body","Hologram"],"picked":"Core Surge","floor":25.0},{"not_picked":["Conserve Battery+1","Go for the Eyes"],"picked":"Chill","floor":28.0},{"not_picked":["Beam Cell","Sweeping Beam"],"picked":"Leap+1","floor":29.0},{"not_picked":["Turbo","Coolheaded+1"],"picked":"All For One","floor":30.0},{"not_picked":["Rainbow","Thunder Strike"],"picked":"Core Surge","floor":33.0},{"not_picked":["White Noise","Streamline","Barrage"],"picked":"SKIP","floor":35.0},{"not_picked":["Redo","Hello World+1","Darkness"],"picked":"SKIP","floor":36.0},{"not_picked":["Coolheaded","Cold Snap"],"picked":"Sunder+1","floor":39.0},{"not_picked":["Conserve Battery","Stack+1"],"picked":"Meteor Strike","floor":40.0}],"player_experience":2300207,"relics_obtained":[{"floor":7.0,"key":"Kunai"},{"floor":9.0,"key":"Strawberry"},{"floor":26.0,"key":"Smiling Mask"},{"floor":28.0,"key":"DataDisk"},{"floor":30.0,"key":"Blood Vial"},{"floor":40.0,"key":"Bronze Scales"}],"event_choices":[{"damage_healed":0.0,"max_hp_gain":0.0,"max_hp_loss":0.0,"gold_gain":75.0,"event_name":"FaceTrader","player_choice":"Touch","floor":19.0,"gold_loss":0.0,"damage_taken":7.0},{"damage_healed":0.0,"max_hp_gain":0.0,"max_hp_loss":0.0,"gold_gain":0.0,"event_name":"Lab","player_choice":"Got Potions","floor":31.0,"gold_loss":0.0,"damage_taken":0.0},{"cards_removed":["Strike_B"],"damage_healed":0.0,"max_hp_gain":0.0,"max_hp_loss":0.0,"gold_gain":0.0,"event_name":"Bonfire Elementals","player_choice":"Offered Basic","floor":38.0,"gold_loss":0.0,"damage_taken":0.0}],"is_beta":false,"boss_relics":[{"not_picked":["Coffee Dripper","Eternal Feather"],"picked":"Fusion Hammer"},{"not_picked":["Philosopher\u0027s Stone","Lizard Tail"],"picked":"Inserter"}],"items_purged_floors":[4,22,37],"is_endless":false,"potions_floor_spawned":[3,5,7,16,21,24,29,30,39],"killed_by":"Spire Growth","ascension_level":14}