{"gold_per_floor":[125,156,179,204,166,205,242,254,290,312,324,363,375,397,409,523,535,559,571,602,614,358,358,372,372,372,372,402,418,443,443,443,538,538,556,82,105,119,133,133,133,133,133,147,147,159,159,8,8,8,8,8,8,40,40],"floor_reached":55,"playtime":5381,"items_purged":["Strike_G","Defend_G"],"score":700,"play_id":"5cb63a2c-face-4ccc-95cf-60a6e06d4d80","local_time":"20181226041255","is_ascension_mode":false,"campfire_choices":[{"data":"Neutralize","floor":8,"key":"SMITH"},{"floor":11,"key":"REST"},{"data":"Bouncing Flask","floor":13,"key":"SMITH"},{"data":"Catalyst","floor":15,"key":"SMITH"},{"floor":23,"key":"REST"},{"floor":25,"key":"RECALL"},{"data":"Deadly Poison","floor":27,"key":"SMITH"},{"data":"Malaise","floor":32,"key":"SMITH"},{"floor":40,"key":"REST"},{"data":"Envenom","floor":42,"key":"SMITH"},{"floor":45,"key":"REST"},{"floor":49,"key":"REST"},{"floor":52,"key":"REST"}],"neow_cost":"NONE","seed_source_timestamp":1166307084305095,"circlet_count":0,"master_deck":["Defend_G+1","Defend_G+1","Defend_G+1","Strike_G+1","Survivor+1","Neutralize+1","Slice+1","Bouncing Flask+1","PiercingWail+1","Quick Slash+1","Deadly Poison+1","Terror+1","Catalyst+1","Slice+1","After Image+1","Phantasmal Killer+1","Slice+1","Skewer+1","RitualDagger+1","Slice+1","Deflect+1","Deadly Poison+1","Dagger Spray+1","Malaise+1","Envenom+1","Blade Dance+1","Deflect+1","Slice+1","Madness+1","Madness+1","Catalyst+1","Backflip+1","Adrenaline"],"relics":["Ring of the Snake","MawBank","Lantern","Strawberry","Bronze Scales","Astrolabe","Whetstone","PreservedInsect","Tiny Chest","Blood Vial","Ornamental Fan","Cursed Key","Omamori","Chemical X","Potion Belt","Meat on the Bone","Mark of the Bloom","Happy Flower","Bag of Preparation"],"potions_floor_usage":[4,6,12,14,30,35,39,50,54],"damage_taken":[{"damage":0,"enemies":"Small Slimes","floor":1,"turns":6},{"damage":7,"enemies":"Jaw Worm","floor":2,"turns":7},{"damage":0,"enemies":"Cultist","floor":3,"turns":3},{"damage":4,"enemies":"Red Slaver","floor":4,"turns":4},{"damage":29,"enemies":"3 Sentries","floor":6,"turns":12},{"damage":0,"enemies":"3 Louse","floor":10,"turns":4},{"damage":1,"enemies":"Gremlin Nob","floor":12,"turns":3},{"damage":0,"enemies":"Exordium Thugs","floor":14,"turns":3},{"damage":5,"enemies":"Hexaghost","floor":16,"turns":5},{"damage":12,"enemies":"Spheric Guardian","floor":18,"turns":4},{"damage":3,"enemies":"Chosen","floor":20,"turns":4},{"damage":0,"enemies":"Snake Plant","floor":24,"turns":4},{"damage":13,"enemies":"Centurion and Healer","floor":29,"turns":5},{"damage":4,"enemies":"Gremlin Leader","floor":30,"turns":3},{"damage":47,"enemies":"Automaton","floor":33,"turns":11},{"damage":5,"enemies":"Orb Walker","floor":35,"turns":3},{"damage":16,"enemies":"3 Darklings","floor":38,"turns":6},{"damage":21,"enemies":"Jaw Worm Horde","floor":39,"turns":4},{"damage":8,"enemies":"Transient","floor":44,"turns":5},{"damage":13,"enemies":"3 Darklings","floor":46,"turns":8},{"damage":35,"enemies":"Donu and Deca","floor":50,"turns":9},{"damage":6,"enemies":"Shield and Spear","floor":54,"turns":4},{"damage":17,"enemies":"The Heart","floor":55,"turns":2}],"seed_played":"6629974083189373741","potions_obtained":[{"floor":1,"key":"EssenceOfSteel"},{"floor":2,"key":"SpeedPotion"},{"floor":10,"key":"PowerPotion"},{"floor":12,"key":"Explosive Potion"},{"floor":16,"key":"SpeedPotion"},{"floor":20,"key":"GhostInAJar"},{"floor":29,"key":"SkillPotion"},{"floor":33,"key":"Explosive Potion"},{"floor":38,"key":"GhostInAJar"}],"is_trial":false,"path_per_floor":["M","M","M","M","?","E","T","R","T","M","R","E","R","M","R","B",null,"M","?","M","?","$","R","M","R","T","R","?","M","E","T","R","B",null,"M","$","T","M","M","R","?","R","T","M","R","M","?","$","R","B",null,"R","$","E","B"],"character_chosen":"THE_SILENT","items_purchased":["Deflect","Whetstone","Omamori","Chemical X","Deflect","Happy Flower"],"campfire_rested":6,"item_purchase_floors":[22,22,36,36,36,48],"current_hp_per_floor":[70,63,63,59,59,30,37,37,37,37,60,59,59,59,59,54,77,65,59,56,56,56,77,77,77,77,77,77,64,60,60,60,15,77,72,72,72,58,39,62,52,52,52,46,69,58,58,58,58,23,23,23,23,17,0],"gold":40,"neow_bonus":"RANDOM_COMMON_RELIC","is_prod":false,"is_daily":false,"chose_seed":false,"campfire_upgraded":6,"win_rate":0,"timestamp":1545815575,"path_taken":["M","M","M","M","?","E","?","R","T","?","R","E","R","M","R","BOSS","M","?","M","?","$","R","?","R","T","R","?","M","E","?","R","BOSS","M","$","?","?","M","R","?","R","T","M","R","M","?","?","R","BOSS","R","$","E","BOSS"],"build_version":"2018-12-20","purchased_purges":2,"victory":false,"max_hp_per_floor":[70,70,70,70,70,70,77,77,77,77,77,77,77,77,77,77,77,77,77,77,77,77,77,77,77,77,77,77,77,77,77,77,77,77,77,77,77,77,77,77,77,77,77,77,77,77,77,77,77,77,77,77,77,77,77],"card_choices":[{"not_picked":["Endless Agony","Prepared"],"picked":"Slice","floor":1},{"not_picked":["Escape Plan","Flying Knee"],"picked":"Bouncing Flask","floor":2},{"not_picked":["Dodge and Roll","Blade Dance"],"picked":"PiercingWail","floor":3},{"not_picked":["Slice","Catalyst"],"picked":"Quick Slash","floor":4},{"not_picked":["Acrobatics","Storm of Steel"],"picked":"Deadly Poison","floor":6},{"not_picked":["Acrobatics","Reflex"],"picked":"Terror","floor":10},{"not_picked":["Poisoned Stab","Masterful Stab"],"picked":"Catalyst","floor":12},{"not_picked":["Acrobatics","Blade Dance"],"picked":"Slice","floor":14},{"not_picked":["A Thousand Cuts","Tools of the Trade"],"picked":"After Image","floor":16},{"not_picked":["Sucker Punch","Terror","Acrobatics"],"picked":"SKIP","floor":18},{"not_picked":["Dash","Calculated Gamble"],"picked":"Slice","floor":20},{"not_picked":["Finisher","Eviscerate"],"picked":"Deadly Poison","floor":24},{"not_picked":["Flying Knee","Acrobatics"],"picked":"Dagger Spray","floor":29},{"not_picked":["Footwork","Accuracy+1"],"picked":"Malaise","floor":30},{"not_picked":["Unload","Wraith Form v2"],"picked":"Envenom","floor":33},{"not_picked":["Distraction","Expertise+1"],"picked":"Blade Dance+1","floor":35},{"not_picked":["Tactician+1","Poisoned Stab"],"picked":"Slice+1","floor":38},{"not_picked":["Blade Dance","Slice","Terror+1"],"picked":"SKIP","floor":39},{"not_picked":["Deflect","Prepared"],"picked":"Catalyst","floor":44},{"not_picked":["Bane","Sucker Punch+1"],"picked":"Backflip+1","floor":46},{"not_picked":["Leg Sweep","Slice"],"picked":"Adrenaline","floor":54}],"player_experience":2120514,"relics_obtained":[{"floor":6,"key":"Lantern"},{"floor":7,"key":"Strawberry"},{"floor":12,"key":"Bronze Scales"},{"floor":26,"key":"PreservedInsect"},{"floor":30,"key":"Blood Vial"},{"floor":31,"key":"Ornamental Fan"},{"floor":37,"key":"Potion Belt"},{"floor":43,"key":"Meat on the Bone"},{"floor":54,"key":"Bag of Preparation"}],"event_choices":[{"cards_removed":["Strike_G"],"damage_healed":0,"gold_gain":0,"player_choice":"Card Removal","damage_taken":0,"max_hp_gain":0,"max_hp_loss":0,"event_name":"The Cleric","floor":5,"gold_loss":50},{"damage_healed":0,"gold_gain":0,"player_choice":"Joined the Cult","damage_taken":6,"max_hp_gain":0,"max_hp_loss":0,"event_name":"Nest","floor":19,"gold_loss":0,"cards_obtained":["RitualDagger"]},{"damage_healed":0,"gold_gain":0,"player_choice":"Upgraded","damage_taken":0,"max_hp_gain":0,"max_hp_loss":0,"event_name":"Upgrade Shrine","floor":21,"gold_loss":0,"cards_upgraded":["RitualDagger"]},{"damage_healed":0,"gold_gain":0,"player_choice":"Opened","damage_taken":0,"relics_obtained":["Tiny Chest"],"max_hp_gain":0,"max_hp_loss":0,"event_name":"The Mausoleum","floor":28,"gold_loss":0},{"damage_healed":0,"gold_gain":0,"player_choice":"Embrace Madness","damage_taken":10,"max_hp_gain":0,"max_hp_loss":0,"event_name":"Winding Halls","floor":41,"gold_loss":0,"cards_obtained":["Madness","Madness"]},{"damage_healed":0,"gold_gain":0,"player_choice":"Upgrade","damage_taken":0,"relics_obtained":["Mark of the Bloom"],"max_hp_gain":0,"max_hp_loss":0,"event_name":"MindBloom","floor":47,"gold_loss":0,"cards_upgraded":["Defend_G","Defend_G","Defend_G","Survivor","Slice","PiercingWail","Quick Slash","Terror","After Image","Slice","Deflect","Deadly Poison","Dagger Spray","Deflect","Madness","Madness","Catalyst"]}],"is_beta":false,"boss_relics":[{"not_picked":["Snecko Eye","Runic Pyramid"],"picked":"Astrolabe"},{"not_picked":["Fusion Hammer","WristBlade"],"picked":"Cursed Key"}],"items_purged_floors":[22,36],"is_endless":false,"potions_floor_spawned":[1,2,10,12,16,20,29,33,38],"killed_by":"The Heart","ascension_level":0}