{"gold_per_floor":[219,31,49,49,64,64,83,110,410,442,442,459,478,513,513,586,586,606,613,613,634,228,228,263,290,290,326,326,333,355,48,48,132,132,152,152,252,270,291,330,330,369,369,369,389,403,434,460,460,460,460,460,460,77,117,117],"floor_reached":56,"playtime":11202,"items_purged":["Strike_P","Defend_P","Judgement"],"score":2194,"play_id":"1daba36c-8bfc-4217-b3cf-7caa5c741f6e","local_time":"20190921203557","is_ascension_mode":true,"campfire_choices":[{"data":"BowlingBash","floor":6.0,"key":"SMITH"},{"data":"SashWhip","floor":11.0,"key":"SMITH"},{"data":"Eruption","floor":15.0,"key":"SMITH"},{"data":"Ragnarok","floor":23.0,"key":"SMITH"},{"data":"Apotheosis","floor":32.0,"key":"SMITH"},{"floor":41.0,"key":"REST"},{"floor":44.0,"key":"RECALL"},{"floor":49.0,"key":"REST"},{"floor":53.0,"key":"REST"}],"neow_cost":"NONE","seed_source_timestamp":0,"circlet_count":0,"master_deck":["AscendersBane","Defend_P+1","Defend_P","Eruption+1","Vigilance","BowlingBash+1","Protect","SashWhip+1","Crescendo","Wallop","SashWhip","CutThroughFate","Wallop","Meditate+1","Adaptation","Ragnarok+1","MasterReality+1","Consecrate+1","Brilliance+1","Protect+1","Collect","ClearTheMind","Discovery","Establishment","EmptyBody","WreathOfFlame+1","BattleHymn","SandsOfTime","TalkToTheHand","Apotheosis+1","Wish","Establishment","InnerPeace+1","Crescendo","ThirdEye+1","EmptyMind","EmptyMind","Wireheading","Sanctity"],"special_seed":0,"relics":["PureWater","Happy Flower","Dead Branch","Old Coin","CloakClasp","Melange","Astrolabe","CeramicFish","Membership Card","HornCleat","PreservedInsect","Mummified Hand","Matryoshka","Medical Kit","Philosopher\u0027s Stone","TungstenRod","Ancient Tea Set","Gremlin Horn","Lantern","Blood Vial","War Paint","Ornamental Fan","Bag of Preparation"],"potions_floor_usage":[56],"damage_taken":[{"damage":1.0,"enemies":"2 Louse","floor":1.0,"turns":4.0},{"damage":0.0,"enemies":"Cultist","floor":3.0,"turns":3.0},{"damage":2.0,"enemies":"Jaw Worm","floor":5.0,"turns":3.0},{"damage":1.0,"enemies":"3 Louse","floor":7.0,"turns":4.0},{"damage":1.0,"enemies":"Lagavulin","floor":8.0,"turns":4.0},{"damage":0.0,"enemies":"3 Sentries","floor":10.0,"turns":3.0},{"damage":0.0,"enemies":"Lots of Slimes","floor":12.0,"turns":3.0},{"damage":0.0,"enemies":"Gremlin Gang","floor":13.0,"turns":3.0},{"damage":0.0,"enemies":"Gremlin Nob","floor":14.0,"turns":3.0},{"damage":24.0,"enemies":"Slime Boss","floor":16.0,"turns":7.0},{"damage":0.0,"enemies":"Shell Parasite","floor":18.0,"turns":1.0},{"damage":16.0,"enemies":"2 Thieves","floor":21.0,"turns":4.0},{"damage":0.0,"enemies":"Book of Stabbing","floor":24.0,"turns":5.0},{"damage":0.0,"enemies":"Centurion and Healer","floor":25.0,"turns":4.0},{"damage":6.0,"enemies":"Slavers","floor":27.0,"turns":4.0},{"damage":0.0,"enemies":"Snake Plant","floor":30.0,"turns":1.0},{"damage":11.0,"enemies":"Collector","floor":33.0,"turns":6.0},{"damage":4.0,"enemies":"3 Shapes","floor":35.0,"turns":5.0},{"damage":0.0,"enemies":"Mind Bloom Boss Battle","floor":37.0,"turns":5.0},{"damage":1.0,"enemies":"Orb Walker","floor":38.0,"turns":3.0},{"damage":7.0,"enemies":"3 Darklings","floor":39.0,"turns":6.0},{"damage":22.0,"enemies":"Reptomancer","floor":40.0,"turns":4.0},{"damage":0.0,"enemies":"Giant Head","floor":42.0,"turns":3.0},{"damage":19.0,"enemies":"Writhing Mass","floor":45.0,"turns":6.0},{"damage":0.0,"enemies":"Transient","floor":46.0,"turns":6.0},{"damage":8.0,"enemies":"Nemesis","floor":47.0,"turns":5.0},{"damage":6.0,"enemies":"Jaw Worm Horde","floor":48.0,"turns":4.0},{"damage":22.0,"enemies":"Awakened One","floor":50.0,"turns":15.0},{"damage":30.0,"enemies":"Time Eater","floor":51.0,"turns":7.0},{"damage":5.0,"enemies":"Shield and Spear","floor":55.0,"turns":5.0},{"damage":57,"enemies":"The Heart","floor":56,"turns":8}],"seed_played":"851915123953113329","potions_obtained":[{"floor":5.0,"key":"Dexterity Potion"},{"floor":7.0,"key":"Strength Potion"},{"floor":12.0,"key":"GamblersBrew"},{"floor":14.0,"key":"BottledMiracle"},{"floor":16.0,"key":"Weak Potion"},{"floor":18.0,"key":"Dexterity Potion"},{"floor":21.0,"key":"SpeedPotion"},{"floor":25.0,"key":"Energy Potion"},{"floor":33.0,"key":"Weak Potion"},{"floor":37.0,"key":"SteroidPotion"},{"floor":46.0,"key":"GamblersBrew"},{"floor":47.0,"key":"SkillPotion"},{"floor":48.0,"key":"SkillPotion"},{"floor":55.0,"key":"Block Potion"}],"is_trial":false,"path_per_floor":["M","$","M","?","M","R","M","E","T","E","R","M","M","E","R","B",null,"M","?","?","M","$","R","E","M","T","E","?","?","M","$","R","B",null,"M","?","?","M","M","E","R","E","T","R","M","M","E","M","R","B","B",null,"R","$","E","B"],"character_chosen":"WATCHER","items_purchased":["Happy Flower","Protect","Membership Card","HornCleat","ClearTheMind","Discovery","BattleHymn","SandsOfTime","TalkToTheHand","Apotheosis","Medical Kit","War Paint","BottledMiracle","SkillPotion","Ornamental Fan","Wireheading"],"campfire_rested":3,"item_purchase_floors":[2,2,22,22,22,22,31,31,31,31,31,54,54,54,54,54],"current_hp_per_floor":[54,54,54,45,43,43,42,41,41,41,41,41,41,41,41,17,50,50,50,50,38,38,38,38,38,38,40,40,40,40,40,40,29,53,61,58,58,57,50,28,45,45,45,45,39,47,39,47,58,36,20,49,58,58,53,0],"gold":117,"neow_bonus":"HUNDRED_GOLD","is_prod":false,"is_daily":false,"chose_seed":false,"campfire_upgraded":5,"win_rate":0,"timestamp":1569054957,"path_taken":["M","$","M","?","M","R","M","E","T","E","R","?","M","E","R","BOSS","M","?","?","?","$","R","E","?","T","E","?","?","M","$","R","BOSS","M","?","?","M","M","E","R","E","T","R","M","M","E","M","R","BOSS","BOSS","R","$","E","BOSS"],"build_version":"2019-09-20","purchased_purges":3,"victory":false,"max_hp_per_floor":[61,61,61,61,61,61,61,61,61,61,61,61,61,61,61,61,61,61,61,61,61,61,61,61,61,61,61,61,61,61,61,61,61,61,61,58,58,58,58,58,58,58,58,58,58,58,58,58,58,58,58,58,58,58,58,58],"card_choices":[{"not_picked":["EmptyBody","SashWhip"],"picked":"BowlingBash","floor":1.0},{"not_picked":["JustLucky","Consecrate"],"picked":"SashWhip","floor":3.0},{"not_picked":["SashWhip","Halt"],"picked":"Crescendo","floor":5.0},{"not_picked":["EmptyFist","FollowUp"],"picked":"Wallop","floor":7.0},{"not_picked":["FollowUp","Tantrum"],"picked":"SashWhip","floor":8.0},{"not_picked":["Nirvana","FlowState"],"picked":"CutThroughFate","floor":10.0},{"not_picked":["FollowUp","BowlingBash"],"picked":"Wallop","floor":12.0},{"not_picked":["CrushJoints","SashWhip"],"picked":"Meditate","floor":13.0},{"not_picked":["MentalFortress","CutThroughFate"],"picked":"Adaptation","floor":14.0},{"not_picked":["Brilliance","SignatureMove"],"picked":"Ragnarok","floor":16.0},{"not_picked":["CutThroughFate","SandsOfTime"],"picked":"Protect+1","floor":18.0},{"not_picked":["MentalFortress","Weave+1"],"picked":"Collect","floor":21.0},{"not_picked":["CarveReality","Collect","ForeignInfluence"],"picked":"SKIP","floor":24.0},{"not_picked":["JustLucky","MentalFortress"],"picked":"Judgement","floor":25.0},{"not_picked":["WreathOfFlame","FlyingSleeves"],"picked":"Establishment","floor":27.0},{"not_picked":["Weave","Worship"],"picked":"WreathOfFlame+1","floor":30.0},{"not_picked":["Pray","Brilliance"],"picked":"Wish","floor":33.0},{"not_picked":["Crescendo","BowlingBash"],"picked":"Establishment","floor":35.0},{"not_picked":["FlowState","Prostrate+1","BowlingBash"],"picked":"SKIP","floor":38.0},{"not_picked":["Prostrate","PathToVictory"],"picked":"InnerPeace+1","floor":39.0},{"not_picked":["Wallop+1","ClearTheMind+1"],"picked":"Crescendo","floor":40.0},{"not_picked":["MasterReality","CutThroughFate"],"picked":"ThirdEye+1","floor":42.0},{"not_picked":["Sanctity","Vengeance+1"],"picked":"EmptyMind","floor":45.0},{"not_picked":["Establishment+1","WaveOfTheHand","Crescendo+1"],"picked":"SKIP","floor":46.0},{"not_picked":["Swivel","Fasting","Halt"],"picked":"SKIP","floor":47.0},{"not_picked":["SashWhip","EmptyBody"],"picked":"EmptyMind","floor":48.0},{"not_picked":["Wallop","CrushJoints"],"picked":"Sanctity","floor":55.0}],"player_experience":1156002,"relics_obtained":[{"floor":8.0,"key":"Dead Branch"},{"floor":9.0,"key":"Old Coin"},{"floor":10.0,"key":"CloakClasp"},{"floor":14.0,"key":"Melange"},{"floor":24.0,"key":"PreservedInsect"},{"floor":26.0,"key":"Mummified Hand"},{"floor":27.0,"key":"Matryoshka"},{"floor":37.0,"key":"TungstenRod"},{"floor":40.0,"key":"Ancient Tea Set"},{"floor":42.0,"key":"Gremlin Horn"},{"floor":43.0,"key":"Lantern"},{"floor":47.0,"key":"Blood Vial"},{"floor":55.0,"key":"Bag of Preparation"}],"event_choices":[{"damage_healed":0.0,"max_hp_gain":0.0,"max_hp_loss":0.0,"gold_gain":0.0,"event_name":"Wheel of Change","player_choice":"Damaged","floor":4.0,"gold_loss":0.0,"damage_taken":9.0},{"damage_healed":0.0,"max_hp_gain":0.0,"max_hp_loss":0.0,"gold_gain":0.0,"event_name":"The Mausoleum","player_choice":"Opened","floor":19.0,"gold_loss":0.0,"damage_taken":0.0,"relics_obtained":["CeramicFish"],"cards_obtained":["Writhe"]},{"cards_removed":["Writhe"],"damage_healed":0.0,"max_hp_gain":0.0,"max_hp_loss":0.0,"gold_gain":0.0,"event_name":"Fountain of Cleansing","player_choice":"Removed Curses","floor":20.0,"gold_loss":0.0,"damage_taken":0.0},{"cards_removed":["Strike_P"],"damage_healed":0.0,"max_hp_gain":0.0,"max_hp_loss":0.0,"gold_gain":0.0,"event_name":"Back to Basics","player_choice":"Elegance","floor":28.0,"gold_loss":0.0,"damage_taken":0.0},{"damage_healed":0.0,"max_hp_gain":0.0,"max_hp_loss":0.0,"gold_gain":0.0,"event_name":"The Library","player_choice":"Read","floor":29.0,"gold_loss":0.0,"damage_taken":0.0,"cards_obtained":["EmptyBody"]},{"damage_healed":0.0,"max_hp_gain":0.0,"max_hp_loss":3.0,"gold_gain":0.0,"event_name":"Winding Halls","player_choice":"Max HP","floor":36.0,"gold_loss":0.0,"damage_taken":0.0},{"damage_healed":0.0,"max_hp_gain":0.0,"max_hp_loss":0.0,"gold_gain":0.0,"event_name":"MindBloom","player_choice":"Fight","floor":37.0,"gold_loss":0.0,"damage_taken":0.0}],"is_beta":true,"boss_relics":[{"not_picked":["Runic Dome","Calling Bell"],"picked":"Astrolabe"},{"not_picked":["Velvet Choker","Runic Pyramid"],"picked":"Philosopher\u0027s Stone"}],"items_purged_floors":[22,31,54],"is_endless":false,"potions_floor_spawned":[5,7,12,14,16,18,21,25,33,37,38,46,47,48,55],"killed_by":"The Heart","ascension_level":20}