{"gold_per_floor":[17,17,17,17,28,28,58,8,85,85,119,129,160,179,179,254,254,297,43,43,43,43,43],"floor_reached":23,"playtime":1590,"items_purged":[],"score":460,"play_id":"b4fe6d88-47ed-46e5-96d4-8e26873a7ecb","local_time":"20191023233032","is_ascension_mode":true,"campfire_choices":[{"data":"FlurryOfBlows","floor":6.0,"key":"SMITH"},{"data":"BowlingBash","floor":10,"key":"SMITH"},{"data":"Worship","floor":15,"key":"SMITH"}],"neow_cost":"NO_GOLD","seed_source_timestamp":0,"circlet_count":0,"master_deck":["AscendersBane","Strike_P+1","Strike_P+1","Strike_P","Strike_P","Defend_P","Defend_P","Defend_P","Defend_P+1","Eruption+1","Vigilance+1","FlurryOfBlows+1","Establishment","FollowUp","Perseverance","BowlingBash+1","Worship+1","ThirdEye","ThirdEye","Wish","TalkToTheHand","Decay","Shame"],"special_seed":0,"relics":["PureWater","Whetstone","Regal Pillow","War Paint","VioletLotus","PreservedInsect","Ornamental Fan"],"potions_floor_usage":[11,16,23],"damage_taken":[{"damage":0.0,"enemies":"Jaw Worm","floor":1.0,"turns":3.0},{"damage":7.0,"enemies":"Small Slimes","floor":5.0,"turns":4.0},{"damage":12,"enemies":"Lagavulin","floor":7,"turns":6},{"damage":16,"enemies":"Gremlin Nob","floor":11,"turns":3},{"damage":0,"enemies":"Cultist","floor":12,"turns":2},{"damage":0,"enemies":"Lagavulin","floor":13,"turns":5},{"damage":0,"enemies":"2 Fungi Beasts","floor":14,"turns":2},{"damage":25,"enemies":"The Guardian","floor":16,"turns":14},{"damage":50,"enemies":"Chosen","floor":18,"turns":9},{"damage":13,"enemies":"Book of Stabbing","floor":23,"turns":2}],"seed_played":"3637779440062629274","potions_obtained":[{"floor":1.0,"key":"LiquidMemories"},{"floor":13,"key":"GamblersBrew"},{"floor":16,"key":"Ancient Potion"}],"is_trial":false,"path_per_floor":["M","?","?","$","M","R","E","$","T","R","E","M","E","M","R","B",null,"M","$","?","?","?","E"],"character_chosen":"WATCHER","items_purchased":["BowlingBash","TalkToTheHand","PreservedInsect","FearPotion"],"campfire_rested":0,"item_purchase_floors":[8,19,19,19],"current_hp_per_floor":[73,73,73,73,66,66,54,54,54,54,38,38,38,38,38,13,63,13,13,13,13,13,0],"gold":43,"neow_bonus":"TWENTY_PERCENT_HP_BONUS","is_prod":false,"is_daily":false,"chose_seed":false,"campfire_upgraded":3,"win_rate":0,"timestamp":1571826632,"path_taken":["M","?","?","$","M","R","E","$","T","R","E","?","E","M","R","BOSS","M","$","?","?","?","E"],"build_version":"2019-10-22","purchased_purges":0,"victory":false,"max_hp_per_floor":[80,80,80,80,80,80,80,80,80,80,80,80,80,80,80,80,80,80,80,80,80,80,80],"card_choices":[{"not_picked":["BattleHymn","Prostrate"],"picked":"FlurryOfBlows","floor":1.0},{"not_picked":["Vengeance","Evaluate"],"picked":"FollowUp","floor":5.0},{"not_picked":["Swivel","Evaluate"],"picked":"Perseverance","floor":7},{"not_picked":["EmptyMind","WheelKick"],"picked":"Worship","floor":11},{"not_picked":["MentalFortress","Weave"],"picked":"ThirdEye","floor":12},{"not_picked":["Pray","Adaptation"],"picked":"ThirdEye","floor":13},{"not_picked":["Prostrate","JustLucky","Consecrate"],"picked":"SKIP","floor":14},{"not_picked":["Establishment","Vault"],"picked":"Wish","floor":16},{"not_picked":["PathToVictory","Evaluate","Study"],"picked":"SKIP","floor":18}],"player_experience":1741095,"relics_obtained":[{"floor":7,"key":"Whetstone"},{"floor":11,"key":"Regal Pillow"},{"floor":13,"key":"War Paint"}],"event_choices":[{"damage_healed":0.0,"max_hp_gain":0.0,"max_hp_loss":0.0,"gold_gain":0.0,"event_name":"Living Wall","player_choice":"Grow","floor":2.0,"gold_loss":0.0,"damage_taken":0.0,"cards_upgraded":["Eruption"]},{"damage_healed":0.0,"max_hp_gain":0.0,"max_hp_loss":0.0,"gold_gain":0.0,"event_name":"Match and Keep!","player_choice":"1 cards matched","floor":3.0,"gold_loss":0.0,"damage_taken":0.0,"cards_obtained":["Establishment"]},{"damage_healed":0.0,"max_hp_gain":0.0,"max_hp_loss":0.0,"gold_gain":0.0,"event_name":"Match and Keep!","player_choice":"1 cards matched","floor":3.0,"gold_loss":0.0,"damage_taken":0.0,"cards_obtained":["Establishment"]},{"damage_healed":0,"gold_gain":0,"player_choice":"Ignored","damage_taken":0,"max_hp_gain":0,"max_hp_loss":0,"event_name":"The Mausoleum","floor":20,"gold_loss":0},{"damage_healed":0,"gold_gain":0,"player_choice":"Smashed Altar","damage_taken":0,"max_hp_gain":0,"max_hp_loss":0,"event_name":"Forgotten Altar","floor":21,"gold_loss":0,"cards_obtained":["Decay"]},{"damage_healed":0,"gold_gain":0,"player_choice":"Stole Relic","damage_taken":0,"relics_obtained":["Ornamental Fan"],"max_hp_gain":0,"max_hp_loss":0,"event_name":"Addict","floor":22,"gold_loss":0,"cards_obtained":["Shame"]}],"is_beta":true,"boss_relics":[{"not_picked":["Coffee Dripper","Pandora\u0027s Box"],"picked":"VioletLotus"}],"items_purged_floors":[],"is_endless":false,"potions_floor_spawned":[1,13,16],"killed_by":"Book of Stabbing","ascension_level":20}