{"gold_per_floor":[113,113,128,147,159,189,208,208,233,233,243,256,267,267,267,267],"floor_reached":16,"playtime":1021,"items_purged":[],"score":106,"play_id":"3d0e48cb-cf88-4bae-b98f-afb34378d806","local_time":"20190701163510","is_ascension_mode":false,"campfire_choices":[{"floor":8,"key":"REST"},{"data":"Loop","floor":10,"key":"SMITH"},{"floor":15,"key":"REST"}],"neow_cost":"NONE","seed_source_timestamp":0,"circlet_count":0,"master_deck":["Strike_B","Strike_B","Strike_B","Strike_B","Defend_B","Defend_B","Defend_B","Defend_B","Zap","Dualcast","Sweeping Beam+1","Self Repair","Melter","Leap","Lockon","Loop+1","Doom and Gloom","Capacitor","Sweeping Beam"],"special_seed":0,"relics":["Cracked Core","Matryoshka","Oddly Smooth Stone","Centennial Puzzle"],"potions_floor_usage":[11,11,16],"damage_taken":[{"damage":1.0,"enemies":"Jaw Worm","floor":1.0,"turns":3.0},{"damage":0,"enemies":"Small Slimes","floor":3,"turns":3},{"damage":5,"enemies":"2 Louse","floor":4,"turns":3},{"damage":2,"enemies":"Looter","floor":5,"turns":4},{"damage":44,"enemies":"Lagavulin","floor":6,"turns":7},{"damage":7,"enemies":"2 Fungi Beasts","floor":7,"turns":3},{"damage":1,"enemies":"Blue Slaver","floor":11,"turns":3},{"damage":10,"enemies":"Looter","floor":12,"turns":3},{"damage":20,"enemies":"3 Louse","floor":13,"turns":2},{"damage":84,"enemies":"Hexaghost","floor":16,"turns":11}],"seed_played":"9156807650761249145","potions_obtained":[{"floor":3,"key":"Regen Potion"},{"floor":7,"key":"Fire Potion"},{"floor":11,"key":"GamblersBrew"},{"floor":12,"key":"Explosive Potion"}],"is_trial":false,"path_per_floor":["M","?","M","M","M","E","M","R","T","R","M","M","M","?","R","B"],"character_chosen":"DEFECT","items_purchased":[],"campfire_rested":2,"item_purchase_floors":[],"current_hp_per_floor":[81,81,81,82,82,45,45,69,69,69,82,72,59,59,82,0],"gold":267,"neow_bonus":"TEN_PERCENT_HP_BONUS","is_prod":false,"is_daily":false,"chose_seed":false,"campfire_upgraded":1,"win_rate":0.0,"timestamp":1562009710,"path_taken":["M","?","M","M","M","E","M","R","T","R","M","M","M","?","R","BOSS"],"build_version":"2019-01-23","purchased_purges":0,"victory":false,"max_hp_per_floor":[82,82,82,82,82,82,82,82,82,82,82,82,82,82,82,82],"card_choices":[{"not_picked":["Hologram","Streamline"],"picked":"Sweeping Beam","floor":1},{"not_picked":["Streamline","Scrape"],"picked":"Self Repair","floor":3},{"not_picked":["Ball Lightning","Darkness"],"picked":"Melter","floor":4},{"not_picked":["Consume","Streamline"],"picked":"Leap","floor":5},{"not_picked":["Seek","Gash"],"picked":"Lockon","floor":6},{"not_picked":["Darkness","Gash"],"picked":"Loop","floor":7},{"not_picked":["FTL","Leap"],"picked":"Doom and Gloom","floor":11},{"not_picked":["Conserve Battery","Gash"],"picked":"Capacitor","floor":12},{"not_picked":["Coolheaded","Consume"],"picked":"Sweeping Beam","floor":13}],"player_experience":45564,"relics_obtained":[{"floor":6,"key":"Matryoshka"},{"floor":9,"key":"Oddly Smooth Stone"},{"floor":9,"key":"Centennial Puzzle"}],"event_choices":[{"damage_healed":0,"gold_gain":0,"player_choice":"Grow","damage_taken":0,"max_hp_gain":0,"max_hp_loss":0,"event_name":"Living Wall","floor":2,"gold_loss":0,"cards_upgraded":["Sweeping Beam"]},{"damage_healed":0,"gold_gain":0,"player_choice":"Ignored","damage_taken":0,"max_hp_gain":0,"max_hp_loss":0,"event_name":"Liars Game","floor":14,"gold_loss":0}],"is_beta":false,"boss_relics":[],"items_purged_floors":[],"is_endless":false,"potions_floor_spawned":[3,7,11,12],"killed_by":"Hexaghost","ascension_level":0}