{"gold_per_floor":[114,114,64,77,116,116,141,141,165,197,232,232,257,273,273,368,368,354,367,367,367,367,393,393,423,423,442,470,470,107,139,139,244,244,279,296,296,396,396,396,430,430],"floor_reached":42,"playtime":3905,"items_purged":["Defend_P"],"score":940,"play_id":"af8252b0-031d-4cba-bb91-da9127a5698d","local_time":"20190915003331","is_ascension_mode":true,"campfire_choices":[{"data":"ForeignInfluence","floor":6,"key":"SMITH"},{"data":"CrushJoints","floor":8,"key":"SMITH"},{"data":"DeusExMachina","floor":12,"key":"SMITH"},{"data":"DeceiveReality","floor":15,"key":"SMITH"},{"data":"MasterReality","floor":29,"key":"SMITH"},{"data":"Devotion","floor":32,"key":"SMITH"},{"data":"DevaForm","floor":40,"key":"SMITH"}],"neow_cost":"TEN_PERCENT_HP_LOSS","seed_source_timestamp":44391034710393,"circlet_count":0,"master_deck":["AscendersBane","Defend_P","Eruption+1","Vigilance","FearNoEvil","ForeignInfluence+1","FlyingSleeves","CrushJoints+1","Vault","DeusExMachina+1","DeceiveReality+1","Vault","EmptyMind+1","Adaptation+1","Bite+1","Bite","Bite","Bite","Bite","Crescendo","EmptyBody","MasterReality+1","HandOfGreed","Protect","Devotion+1","BowlingBash+1","DevaForm+1","CutThroughFate+1","Crescendo+1"],"relics":["PureWater","WingedGreaves","Lantern","Smiling Mask","PreservedInsect","Juzu Bracelet","Question Card","CloakClasp","Black Star","Centennial Puzzle","Sundial","Strawberry","Omamori","Whetstone","Darkstone Periapt","Anchor","VioletLotus","StoneCalendar","Meat on the Bone","Incense Burner","White Beast Statue"],"potions_floor_usage":[7,16,23,28,33,41],"damage_taken":[{"damage":0,"enemies":"2 Louse","floor":1,"turns":4},{"damage":0,"enemies":"Small Slimes","floor":4,"turns":2},{"damage":5,"enemies":"Cultist","floor":5,"turns":4},{"damage":10,"enemies":"3 Sentries","floor":7,"turns":7},{"damage":0,"enemies":"Lagavulin","floor":10,"turns":2},{"damage":0,"enemies":"Gremlin Nob","floor":11,"turns":2},{"damage":0,"enemies":"Lagavulin","floor":13,"turns":4},{"damage":0,"enemies":"Exordium Wildlife","floor":14,"turns":4},{"damage":10,"enemies":"The Guardian","floor":16,"turns":8},{"damage":0,"enemies":"2 Thieves","floor":18,"turns":4},{"damage":0,"enemies":"Spheric Guardian","floor":19,"turns":2},{"damage":6,"enemies":"Book of Stabbing","floor":23,"turns":4},{"damage":12,"enemies":"Slavers","floor":25,"turns":3},{"damage":0,"enemies":"Snake Plant","floor":27,"turns":3},{"damage":0,"enemies":"Gremlin Leader","floor":28,"turns":5},{"damage":0,"enemies":"Centurion and Healer","floor":31,"turns":5},{"damage":18,"enemies":"Collector","floor":33,"turns":16},{"damage":12,"enemies":"3 Shapes","floor":35,"turns":7},{"damage":0,"enemies":"Orb Walker","floor":36,"turns":3},{"damage":0,"enemies":"Mind Bloom Boss Battle","floor":38,"turns":5},{"damage":13,"enemies":"Giant Head","floor":41,"turns":5},{"damage":60,"enemies":"Reptomancer","floor":42,"turns":2}],"seed_played":"-5075789128541920047","potions_obtained":[{"floor":1,"key":"Regen Potion"},{"floor":4,"key":"Poison Potion"},{"floor":11,"key":"Strength Potion"},{"floor":13,"key":"Explosive Potion"},{"floor":16,"key":"Dexterity Potion"},{"floor":25,"key":"Dexterity Potion"},{"floor":36,"key":"Ancient Potion"}],"is_trial":false,"path_per_floor":["M","?","?","M","M","R","E","R","T","E","E","R","E","M","R","B",null,"M","M","?","?","?","E","?","E","T","M","E","R","$","M","R","B",null,"M","M","?","?","?","R","E","E"],"character_chosen":"WATCHER","items_purchased":["HandOfGreed","Protect","Devotion","PowerPotion"],"campfire_rested":0,"item_purchase_floors":[30,30,30,30],"current_hp_per_floor":[59,34,34,34,29,29,34,34,34,34,34,34,34,34,34,24,50,50,50,50,50,41,35,35,32,32,37,41,41,41,48,48,48,48,36,36,48,48,48,48,42,0],"gold":430,"neow_bonus":"ONE_RARE_RELIC","is_prod":false,"is_daily":false,"chose_seed":false,"campfire_upgraded":7,"win_rate":0,"timestamp":1568464411,"path_taken":["M","?","?","M","M","R","E","R","T","E","E","R","E","M","R","BOSS","M","M","?","?","?","E","?","E","T","M","E","R","$","M","R","BOSS","M","M","?","?","?","R","E","E"],"build_version":"2019-09-12","purchased_purges":1,"victory":false,"max_hp_per_floor":[59,59,59,59,59,59,59,59,59,59,59,59,59,59,59,59,59,59,59,59,59,41,41,41,48,48,48,48,48,48,48,48,48,48,48,48,48,48,48,48,48,48],"card_choices":[{"not_picked":["WreathOfFlame","FlurryOfBlows"],"picked":"FearNoEvil","floor":1},{"not_picked":["Halt","InnerPeace"],"picked":"ForeignInfluence","floor":4},{"not_picked":["Evaluate","ClearTheMind"],"picked":"FlyingSleeves","floor":5},{"not_picked":["Establishment","FlyingSleeves"],"picked":"CrushJoints","floor":7},{"not_picked":["WreathOfFlame","EmptyFist"],"picked":"Vault","floor":10},{"not_picked":["FollowUp","FearNoEvil"],"picked":"DeusExMachina","floor":11},{"not_picked":["MasterReality","FlyingSleeves","CutThroughFate"],"picked":"DeceiveReality","floor":13},{"not_picked":["Prostrate","ThirdEye","Sanctity","Tantrum"],"picked":"SKIP","floor":14},{"not_picked":["Omniscience","BattleHymn","Brilliance"],"picked":"Vault","floor":16},{"not_picked":["Crescendo","CutThroughFate","Scrawl"],"picked":"EmptyMind+1","floor":18},{"not_picked":["CrushJoints","WindmillStrike+1","BowlingBash"],"picked":"Adaptation+1","floor":19},{"not_picked":["CrushJoints","FlurryOfBlows","JustLucky"],"picked":"Crescendo","floor":23},{"not_picked":["CleanseEvil+1","JustLucky+1","Halt","Consecrate"],"picked":"SKIP","floor":25},{"not_picked":["Evaluate+1","Clarity","FollowUp"],"picked":"EmptyBody","floor":27},{"not_picked":["Weave","EmptyMind","Prostrate+1"],"picked":"MasterReality","floor":28},{"not_picked":["JustLucky","Wireheading+1","InnerPeace"],"picked":"BowlingBash+1","floor":31},{"not_picked":["Omniscience","DeusExMachina","Nirvana"],"picked":"DevaForm","floor":33},{"not_picked":["Perseverance","PathToVictory","FlyingSleeves"],"picked":"CutThroughFate+1","floor":35},{"not_picked":["Protect+1","Prostrate+1","Weave+1"],"picked":"Crescendo+1","floor":36},{"not_picked":["MasterReality","ThirdEye","Weave","Fasting"],"picked":"SKIP","floor":41},{"not_picked":["MasterReality","ThirdEye","Weave","Fasting"],"picked":"SKIP","floor":41}],"player_experience":1066473,"relics_obtained":[{"floor":7,"key":"Smiling Mask"},{"floor":9,"key":"PreservedInsect"},{"floor":10,"key":"Juzu Bracelet"},{"floor":11,"key":"Question Card"},{"floor":13,"key":"CloakClasp"},{"floor":23,"key":"Centennial Puzzle"},{"floor":23,"key":"Sundial"},{"floor":25,"key":"Strawberry"},{"floor":25,"key":"Omamori"},{"floor":26,"key":"Whetstone"},{"floor":28,"key":"Darkstone Periapt"},{"floor":28,"key":"Anchor"},{"floor":38,"key":"StoneCalendar"},{"floor":41,"key":"Incense Burner"},{"floor":41,"key":"White Beast Statue"}],"event_choices":[{"damage_healed":0,"gold_gain":0,"player_choice":"Success","damage_taken":25,"relics_obtained":["Lantern"],"max_hp_gain":0,"max_hp_loss":0,"event_name":"Scrap Ooze","floor":2,"gold_loss":0},{"cards_removed":["Defend_P"],"damage_healed":0,"gold_gain":0,"player_choice":"Card Removal","damage_taken":0,"max_hp_gain":0,"max_hp_loss":0,"event_name":"The Cleric","floor":3,"gold_loss":50},{"cards_removed":["Defend_P"],"damage_healed":0,"gold_gain":0,"player_choice":"Offered Basic","damage_taken":0,"max_hp_gain":0,"max_hp_loss":0,"event_name":"Bonfire Elementals","floor":20,"gold_loss":0},{"damage_healed":0,"gold_gain":0,"player_choice":"Ignored","damage_taken":0,"max_hp_gain":0,"max_hp_loss":0,"event_name":"Ghosts","floor":21,"gold_loss":0},{"damage_healed":0,"gold_gain":0,"player_choice":"Became a vampire","damage_taken":0,"max_hp_gain":0,"max_hp_loss":18,"event_name":"Vampires","floor":22,"gold_loss":0,"cards_obtained":["Bite","Bite","Bite","Bite","Bite"]},{"damage_healed":0,"gold_gain":0,"player_choice":"Ignored","damage_taken":0,"max_hp_gain":0,"max_hp_loss":0,"event_name":"The Mausoleum","floor":24,"gold_loss":0},{"damage_healed":12,"gold_gain":0,"player_choice":"Writhe","damage_taken":0,"max_hp_gain":0,"max_hp_loss":0,"event_name":"Winding Halls","floor":37,"gold_loss":0,"cards_obtained":["Writhe"]},{"damage_healed":0,"gold_gain":0,"player_choice":"Fight","damage_taken":0,"max_hp_gain":0,"max_hp_loss":0,"event_name":"MindBloom","floor":38,"gold_loss":0},{"damage_healed":0,"gold_gain":0,"player_choice":"Gave Potion","damage_taken":0,"relics_obtained":["Meat on the Bone"],"max_hp_gain":0,"max_hp_loss":0,"event_name":"WeMeetAgain","floor":39,"gold_loss":0}],"is_beta":true,"boss_relics":[{"not_picked":["Calling Bell","Velvet Choker"],"picked":"Black Star"},{"not_picked":["Tiny House","Runic Dome"],"picked":"VioletLotus"}],"items_purged_floors":[30],"is_endless":false,"potions_floor_spawned":[1,4,11,13,16,19,25,31,36],"killed_by":"Reptomancer","ascension_level":10}