{"gold_per_floor":[13,28,48,65,77,104,104,123,123,135,135,135,190,221,221,297,347,358,368,368,381,396,396,396],"floor_reached":24,"playtime":3365,"items_purged":[],"score":392,"play_id":"75e9dfce-9d96-4234-bfb2-e30f5d877ea7","local_time":"20190421225841","is_ascension_mode":true,"campfire_choices":[{"data":"Armaments","floor":7.0,"key":"SMITH"},{"floor":12.0,"key":"REST"},{"data":"Sword Boomerang","floor":15,"key":"SMITH"},{"floor":23,"key":"REST"}],"neow_cost":"NO_GOLD","seed_source_timestamp":333342891261444,"circlet_count":0,"master_deck":["AscendersBane","Strike_R","Strike_R","Strike_R","Strike_R","Defend_R","Defend_R","Defend_R","Defend_R","Bash","Clothesline","Spot Weakness","Pummel","Armaments+1","Headbutt","Thunderclap","Metallicize","Anger+1","Sword Boomerang+1","Barricade","Sword Boomerang","Inflame","RitualDagger","Battle Trance"],"special_seed":0,"relics":["Burning Blood","Thread and Needle","Bronze Scales","Pantograph","Bag of Preparation","PreservedInsect","Tiny House"],"potions_floor_usage":[16,16,17,21,24],"damage_taken":[{"damage":14.0,"enemies":"Cultist","floor":1.0,"turns":5.0},{"damage":1.0,"enemies":"Jaw Worm","floor":2.0,"turns":5.0},{"damage":5.0,"enemies":"2 Louse","floor":3.0,"turns":3.0},{"damage":10.0,"enemies":"Exordium Wildlife","floor":4.0,"turns":6.0},{"damage":11.0,"enemies":"Blue Slaver","floor":5.0,"turns":5.0},{"damage":29.0,"enemies":"3 Sentries","floor":6.0,"turns":10.0},{"damage":0.0,"enemies":"2 Fungi Beasts","floor":8.0,"turns":3.0},{"damage":9.0,"enemies":"3 Louse","floor":10.0,"turns":3.0},{"damage":16,"enemies":"Lagavulin Event","floor":13,"turns":7},{"damage":15,"enemies":"Lagavulin","floor":14,"turns":6},{"damage":13,"enemies":"The Guardian","floor":16,"turns":8},{"damage":27,"enemies":"Chosen","floor":18,"turns":7},{"damage":13,"enemies":"Shell Parasite","floor":19,"turns":4},{"damage":23,"enemies":"Centurion and Healer","floor":21,"turns":4},{"damage":26,"enemies":"Snake Plant","floor":22,"turns":6},{"damage":39,"enemies":"Shelled Parasite and Fungi","floor":24,"turns":3}],"seed_played":"-1827637827716592014","potions_obtained":[{"floor":2.0,"key":"LiquidBronze"},{"floor":5.0,"key":"SkillPotion"},{"floor":6.0,"key":"Dexterity Potion"},{"floor":17,"key":"Fruit Juice"},{"floor":19,"key":"SteroidPotion"},{"floor":21,"key":"FearPotion"}],"is_trial":false,"path_per_floor":["M","M","M","M","M","E","R","M","T","M","?","R","?","E","R","B",null,"M","M","?","M","M","R","M"],"character_chosen":"IRONCLAD","items_purchased":[],"campfire_rested":2,"item_purchase_floors":[],"current_hp_per_floor":[60,65,66,62,57,34,34,40,40,37,37,59,49,40,40,58,81,60,53,47,30,10,35,0],"gold":396,"neow_bonus":"ONE_RARE_RELIC","is_prod":false,"is_daily":false,"chose_seed":false,"campfire_upgraded":2,"win_rate":0,"timestamp":1555901921,"path_taken":["M","?","M","M","M","E","R","M","T","M","?","R","?","E","R","BOSS","M","M","?","M","M","R","M"],"build_version":"2019-01-23","purchased_purges":0,"victory":false,"max_hp_per_floor":[75,75,75,75,75,75,75,75,75,75,75,75,75,75,75,75,85,85,85,85,85,85,85,85],"card_choices":[{"not_picked":["Warcry","Headbutt"],"picked":"Clothesline","floor":1.0},{"not_picked":["Entrench","Pommel Strike"],"picked":"Spot Weakness","floor":2.0},{"not_picked":["Flame Barrier","Pommel Strike"],"picked":"Pummel","floor":3.0},{"not_picked":["Uppercut","Shrug It Off"],"picked":"Armaments","floor":4.0},{"not_picked":["Barricade","Reckless Charge"],"picked":"Headbutt","floor":5.0},{"not_picked":["Iron Wave","Clothesline"],"picked":"Thunderclap","floor":6.0},{"not_picked":["Burning Pact","Warcry"],"picked":"Metallicize","floor":8.0},{"not_picked":["Thunderclap","Perfected Strike"],"picked":"Anger","floor":10.0},{"not_picked":["Heavy Blade","Thunderclap"],"picked":"Sword Boomerang","floor":13},{"not_picked":["Wild Strike","Entrench","Sever Soul"],"picked":"SKIP","floor":14},{"not_picked":["Berserk","Exhume"],"picked":"Barricade","floor":16},{"not_picked":["Pummel","Clash"],"picked":"Sword Boomerang","floor":17},{"not_picked":["Heavy Blade","Twin Strike"],"picked":"Inflame","floor":18},{"not_picked":["Corruption","Twin Strike","Clash"],"picked":"SKIP","floor":19},{"not_picked":["Burning Pact+1","Bloodletting"],"picked":"Battle Trance","floor":21},{"not_picked":["Twin Strike","Headbutt","Iron Wave"],"picked":"SKIP","floor":22}],"player_experience":2511450,"relics_obtained":[{"floor":6.0,"key":"Bronze Scales"},{"floor":9.0,"key":"Pantograph"},{"floor":13,"key":"Bag of Preparation"},{"floor":14,"key":"PreservedInsect"}],"event_choices":[{"cards_removed":["Strike_R"],"damage_healed":0.0,"max_hp_gain":0.0,"max_hp_loss":0.0,"gold_gain":0.0,"event_name":"Living Wall","player_choice":"Forget","floor":11.0,"gold_loss":0.0,"damage_taken":0.0},{"damage_healed":0,"gold_gain":0,"player_choice":"Searched \u00271\u0027 times","damage_taken":0,"max_hp_gain":0,"max_hp_loss":0,"event_name":"Dead Adventurer","floor":13,"gold_loss":0},{"damage_healed":0,"gold_gain":0,"player_choice":"Joined the Cult","damage_taken":6,"max_hp_gain":0,"max_hp_loss":0,"event_name":"Nest","floor":20,"gold_loss":0,"cards_obtained":["RitualDagger"]}],"is_beta":false,"boss_relics":[{"not_picked":["Pandora\u0027s Box","Snecko Eye"],"picked":"Tiny House"}],"items_purged_floors":[],"is_endless":false,"potions_floor_spawned":[2,5,6,8,13,19,21],"killed_by":"Shelled Parasite and Fungi","ascension_level":17}