{"gold_per_floor":[111,111,111,7,7,7,46,46,46,84,120,132],"floor_reached":12,"playtime":587,"items_purged":[],"score":268,"play_id":"925a8ece-d71c-49df-806e-cedba9db834a","local_time":"20190915010141","is_ascension_mode":true,"campfire_choices":[{"data":"Neutralize","floor":6,"key":"SMITH"},{"data":"Sucker Punch","floor":8,"key":"SMITH"}],"neow_cost":"NONE","seed_source_timestamp":1195030013325034,"circlet_count":0,"master_deck":["AscendersBane","Defend_G","Defend_G","Defend_G","Defend_G","Defend_G","Strike_G","Strike_G","Strike_G","Strike_G","Strike_G","Survivor","Neutralize+1","Slice","Sucker Punch+1","Deflect","Footwork","Heel Hook"],"relics":["Ring of the Snake","NeowsBlessing","Golden Idol","Paper Crane","Mummified Hand","Anchor","MawBank"],"potions_floor_usage":[],"damage_taken":[{"damage":0,"enemies":"2 Louse","floor":1,"turns":1},{"damage":0,"enemies":"Lagavulin","floor":7,"turns":1},{"damage":0,"enemies":"Gremlin Nob","floor":10,"turns":1},{"damage":0,"enemies":"Jaw Worm","floor":11,"turns":4},{"damage":36,"enemies":"Lagavulin","floor":12,"turns":15}],"seed_played":"8610757300145894346","potions_obtained":[{"floor":7,"key":"Energy Potion"}],"is_trial":false,"path_per_floor":["M","?","?","$","T","R","E","R","T","E","M","E"],"character_chosen":"THE_SILENT","items_purchased":["Sucker Punch","Deflect"],"campfire_rested":0,"item_purchase_floors":[4,4],"current_hp_per_floor":[59,59,52,52,52,52,52,52,52,52,52,16],"gold":132,"neow_bonus":"THREE_ENEMY_KILL","is_prod":false,"is_daily":false,"chose_seed":false,"campfire_upgraded":2,"win_rate":0,"timestamp":1568523701,"path_taken":["M","?","?","$","?","R","E","R","T","E","?","E"],"build_version":"2019-01-23","purchased_purges":0,"victory":false,"max_hp_per_floor":[66,66,66,66,66,66,66,66,66,66,66,66],"card_choices":[{"not_picked":["Bane","Catalyst"],"picked":"Slice","floor":1},{"not_picked":["Deadly Poison","Skewer"],"picked":"Footwork","floor":7},{"not_picked":["Tactician","Prepared","Reflex"],"picked":"SKIP","floor":10},{"not_picked":["Dagger Throw","Endless Agony"],"picked":"Heel Hook","floor":11}],"player_experience":2943413,"relics_obtained":[{"floor":5,"key":"Paper Crane"},{"floor":7,"key":"Mummified Hand"},{"floor":9,"key":"Anchor"},{"floor":10,"key":"MawBank"}],"event_choices":[{"damage_healed":0,"gold_gain":0,"player_choice":"Take Wound","damage_taken":0,"relics_obtained":["Golden Idol"],"max_hp_gain":0,"max_hp_loss":0,"event_name":"Golden Idol","floor":2,"gold_loss":0,"cards_obtained":["Injury"]},{"cards_removed":["Injury"],"damage_healed":0,"gold_gain":0,"player_choice":"Card Removal","damage_taken":7,"max_hp_gain":0,"max_hp_loss":0,"event_name":"Golden Wing","floor":3,"gold_loss":0}],"is_beta":false,"boss_relics":[],"items_purged_floors":[],"is_endless":false,"potions_floor_spawned":[7],"killed_by":"Lagavulin","ascension_level":20}