{"gold_per_floor":[209,226,246,258,47,47,58,58,58,58,58,91,109,129,129,201,201,217,49,49,68,87,87,117,117,117,131,131,199,199,216,216,216],"floor_reached":33,"playtime":1972,"items_purged":[],"score":538,"play_id":"8096f088-f186-48e9-a2b1-412855182e66","local_time":"20190818001507","is_ascension_mode":true,"campfire_choices":[{"data":"Carnage","floor":6.0,"key":"SMITH"},{"data":"Bludgeon","floor":8.0,"key":"SMITH"},{"data":"Combust","floor":10.0,"key":"SMITH"},{"data":"Flame Barrier","floor":15.0,"key":"SMITH"},{"data":"Immolate","floor":23.0,"key":"SMITH"},{"floor":25.0,"key":"REST"},{"floor":32.0,"key":"REST"}],"neow_cost":"NONE","seed_source_timestamp":673053103674303,"circlet_count":0,"master_deck":["AscendersBane","Strike_R","Strike_R","Strike_R","Strike_R","Defend_R","Defend_R","Defend_R","Defend_R","Bash","Thunderclap","Carnage+1","Shrug It Off","Bludgeon+1","Combust+1","Wild Strike","Flame Barrier+1","Sword Boomerang","Immolate+1","Rupture","Clothesline+1","Reaper"],"special_seed":0,"relics":["Burning Blood","Medical Kit","Kunai","Singing Bowl","Snecko Eye","Anchor","Bottled Flame","Centennial Puzzle","Peace Pipe","The Courier"],"potions_floor_usage":[33],"damage_taken":[{"damage":1.0,"enemies":"Cultist","floor":1.0,"turns":3.0},{"damage":19.0,"enemies":"Jaw Worm","floor":2.0,"turns":4.0},{"damage":3.0,"enemies":"Small Slimes","floor":3.0,"turns":3.0},{"damage":11.0,"enemies":"Blue Slaver","floor":4.0,"turns":4.0},{"damage":0.0,"enemies":"Large Slime","floor":7.0,"turns":4.0},{"damage":8.0,"enemies":"Gremlin Nob","floor":12.0,"turns":3.0},{"damage":26.0,"enemies":"Exordium Thugs","floor":13.0,"turns":3.0},{"damage":11.0,"enemies":"Looter","floor":14.0,"turns":2.0},{"damage":38.0,"enemies":"The Guardian","floor":16.0,"turns":11.0},{"damage":1.0,"enemies":"Chosen","floor":18.0,"turns":2.0},{"damage":0.0,"enemies":"Spheric Guardian","floor":21.0,"turns":1.0},{"damage":14.0,"enemies":"3 Cultists","floor":22.0,"turns":4.0},{"damage":54.0,"enemies":"Slavers","floor":24.0,"turns":4.0},{"damage":0.0,"enemies":"Centurion and Healer","floor":27.0,"turns":3.0},{"damage":2.0,"enemies":"Cultist and Chosen","floor":31.0,"turns":3.0},{"damage":97,"enemies":"Collector","floor":33,"turns":10}],"seed_played":"6391195173875258037","potions_obtained":[{"floor":2.0,"key":"Energy Potion"},{"floor":7.0,"key":"GamblersBrew"},{"floor":14.0,"key":"Block Potion"},{"floor":16.0,"key":"SneckoOil"},{"floor":22.0,"key":"PowerPotion"},{"floor":27.0,"key":"Ancient Potion"},{"floor":31.0,"key":"Explosive Potion"}],"is_trial":false,"path_per_floor":["M","M","M","M","$","R","M","R","T","R","?","E","M","M","R","B",null,"M","$","T","M","M","R","E","R","T","M","?","T","?","M","R","B"],"character_chosen":"IRONCLAD","items_purchased":["Medical Kit","Anchor"],"campfire_rested":2,"item_purchase_floors":[5,19],"current_hp_per_floor":[73,60,63,58,58,58,64,64,64,64,75,73,53,48,48,16,60,65,65,65,71,65,65,19,42,42,50,50,50,50,54,78,0],"gold":216,"neow_bonus":"HUNDRED_GOLD","is_prod":false,"is_daily":false,"chose_seed":false,"campfire_upgraded":5,"win_rate":0,"timestamp":1566101707,"path_taken":["M","M","M","?","$","R","M","R","T","R","?","E","M","M","R","BOSS","M","$","?","M","?","R","E","R","T","M","?","?","?","M","R","BOSS"],"build_version":"2019-01-23","purchased_purges":0,"victory":false,"max_hp_per_floor":[75,75,75,75,75,75,75,75,75,75,75,75,75,75,75,75,75,75,75,75,75,77,77,79,79,79,81,81,81,81,81,81,81],"card_choices":[{"not_picked":["Iron Wave","Perfected Strike"],"picked":"Thunderclap","floor":1.0},{"not_picked":["Bloodletting","Clothesline"],"picked":"Carnage","floor":2.0},{"not_picked":["Sword Boomerang","Entrench"],"picked":"Shrug It Off","floor":3.0},{"not_picked":["Clash","Sever Soul"],"picked":"Bludgeon","floor":4.0},{"not_picked":["Metallicize","Iron Wave"],"picked":"Combust","floor":7.0},{"not_picked":["Clash","Heavy Blade"],"picked":"Wild Strike","floor":12.0},{"not_picked":["Spot Weakness","Thunderclap"],"picked":"Flame Barrier","floor":13.0},{"not_picked":["Body Slam","Heavy Blade"],"picked":"Sword Boomerang","floor":14.0},{"not_picked":["Feed","Brutality"],"picked":"Immolate","floor":16.0},{"not_picked":["Heavy Blade","Clothesline"],"picked":"Rupture","floor":18.0},{"not_picked":["Pommel Strike","Anger"],"picked":"Clothesline+1","floor":21.0},{"not_picked":["Flex","Cleave","Clothesline+1"],"picked":"Singing Bowl","floor":22.0},{"not_picked":["Pommel Strike","Uppercut","Clothesline"],"picked":"Singing Bowl","floor":24.0},{"not_picked":["Shrug It Off","Havoc","Seeing Red+1"],"picked":"Singing Bowl","floor":27.0},{"not_picked":["Wild Strike+1","Pummel"],"picked":"Reaper","floor":31.0}],"player_experience":2821176,"relics_obtained":[{"floor":9.0,"key":"Kunai"},{"floor":12.0,"key":"Singing Bowl"},{"floor":20.0,"key":"Bottled Flame"},{"floor":24.0,"key":"Centennial Puzzle"},{"floor":26.0,"key":"Peace Pipe"},{"floor":29.0,"key":"The Courier"}],"event_choices":[{"damage_healed":11.0,"max_hp_gain":0.0,"max_hp_loss":0.0,"gold_gain":0.0,"event_name":"Wheel of Change","player_choice":"Full Heal","floor":11.0,"gold_loss":0.0,"damage_taken":0.0},{"damage_healed":0.0,"max_hp_gain":0.0,"max_hp_loss":0.0,"gold_gain":0.0,"event_name":"The Mausoleum","player_choice":"Ignored","floor":28.0,"gold_loss":0.0,"damage_taken":0.0},{"cards_removed":["Strike_R"],"damage_healed":0.0,"max_hp_gain":0.0,"max_hp_loss":0.0,"gold_gain":0.0,"event_name":"Purifier","player_choice":"Purged","floor":30.0,"gold_loss":0.0,"damage_taken":0.0}],"is_beta":false,"boss_relics":[{"not_picked":["Pandora\u0027s Box","White Beast Statue"],"picked":"Snecko Eye"}],"items_purged_floors":[],"is_endless":false,"potions_floor_spawned":[2,7,14,16,22,27,31],"killed_by":"Collector","ascension_level":20}