{"gold_per_floor":[118,43,43,53,53,70,70,81,161,193,193,212,240,205,205,310,310,323,339,339,339,1,1,33,49,122,133,93,106,106,116,116,212,212,228,177,277,295,309,309,337,337,364,364,375,43,57,67,67,67],"floor_reached":50,"playtime":9064,"items_purged":["Strike_G"],"score":777,"play_id":"99edc53c-07b9-4367-9870-c564c604fbd7","local_time":"20180720012419","is_ascension_mode":true,"campfire_choices":[{"data":"PiercingWail","floor":7,"key":"SMITH"},{"floor":11,"key":"REST"},{"floor":15,"key":"REST"},{"data":"Burst","floor":23,"key":"SMITH"},{"floor":30,"key":"REST"},{"data":"Tools of the Trade","floor":32,"key":"SMITH"},{"data":"Burst","floor":40,"key":"SMITH"},{"data":"Footwork","floor":44,"key":"SMITH"},{"data":"Noxious Fumes","floor":49,"key":"SMITH"}],"neow_cost":"NONE","seed_source_timestamp":1986464776039800,"circlet_count":0,"master_deck":["Defend_G","Defend_G","Defend_G","Survivor","Neutralize+1","Heel Hook","Accuracy","PiercingWail+1","Sucker Punch","Sucker Punch","Flying Knee","Tools of the Trade+1","Leg Sweep","Burst+1","Blur+1","Bite","Bite","Bite","Bite","Bite","Noxious Fumes","Prepared","Terror","Noxious Fumes+1","Footwork+1","Burst+1","Prepared","PiercingWail+1","Outmaneuver+1","Leg Sweep","Backflip+1","Poisoned Stab","Underhanded Strike+1"],"relics":["Ring of the Snake","Toolbox","Singing Bowl","Unceasing Top","Sozu","Incense Burner","Blood Vial","Kunai","Lizard Tail","Bag of Preparation","Ginger","Anchor","Calipers"],"potions_floor_usage":[10,13,13,16],"damage_taken":[{"damage":0,"enemies":"Cultist","floor":1,"turns":4},{"damage":2,"enemies":"2 Louse","floor":4,"turns":3},{"damage":1,"enemies":"Jaw Worm","floor":6,"turns":4},{"damage":2,"enemies":"2 Fungi Beasts","floor":8,"turns":3},{"damage":33,"enemies":"3 Sentries","floor":10,"turns":15},{"damage":0,"enemies":"3 Louse","floor":12,"turns":2},{"damage":20,"enemies":"Lagavulin","floor":13,"turns":8},{"damage":13,"enemies":"The Guardian","floor":16,"turns":20},{"damage":14,"enemies":"Spheric Guardian","floor":18,"turns":8},{"damage":11,"enemies":"Chosen","floor":19,"turns":9},{"damage":46,"enemies":"Book of Stabbing","floor":24,"turns":10},{"damage":19,"enemies":"3 Cultists","floor":25,"turns":8},{"damage":22,"enemies":"Centurion and Healer","floor":27,"turns":12},{"damage":29,"enemies":"Slaver and Parasite","floor":29,"turns":9},{"damage":3,"enemies":"Snecko","floor":31,"turns":5},{"damage":15,"enemies":"Champ","floor":33,"turns":16},{"damage":25,"enemies":"Orb Walker","floor":35,"turns":6},{"damage":51,"enemies":"3 Shapes","floor":38,"turns":3},{"damage":30,"enemies":"3 Darklings","floor":39,"turns":23},{"damage":37,"enemies":"Giant Head","floor":41,"turns":10},{"damage":13,"floor":42,"turns":8},{"damage":0,"enemies":"4 Shapes","floor":45,"turns":3},{"damage":3,"enemies":"Sphere and 2 Shapes","floor":47,"turns":6},{"damage":0,"enemies":"Maw","floor":48,"turns":8},{"damage":86,"enemies":"Time Eater","floor":50,"turns":14}],"seed_played":"-4879133307345503513","potions_obtained":[{"floor":4,"key":"Block Potion"},{"floor":8,"key":"Fire Potion"},{"floor":10,"key":"Swift Potion"},{"floor":12,"key":"SkillPotion"}],"is_trial":false,"path_per_floor":["M","$","?","M","?","M","R","M","T","E","R","M","E","?","R","B",null,"M","M","?","?","$","R","E","M","T","M","$","M","R","M","R","B",null,"M","$","?","M","M","R","E","?","T","R","M","$","M","M","R"],"character_chosen":"THE_SILENT","items_purchased":["Incense Burner","Noxious Fumes","Terror","Prepared","Calipers","Poisoned Stab"],"campfire_rested":3,"item_purchase_floors":[22,22,28,36,46,46],"current_hp_per_floor":[70,70,70,68,61,60,60,58,58,25,46,46,26,43,64,51,70,58,47,47,47,47,47,18,23,23,25,25,20,36,49,49,54,54,33,33,33,28,52,52,34,51,51,51,58,58,60,60,60,0],"gold":67,"neow_bonus":"UPGRADE_CARD","is_prod":false,"is_daily":false,"chose_seed":false,"campfire_upgraded":6,"win_rate":0,"timestamp":1532064259,"path_taken":["M","?","?","?","?","M","R","M","T","E","R","M","E","?","R","BOSS","M","M","?","?","$","R","E","M","T","M","?","?","R","M","R","BOSS","M","$","?","M","M","R","E","?","T","R","M","$","M","M","R","BOSS"],"build_version":"2018-06-21v2","purchased_purges":1,"victory":false,"max_hp_per_floor":[70,70,70,70,70,70,70,70,70,70,70,70,70,70,70,70,70,72,72,50,50,50,50,52,54,54,54,54,54,54,54,54,54,54,56,56,56,56,56,56,56,56,56,56,58,58,60,60,60,60],"card_choices":[{"not_picked":["Outmaneuver","Quick Slash"],"picked":"Heel Hook","floor":1},{"not_picked":["Slice","Skewer"],"picked":"PiercingWail","floor":4},{"not_picked":["Acrobatics","Poisoned Stab"],"picked":"Sucker Punch","floor":6},{"not_picked":["Finisher","Outmaneuver"],"picked":"Sucker Punch","floor":8},{"not_picked":["Deflect","Dagger Spray"],"picked":"Flying Knee","floor":10},{"not_picked":["Terror","Eviscerate"],"picked":"Tools of the Trade","floor":12},{"not_picked":["Die Die Die","Prepared"],"picked":"Leg Sweep","floor":13},{"not_picked":["Die Die Die","Envenom"],"picked":"Burst","floor":16},{"not_picked":["Flying Knee","Masterful Stab","Dodge and Roll+1"],"picked":"Singing Bowl","floor":18},{"not_picked":["Sucker Punch+1","Endless Agony"],"picked":"Blur+1","floor":19},{"not_picked":["Outmaneuver","Acrobatics","All Out Attack"],"picked":"Singing Bowl","floor":24},{"not_picked":["Expertise","Quick Slash+1","Reflex+1"],"picked":"Singing Bowl","floor":25},{"not_picked":["Quick Slash","Finisher"],"picked":"Prepared","floor":27},{"not_picked":["Accuracy","Poisoned Stab"],"picked":"Noxious Fumes","floor":29},{"not_picked":["Terror","Underhanded Strike+1"],"picked":"Footwork","floor":31},{"not_picked":["Venomology","Die Die Die"],"picked":"Burst","floor":33},{"not_picked":["Bane+1","Distraction","Outmaneuver"],"picked":"Singing Bowl","floor":35},{"not_picked":["Footwork","Dagger Spray"],"picked":"PiercingWail+1","floor":38},{"not_picked":["Predator+1","Caltrops+1"],"picked":"Outmaneuver+1","floor":39},{"not_picked":["Dagger Spray+1","Reflex"],"picked":"Leg Sweep","floor":41},{"not_picked":["Sucker Punch+1","Malaise+1"],"picked":"Backflip+1","floor":42},{"not_picked":["Terror","Dodge and Roll","Deflect+1"],"picked":"Singing Bowl","floor":45},{"not_picked":["Outmaneuver","Backflip","Eviscerate+1"],"picked":"Singing Bowl","floor":47},{"not_picked":["All Out Attack","Well Laid Plans"],"picked":"Underhanded Strike+1","floor":48}],"player_experience":1311764,"relics_obtained":[{"floor":9,"key":"Toolbox"},{"floor":10,"key":"Singing Bowl"},{"floor":13,"key":"Unceasing Top"},{"floor":24,"key":"Blood Vial"},{"floor":26,"key":"Kunai"},{"floor":41,"key":"Bag of Preparation"},{"floor":42,"key":"Ginger"},{"floor":43,"key":"Anchor"}],"event_choices":[{"event_name":"Living Wall","player_choice":"Change","floor":3,"damage_taken":0},{"event_name":"Golden Wing","player_choice":"Card Removal","floor":5,"damage_taken":0},{"event_name":"The Cleric","player_choice":"Healed","floor":14,"damage_taken":0},{"event_name":"Vampires","player_choice":"Became a vampire","floor":20,"damage_taken":0},{"event_name":"Back to Basics","player_choice":"Elegance","floor":21,"damage_taken":0},{"event_name":"Golden Shrine","player_choice":"Pray","floor":37,"damage_taken":0},{"event_name":"MindBloom","player_choice":"Fight","floor":42,"damage_taken":0}],"boss_relics":[{"not_picked":["Runic Pyramid","Orrery"],"picked":"Sozu"},{"not_picked":["Calling Bell","Snecko Eye"],"picked":"Lizard Tail"}],"items_purged_floors":[2],"is_endless":false,"potions_floor_spawned":[4,8,10,12,18,25,29,33,35,39,47,48],"killed_by":"Time Eater","ascension_level":3}