{"gold_per_floor":[114,129,144,144,159,189,219,219,269,284,299,299,89,104,104,204,204,219,219,219,234,264,294,294,309,309,20,35,50,50,65,65,165,165,180,0,35,50,65,65,95,130,205,205,205,205,230,265,265,265],"floor_reached":51,"playtime":5118,"items_purged":["Defend_B"],"score":733,"play_id":"21c970c1-e30d-4321-a7d1-b17fbe50de5f","local_time":"20190721012314","daily_mods":["Chimera","Uncertain Future","DeadlyEvents"],"is_ascension_mode":false,"campfire_choices":[{"data":"Streamline","floor":8.0,"key":"SMITH"},{"floor":12.0,"key":"REST"},{"data":"Rainbow","floor":15.0,"key":"SMITH"},{"data":"Static Discharge","floor":24,"key":"SMITH"},{"floor":30,"key":"REST"},{"data":"Go for the Eyes","floor":32,"key":"SMITH"},{"floor":40,"key":"REST"},{"floor":46,"key":"REST"},{"data":"Reinforced Body","floor":49,"key":"SMITH"}],"neow_cost":"","seed_source_timestamp":0,"circlet_count":0,"master_deck":["Bash","Survivor","Zap","Strike_R","Strike_G","Defend_R","Defend_G","Cold Snap","Ball Lightning","Beam Cell","Ball Lightning","Sweeping Beam","Rainbow+1","Streamline+1","Reinforced Body+1","Compile Driver","Go for the Eyes+1","Static Discharge+1","Turbo","FTL","Core Surge","Core Surge","Conserve Battery+1","Biased Cognition","Double Energy+1","Leap+1","Loop+1","Capacitor","Defragment+1","Electrodynamics","Darkness+1","HandOfGreed","Chill+1","Hologram+1","Go for the Eyes+1","Consume+1","Hologram+1","Dark Shackles+1","Stack+1"],"special_seed":18098,"relics":["Cracked Core","Dream Catcher","Regal Pillow","PreservedInsect","Velvet Choker","Art of War","Nunchaku","Toxic Egg 2","Ornamental Fan","White Beast Statue","Centennial Puzzle","The Courier","DataDisk"],"potions_floor_usage":[29,33,35,39],"damage_taken":[{"damage":0.0,"enemies":"Jaw Worm","floor":1.0,"turns":4.0},{"damage":0.0,"enemies":"Cultist","floor":2.0,"turns":3.0},{"damage":7.0,"enemies":"Small Slimes","floor":3.0,"turns":3.0},{"damage":7.0,"enemies":"2 Fungi Beasts","floor":5.0,"turns":2.0},{"damage":4.0,"enemies":"Gremlin Nob","floor":6.0,"turns":3.0},{"damage":14.0,"enemies":"Lagavulin","floor":7.0,"turns":5.0},{"damage":13.0,"enemies":"Lots of Slimes","floor":10.0,"turns":3.0},{"damage":2.0,"enemies":"Large Slime","floor":11.0,"turns":4.0},{"damage":0.0,"enemies":"3 Louse","floor":14.0,"turns":2.0},{"damage":31.0,"enemies":"The Guardian","floor":16.0,"turns":9.0},{"damage":10.0,"enemies":"Shell Parasite","floor":18.0,"turns":3.0},{"damage":13,"enemies":"Colosseum Slavers","floor":19,"turns":3},{"damage":0,"enemies":"Chosen","floor":21,"turns":3},{"damage":8,"enemies":"Book of Stabbing","floor":22,"turns":4},{"damage":0,"enemies":"Gremlin Leader","floor":23,"turns":3},{"damage":9,"enemies":"Centurion and Healer","floor":25,"turns":4},{"damage":23,"enemies":"Shelled Parasite and Fungi","floor":28,"turns":4},{"damage":5,"enemies":"3 Cultists","floor":29,"turns":5},{"damage":8,"enemies":"Snecko","floor":31,"turns":5},{"damage":9,"enemies":"Champ","floor":33,"turns":10},{"damage":14,"enemies":"3 Darklings","floor":35,"turns":5},{"damage":9,"enemies":"3 Shapes","floor":37,"turns":5},{"damage":24,"enemies":"Sphere and 2 Shapes","floor":38,"turns":5},{"damage":12,"enemies":"Writhing Mass","floor":39,"turns":7},{"damage":21,"enemies":"Nemesis","floor":41,"turns":5},{"damage":9,"enemies":"4 Shapes","floor":42,"turns":4},{"damage":3,"enemies":"Jaw Worm Horde","floor":48,"turns":6},{"damage":54,"enemies":"Time Eater","floor":50,"turns":10}],"seed_played":"-4166405544974942499","potions_obtained":[{"floor":2.0,"key":"Regen Potion"},{"floor":7.0,"key":"LiquidBronze"},{"floor":11.0,"key":"Poison Potion"},{"floor":16.0,"key":"LiquidBronze"},{"floor":21,"key":"SkillPotion"},{"floor":31,"key":"Regen Potion"},{"floor":35,"key":"FearPotion"},{"floor":37,"key":"Weak Potion"},{"floor":39,"key":"SpeedPotion"}],"is_trial":false,"path_per_floor":["M","M","M","?","M","E","E","R","T","M","M","R","$","M","R","B",null,"M","?","?","M","E","E","R","M","T","$","M","M","R","M","R","B",null,"M","$","M","M","M","R","E","M","T","?","?","R","T","M","R","B",null],"character_chosen":"DEFECT","items_purchased":["Static Discharge","Turbo","Ornamental Fan","Double Energy+1","HandOfGreed"],"campfire_rested":4,"item_purchase_floors":[13,13,27,27,36],"current_hp_per_floor":[75,75,68,68,61,57,43,43,43,30,28,65,65,65,65,34,75,65,52,52,52,44,44,44,35,35,35,12,21,58,50,50,56,75,61,61,52,28,16,53,32,23,23,23,23,60,60,57,57,3],"gold":265,"neow_bonus":"","is_prod":false,"is_daily":true,"chose_seed":false,"campfire_upgraded":5,"win_rate":0,"timestamp":1563686594,"path_taken":["M","M","M","?","?","E","?","R","T","M","M","R","$","M","R","BOSS","M","?","?","M","?","E","R","M","T","$","M","M","R","M","R","BOSS","M","$","M","M","M","R","E","M","T","?","?","R","?","M","R","BOSS"],"build_version":"2019-01-23","purchased_purges":1,"victory":true,"max_hp_per_floor":[75,75,75,75,75,75,75,75,75,75,75,75,75,75,75,75,75,75,75,75,75,75,75,75,75,75,75,75,75,75,75,75,75,75,75,75,75,75,75,75,75,75,75,75,75,75,75,75,75,75],"card_choices":[{"not_picked":["Rebound","Barrage"],"picked":"Cold Snap","floor":1.0},{"not_picked":["Rebound","Leap"],"picked":"Ball Lightning","floor":2.0},{"not_picked":["Barrage","Coolheaded"],"picked":"Beam Cell","floor":3.0},{"not_picked":["Leap","Gash"],"picked":"Sweeping Beam","floor":5.0},{"not_picked":["Auto Shields","Storm"],"picked":"Rainbow","floor":6.0},{"not_picked":["Stack","Turbo"],"picked":"Streamline","floor":7.0},{"not_picked":["Undo","Leap"],"picked":"Reinforced Body","floor":10.0},{"not_picked":["Beam Cell","Gash"],"picked":"Compile Driver","floor":11.0},{"not_picked":["Double Energy","Loop"],"picked":"Go for the Eyes","floor":12.0},{"not_picked":["Beam Cell","Heatsinks"],"picked":"FTL","floor":14.0},{"not_picked":["Amplify","Seek"],"picked":"Core Surge","floor":16.0},{"not_picked":["Ball Lightning","Leap","Coolheaded"],"picked":"SKIP","floor":18.0},{"not_picked":["Barrage","Rip and Tear+1","Cold Snap"],"picked":"SKIP","floor":21},{"not_picked":["Blizzard","Ball Lightning","Undo"],"picked":"SKIP","floor":22},{"not_picked":["Redo+1","Genetic Algorithm+1"],"picked":"Conserve Battery+1","floor":23},{"not_picked":["Sweeping Beam","Steam Power"],"picked":"Biased Cognition","floor":25},{"not_picked":["Reprogram+1","Ball Lightning+1"],"picked":"Leap+1","floor":28},{"not_picked":["Stack+1","Conserve Battery+1"],"picked":"Loop+1","floor":29},{"not_picked":["Ball Lightning+1","Loop"],"picked":"Capacitor","floor":30},{"not_picked":["Sweeping Beam","Capacitor"],"picked":"Defragment+1","floor":31},{"not_picked":["Rainbow+1","Seek+1"],"picked":"Electrodynamics","floor":33},{"not_picked":["Steam+1","Turbo+1"],"picked":"Darkness+1","floor":35},{"not_picked":["Reprogram+1","Chaos+1"],"picked":"Chill+1","floor":37},{"not_picked":["Streamline+1","Ball Lightning+1","Beam Cell"],"picked":"SKIP","floor":38},{"not_picked":["Chaos+1","Double Energy+1"],"picked":"Hologram+1","floor":39},{"not_picked":["Loop","Turbo+1"],"picked":"Go for the Eyes+1","floor":40},{"not_picked":["Redo+1","Heatsinks"],"picked":"Consume+1","floor":41},{"not_picked":["Storm","Steam+1"],"picked":"Hologram+1","floor":42},{"not_picked":["Secret Technique+1","Flash of Steel"],"picked":"Dark Shackles+1","floor":45},{"not_picked":["Compile Driver+1","Tempest+1"],"picked":"Stack+1","floor":46},{"not_picked":["Streamline","Ball Lightning+1","Gash+1"],"picked":"SKIP","floor":48}],"player_experience":2711762,"relics_obtained":[{"floor":6.0,"key":"Dream Catcher"},{"floor":7.0,"key":"Regal Pillow"},{"floor":9.0,"key":"PreservedInsect"},{"floor":22,"key":"Art of War"},{"floor":23,"key":"Nunchaku"},{"floor":26,"key":"Toxic Egg 2"},{"floor":41,"key":"Centennial Puzzle"},{"floor":43,"key":"The Courier"},{"floor":47,"key":"DataDisk"}],"event_choices":[{"damage_healed":0.0,"max_hp_gain":0.0,"max_hp_loss":0.0,"gold_gain":0.0,"cards_transformed":["Strike_B"],"event_name":"Transmorgrifier","player_choice":"Transformed","floor":4.0,"gold_loss":0.0,"damage_taken":0.0,"cards_obtained":["Ball Lightning"]},{"damage_healed":0,"gold_gain":0,"player_choice":"Fight","damage_taken":0,"max_hp_gain":0,"max_hp_loss":0,"event_name":"Colosseum","floor":19,"gold_loss":0},{"damage_healed":0,"gold_gain":0,"player_choice":"Fled From Nobs","damage_taken":0,"max_hp_gain":0,"max_hp_loss":0,"event_name":"Colosseum","floor":19,"gold_loss":0},{"damage_healed":0,"gold_gain":0,"player_choice":"Copied","damage_taken":0,"max_hp_gain":0,"max_hp_loss":0,"event_name":"Duplicator","floor":20,"gold_loss":0,"cards_obtained":["Core Surge"]},{"damage_healed":0,"gold_gain":0,"player_choice":"Ignored","damage_taken":0,"max_hp_gain":0,"max_hp_loss":0,"event_name":"The Moai Head","floor":44,"gold_loss":0},{"damage_healed":0,"gold_gain":0,"player_choice":"Memory 1","damage_taken":0,"max_hp_gain":0,"max_hp_loss":0,"event_name":"SensoryStone","floor":45,"gold_loss":0}],"is_beta":false,"boss_relics":[{"not_picked":["Eternal Feather","Calling Bell"],"picked":"Velvet Choker"},{"not_picked":["Philosopher\u0027s Stone","Empty Cage"],"picked":"White Beast Statue"}],"items_purged_floors":[13],"is_endless":false,"potions_floor_spawned":[2,7,11,16,19,21,25,31,35,37,38,39,41,42,48],"ascension_level":0}