{"gold_per_floor":[117,18,18,32,207,207,235,191,218,218,232,11,26,40,40,137,137,149,1,12,28,28,28],"floor_reached":23,"playtime":690,"items_purged":[],"score":216,"play_id":"76a38741-6813-43d8-874e-29e178c35108","local_time":"20190726191822","is_ascension_mode":false,"campfire_choices":[{"data":"Consume","floor":6,"key":"SMITH"},{"floor":15,"key":"REST"}],"neow_cost":"NONE","seed_source_timestamp":121100528478405,"circlet_count":0,"master_deck":["Strike_B","Strike_B","Strike_B","Strike_B","Defend_B","Defend_B","Defend_B","Defend_B","Zap","Dualcast","Streamline","Consume+1","Defragment","Coolheaded","Ball Lightning","Doubt","Thunder Strike+1","Rebound","Redo","Barrage","Sweeping Beam","Steam","Meteor Strike","Beam Cell","Glacier","Rip and Tear","Stack","Leap+1","Ghostly","Ghostly","Ghostly","Ghostly","Ghostly"],"relics":["Cracked Core","Anchor","Happy Flower","Boot","Nuclear Battery"],"potions_floor_usage":[14,14,18],"damage_taken":[{"damage":1,"enemies":"Cultist","floor":1,"turns":3},{"damage":9,"enemies":"2 Louse","floor":4,"turns":3},{"damage":27,"enemies":"Lagavulin","floor":7,"turns":6},{"damage":0,"enemies":"Small Slimes","floor":11,"turns":2},{"damage":2,"enemies":"Blue Slaver","floor":13,"turns":2},{"damage":3,"enemies":"2 Fungi Beasts","floor":14,"turns":3},{"damage":56,"enemies":"Slime Boss","floor":16,"turns":10},{"damage":9,"enemies":"Spheric Guardian","floor":18,"turns":4},{"damage":24,"enemies":"2 Thieves","floor":20,"turns":3},{"damage":37,"enemies":"Snecko","floor":21,"turns":6},{"damage":11,"enemies":"Slavers","floor":23,"turns":1}],"seed_played":"-2026701732732911809","potions_obtained":[{"floor":11,"key":"Regen Potion"},{"floor":13,"key":"PowerPotion"},{"floor":16,"key":"SpeedPotion"}],"is_trial":false,"path_per_floor":["M","$","?","M","?","R","E","?","T","?","M","$","M","M","R","B",null,"M","$","M","M","?","E"],"character_chosen":"DEFECT","items_purchased":["Defragment","Coolheaded","Boot","Redo","Barrage","Glacier","Rip and Tear"],"campfire_rested":1,"item_purchase_floors":[2,2,12,12,12,19,19],"current_hp_per_floor":[74,74,79,70,70,70,43,43,43,43,43,43,41,47,71,15,80,71,71,47,10,10,0],"gold":28,"neow_bonus":"THREE_CARDS","is_prod":false,"is_daily":false,"chose_seed":false,"campfire_upgraded":1,"win_rate":0.0,"timestamp":1564179502,"path_taken":["M","$","?","M","?","R","E","?","T","?","M","$","M","?","R","BOSS","M","$","M","M","?","E"],"build_version":"2019-07-17","purchased_purges":0,"victory":false,"max_hp_per_floor":[75,75,80,80,80,80,80,80,80,80,80,80,80,80,80,80,80,80,80,80,80,40,40],"card_choices":[{"not_picked":["Gash","Barrage"],"picked":"Streamline","floor":0},{"not_picked":["Streamline","Storm"],"picked":"Consume","floor":1},{"not_picked":["Storm","Cold Snap"],"picked":"Ball Lightning","floor":4},{"not_picked":["Recycle","Aggregate"],"picked":"Thunder Strike","floor":7},{"not_picked":["Turbo","Sweeping Beam"],"picked":"Rebound","floor":11},{"not_picked":["Rebound","Compile Driver"],"picked":"Sweeping Beam","floor":13},{"not_picked":["Sweeping Beam","Barrage"],"picked":"Steam","floor":14},{"not_picked":["Buffer","Thunder Strike"],"picked":"Meteor Strike","floor":16},{"not_picked":["Hologram","Reprogram"],"picked":"Beam Cell","floor":18},{"not_picked":["Cold Snap","Streamline"],"picked":"Stack","floor":20},{"not_picked":["Ball Lightning","Coolheaded"],"picked":"Leap+1","floor":21}],"player_experience":239599,"relics_obtained":[{"floor":7,"key":"Anchor"},{"floor":9,"key":"Happy Flower"}],"event_choices":[{"damage_healed":0,"gold_gain":0,"player_choice":"Donut","damage_taken":0,"max_hp_gain":5,"max_hp_loss":0,"event_name":"Big Fish","floor":3,"gold_loss":0},{"damage_healed":0,"gold_gain":175,"player_choice":"AGREE","damage_taken":0,"max_hp_gain":0,"max_hp_loss":0,"event_name":"Liars Game","floor":5,"gold_loss":0,"cards_obtained":["Doubt"]},{"damage_healed":0,"gold_gain":0,"player_choice":"Left Gold","damage_taken":0,"max_hp_gain":0,"max_hp_loss":0,"event_name":"World of Goop","floor":8,"gold_loss":44},{"damage_healed":0,"gold_gain":0,"player_choice":"Grow","damage_taken":0,"max_hp_gain":0,"max_hp_loss":0,"event_name":"Living Wall","floor":10,"gold_loss":0,"cards_upgraded":["Thunder Strike"]},{"damage_healed":0,"gold_gain":0,"player_choice":"Became a Ghost","damage_taken":0,"max_hp_gain":0,"max_hp_loss":40,"event_name":"Ghosts","floor":22,"gold_loss":0,"cards_obtained":["Ghostly","Ghostly","Ghostly","Ghostly","Ghostly"]}],"is_beta":false,"boss_relics":[{"not_picked":["Astrolabe","Calling Bell"],"picked":"Nuclear Battery"}],"items_purged_floors":[],"is_endless":false,"potions_floor_spawned":[11,13,16],"killed_by":"Slavers","ascension_level":0}