{"gold_per_floor":[113,5,80,97,272,272,290,290,317,317,333,344,357,40,40,145,145,112,132,0,14,14],"floor_reached":22,"playtime":990,"items_purged":["Doubt"],"score":196,"play_id":"1505080e-6f64-4444-ad82-c9741df8fbfc","local_time":"20190831115329","is_ascension_mode":true,"campfire_choices":[{"floor":6,"key":"REST"},{"floor":8,"key":"REST"},{"data":"Rage","floor":10,"key":"SMITH"},{"floor":15,"key":"REST"}],"neow_cost":"NONE","seed_source_timestamp":125974795747281,"circlet_count":0,"master_deck":["Strike_R","Strike_R","Strike_R","Strike_R","Strike_R","Defend_R","Defend_R","Defend_R","Defend_R","Bash","Pommel Strike","Rage+1","Bloodletting","Disarm","Iron Wave","Perfected Strike","Spot Weakness","Thunderclap","Cleave","Heavy Blade","Reaper","Wild Strike","Flame Barrier","Infernal Blade","Heavy Blade","Clothesline","Metallicize+1"],"relics":["Burning Blood","PreservedInsect","Lizard Tail"],"potions_floor_usage":[0,7,11,13,16,16,16,21],"damage_taken":[{"damage":15,"enemies":"2 Louse","floor":1,"turns":4},{"damage":2,"enemies":"Cultist","floor":4,"turns":5},{"damage":19,"enemies":"Jaw Worm","floor":7,"turns":4},{"damage":25,"enemies":"3 Louse","floor":11,"turns":5},{"damage":27,"enemies":"Lots of Slimes","floor":12,"turns":4},{"damage":10,"enemies":"2 Fungi Beasts","floor":13,"turns":4},{"damage":79,"enemies":"Hexaghost","floor":16,"turns":11},{"damage":59,"enemies":"2 Thieves","floor":18,"turns":5},{"damage":44,"enemies":"Shell Parasite","floor":19,"turns":7},{"damage":40,"enemies":"Shelled Parasite and Fungi","floor":21,"turns":6},{"damage":14,"enemies":"Centurion and Healer","floor":22,"turns":4}],"seed_played":"-7454230936446319562","potions_obtained":[{"floor":0,"key":"EssenceOfSteel"},{"floor":0,"key":"PowerPotion"},{"floor":0,"key":"Fruit Juice"},{"floor":1,"key":"PowerPotion"},{"floor":7,"key":"PowerPotion"},{"floor":12,"key":"SkillPotion"},{"floor":13,"key":"Strength Potion"},{"floor":19,"key":"Explosive Potion"}],"is_trial":false,"path_per_floor":["M","$","?","M","?","R","M","R","T","R","M","M","M","$","R","B",null,"M","M","$","M","M"],"character_chosen":"IRONCLAD","items_purchased":["Rage","Bloodletting","BloodPotion","Cleave","Heavy Blade","BloodPotion","Infernal Blade","Heavy Blade","Clothesline"],"campfire_rested":3,"item_purchase_floors":[2,2,14,14,14,14,20,20,20],"current_hp_per_floor":[76,76,65,69,69,85,72,85,85,85,66,45,41,41,66,33,85,40,48,48,14,0],"gold":14,"neow_bonus":"THREE_SMALL_POTIONS","is_prod":false,"is_daily":false,"chose_seed":false,"campfire_upgraded":1,"win_rate":0,"timestamp":1567263209,"path_taken":["M","$","?","M","?","R","M","R","T","R","M","M","M","$","R","BOSS","M","M","$","M","M"],"build_version":"2019-07-17","purchased_purges":1,"victory":false,"max_hp_per_floor":[85,85,85,85,85,85,85,85,85,85,85,85,85,85,85,85,85,85,85,85,85,85],"card_choices":[{"not_picked":["Rampage","Reckless Charge"],"picked":"Pommel Strike","floor":1},{"not_picked":["Iron Wave","Blood for Blood"],"picked":"Disarm","floor":4},{"not_picked":["Blood for Blood","Body Slam"],"picked":"Iron Wave","floor":7},{"not_picked":["Spot Weakness","Inflame"],"picked":"Perfected Strike","floor":11},{"not_picked":["Clash","True Grit"],"picked":"Spot Weakness","floor":12},{"not_picked":["Spot Weakness","Flex"],"picked":"Thunderclap","floor":13},{"not_picked":["Exhume","Feed"],"picked":"Reaper","floor":16},{"not_picked":["Sentinel+1","Shockwave"],"picked":"Wild Strike","floor":18},{"not_picked":["Burning Pact","Havoc"],"picked":"Flame Barrier","floor":19},{"not_picked":["Sentinel+1","Armaments"],"picked":"Metallicize+1","floor":21}],"player_experience":361867,"relics_obtained":[{"floor":9,"key":"PreservedInsect"}],"event_choices":[{"damage_healed":0,"gold_gain":75,"player_choice":"Gather Gold","damage_taken":11,"max_hp_gain":0,"max_hp_loss":0,"event_name":"World of Goop","floor":3,"gold_loss":0},{"damage_healed":0,"gold_gain":175,"player_choice":"AGREE","damage_taken":0,"max_hp_gain":0,"max_hp_loss":0,"event_name":"Liars Game","floor":5,"gold_loss":0,"cards_obtained":["Doubt"]}],"is_beta":false,"boss_relics":[{"not_picked":["Pandora\u0027s Box","Black Blood"],"picked":"Lizard Tail"}],"items_purged_floors":[14],"is_endless":false,"potions_floor_spawned":[1,7,12,13,19],"killed_by":"Centurion and Healer","ascension_level":2}