{"gold_per_floor":[118,118,133,153,50,84,94,109,109,122,122,178,6,6,6,78,78,97,113,130,130],"floor_reached":21,"playtime":2067,"items_purged":[],"score":386,"play_id":"7577250c-e8bd-445e-a538-ab55be92d628","local_time":"20190915015034","is_ascension_mode":true,"campfire_choices":[{"floor":11.0,"key":"REST"},{"floor":15.0,"key":"REST"}],"neow_cost":"NONE","seed_source_timestamp":1196459536355152,"circlet_count":0,"master_deck":["AscendersBane","Defend_G","Defend_G","Defend_G","Defend_G","Defend_G","Strike_G","Strike_G","Strike_G","Strike_G","Strike_G","Survivor","Neutralize","Blade Dance","Cloak And Dagger","Neutralize","Cloak And Dagger","Noxious Fumes+1","Masterful Stab","Backflip","Corpse Explosion","Choke","Predator","Corpse Explosion","Finisher","Accuracy"],"special_seed":0,"relics":["Ring of the Snake","NeowsBlessing","Torii","Singing Bowl","Tiny Chest","Snake Skull","Cursed Key"],"potions_floor_usage":[18,21],"damage_taken":[{"damage":0.0,"enemies":"Cultist","floor":1.0,"turns":1.0},{"damage":0.0,"enemies":"Jaw Worm","floor":3.0,"turns":1.0},{"damage":0.0,"enemies":"Small Slimes","floor":4.0,"turns":1.0},{"damage":17.0,"enemies":"3 Sentries","floor":6.0,"turns":8.0},{"damage":1.0,"enemies":"Blue Slaver","floor":7.0,"turns":4.0},{"damage":7.0,"enemies":"Exordium Wildlife","floor":8.0,"turns":4.0},{"damage":1.0,"enemies":"Gremlin Gang","floor":10.0,"turns":3.0},{"damage":27.0,"enemies":"Lagavulin","floor":12.0,"turns":8.0},{"damage":18.0,"enemies":"The Guardian","floor":16.0,"turns":11.0},{"damage":3,"enemies":"Shell Parasite","floor":18,"turns":4},{"damage":18,"enemies":"Chosen","floor":19,"turns":4},{"damage":24,"enemies":"Snake Plant","floor":20,"turns":4},{"damage":23,"enemies":"Shelled Parasite and Fungi","floor":21,"turns":2}],"seed_played":"7600007970020206432","potions_obtained":[{"floor":4.0,"key":"Fruit Juice"},{"floor":7.0,"key":"Block Potion"},{"floor":12.0,"key":"Block Potion"},{"floor":16.0,"key":"SkillPotion"},{"floor":20,"key":"Ancient Potion"}],"is_trial":false,"path_per_floor":["M","?","M","M","$","E","M","M","T","M","R","E","$","?","R","B",null,"M","M","M","M"],"character_chosen":"THE_SILENT","items_purchased":["Masterful Stab","Backflip","Snake Skull"],"campfire_rested":2,"item_purchase_floors":[5,5,13],"current_hp_per_floor":[59,59,59,64,64,47,46,39,39,38,59,34,34,34,55,37,64,61,43,21,0],"gold":130,"neow_bonus":"THREE_ENEMY_KILL","is_prod":false,"is_daily":false,"chose_seed":false,"campfire_upgraded":0,"win_rate":0,"timestamp":1568526634,"path_taken":["M","?","?","M","$","E","M","M","T","M","R","E","?","?","R","BOSS","M","M","M","M"],"build_version":"2019-01-23","purchased_purges":0,"victory":false,"max_hp_per_floor":[66,66,66,71,71,71,71,71,71,71,71,73,73,73,73,73,73,73,73,75,75],"card_choices":[{"not_picked":["Acrobatics","Reflex"],"picked":"Blade Dance","floor":1.0},{"not_picked":["Dash","Outmaneuver"],"picked":"Cloak And Dagger","floor":3.0},{"not_picked":["Poisoned Stab","Sucker Punch"],"picked":"Noxious Fumes","floor":4.0},{"not_picked":["Quick Slash","Night Terror"],"picked":"Corpse Explosion","floor":6.0},{"not_picked":["Eviscerate","Blade Dance","Outmaneuver"],"picked":"SKIP","floor":7.0},{"not_picked":["PiercingWail","Deflect"],"picked":"Choke","floor":8.0},{"not_picked":["Deflect","Underhanded Strike"],"picked":"Predator","floor":10.0},{"not_picked":["Dodge and Roll","Prepared","Predator"],"picked":"Singing Bowl","floor":12.0},{"not_picked":["Unload","Night Terror"],"picked":"Corpse Explosion","floor":16.0},{"not_picked":["Dagger Throw+1","Dash"],"picked":"Finisher","floor":18},{"not_picked":["Sucker Punch","Blade Dance"],"picked":"Accuracy","floor":19},{"not_picked":["Dagger Throw","Underhanded Strike+1","Storm of Steel"],"picked":"Singing Bowl","floor":20}],"player_experience":2944000,"relics_obtained":[{"floor":6.0,"key":"Torii"},{"floor":9.0,"key":"Singing Bowl"},{"floor":12.0,"key":"Tiny Chest"}],"event_choices":[{"damage_healed":0.0,"max_hp_gain":0.0,"max_hp_loss":0.0,"gold_gain":0.0,"event_name":"Match and Keep!","player_choice":"2 cards matched","floor":2.0,"gold_loss":0.0,"damage_taken":0.0,"cards_obtained":["Cloak And Dagger","Neutralize"]},{"damage_healed":0.0,"max_hp_gain":0.0,"max_hp_loss":0.0,"gold_gain":0.0,"event_name":"Accursed Blacksmith","player_choice":"Forge","floor":14.0,"gold_loss":0.0,"damage_taken":0.0,"cards_upgraded":["Noxious Fumes"]}],"is_beta":false,"boss_relics":[{"not_picked":["Philosopher\u0027s Stone","Lizard Tail"],"picked":"Cursed Key"}],"items_purged_floors":[],"is_endless":false,"potions_floor_spawned":[4,7,12,16,20],"killed_by":"Shelled Parasite and Fungi","ascension_level":20}