{"gold_per_floor":[117,127,127,151,183,228,240,264,276,16,36,36,62,24,24,122,122,136,136,136,156,156,156,8,8,35,61,71,71,100,112,112,214,214,234,2,16,16,36,36,36,86,86,86,86,98,98,117,117,117],"floor_reached":50,"playtime":3161,"items_purged":[],"score":495,"play_id":"4710bad7-23b5-41ce-8bff-fb73b3a3dec6","local_time":"20190715095329","is_ascension_mode":false,"campfire_choices":[{"floor":7,"key":"REST"},{"floor":12,"key":"REST"},{"floor":15,"key":"REST"},{"floor":23,"key":"REST"},{"floor":25,"key":"REST"},{"floor":29,"key":"REST"},{"floor":32,"key":"REST"},{"floor":40,"key":"REST"},{"data":"White Noise","floor":45,"key":"SMITH"},{"floor":47,"key":"REST"},{"data":"White Noise","floor":49,"key":"SMITH"}],"neow_cost":"NONE","seed_source_timestamp":84934747486939,"circlet_count":0,"master_deck":["Strike_B","Strike_B","Strike_B","Strike_B","Defend_B","Defend_B","Defend_B","Defend_B","Zap","Dualcast","Genetic Algorithm","Ball Lightning","Glacier","Capacitor","Sunder+1","Dramatic Entrance+1","Barrage+1","Reprogram","Ball Lightning+1","Self Repair","Echo Form","Force Field","RitualDagger+1","White Noise+1","Conserve Battery","Rebound+1","Rip and Tear+1","Hologram","Leap+1","All For One+1","Barrage+1","Melter+1","Electrodynamics","Auto Shields","Glacier","Self Repair+1","Parasite","Conserve Battery","Buffer","White Noise+1","Doubt","White Noise+1","Cold Snap+1","Stack+1"],"relics":["Cracked Core","NeowsBlessing","MawBank","Molten Egg 2","Dodecahedron","Lantern","Art of War","Sozu","Oddly Smooth Stone","Dream Catcher","DataDisk","StoneCalendar","Philosopher\u0027s Stone","Runic Capacitor","Nunchaku","Bottled Flame"],"potions_floor_usage":[6,13,16,21],"damage_taken":[{"damage":0,"enemies":"2 Louse","floor":1,"turns":1},{"damage":0,"enemies":"Jaw Worm","floor":2,"turns":1},{"damage":0,"enemies":"Small Slimes","floor":4,"turns":1},{"damage":10,"enemies":"Looter","floor":5,"turns":3},{"damage":18,"enemies":"Lagavulin","floor":6,"turns":8},{"damage":1,"enemies":"3 Louse","floor":8,"turns":4},{"damage":6,"enemies":"Red Slaver","floor":11,"turns":3},{"damage":13,"enemies":"3 Sentries","floor":13,"turns":3},{"damage":27,"enemies":"Slime Boss","floor":16,"turns":6},{"damage":22,"enemies":"Shell Parasite","floor":18,"turns":4},{"damage":4,"enemies":"Spheric Guardian","floor":21,"turns":3},{"damage":18,"enemies":"Shelled Parasite and Fungi","floor":28,"turns":8},{"damage":17,"enemies":"Slavers","floor":30,"turns":6},{"damage":29,"enemies":"Centurion and Healer","floor":31,"turns":5},{"damage":41,"enemies":"Champ","floor":33,"turns":9},{"damage":15,"enemies":"3 Darklings","floor":35,"turns":4},{"damage":0,"enemies":"Orb Walker","floor":37,"turns":2},{"damage":39,"enemies":"Writhing Mass","floor":39,"turns":7},{"damage":36,"enemies":"2 Orb Walkers","floor":42,"turns":5},{"damage":41,"enemies":"Transient","floor":46,"turns":5},{"damage":17,"enemies":"Maw","floor":48,"turns":7},{"damage":90,"enemies":"Time Eater","floor":50,"turns":9}],"seed_played":"-4492552827082900578","potions_obtained":[{"floor":5,"key":"Block Potion"},{"floor":8,"key":"Explosive Potion"},{"floor":13,"key":"FocusPotion"},{"floor":16,"key":"Swift Potion"}],"is_trial":false,"path_per_floor":["M","M","?","M","M","E","R","M","T","$","M","R","E","$","R","B",null,"M","?","?","M","?","R","$","R","T","T","M","R","E","M","R","B",null,"M","$","M","?","M","R","?","?","T","?","R","M","R","M","R","B"],"character_chosen":"DEFECT","items_purchased":["Lantern","Dramatic Entrance+1","Barrage+1","Self Repair","Conserve Battery","Rebound+1","Rip and Tear+1","Runic Capacitor","Glacier"],"campfire_rested":9,"item_purchase_floors":[10,10,10,14,24,24,24,36,36],"current_hp_per_floor":[75,75,50,50,40,22,44,43,43,43,37,59,46,46,68,41,75,53,53,47,43,29,53,53,77,77,77,59,80,70,41,65,24,80,65,65,72,72,43,67,67,41,41,80,80,49,73,73,73,0],"gold":117,"neow_bonus":"THREE_ENEMY_KILL","is_prod":false,"is_daily":false,"chose_seed":false,"campfire_upgraded":2,"win_rate":0.0,"timestamp":1563195209,"path_taken":["M","M","?","M","M","E","R","M","T","$","M","R","E","$","R","BOSS","M","?","?","M","?","R","$","R","T","?","M","R","E","M","R","BOSS","M","$","M","?","?","R","?","?","T","?","R","M","R","M","R","BOSS"],"build_version":"2019-07-05","purchased_purges":0,"victory":false,"max_hp_per_floor":[75,75,75,75,75,75,75,75,75,75,75,75,75,75,75,75,75,75,75,75,75,80,80,80,80,80,80,80,80,80,80,80,80,80,80,80,80,80,80,80,80,80,80,80,80,80,80,80,80,80],"card_choices":[{"not_picked":["Hologram","Turbo"],"picked":"Genetic Algorithm","floor":1},{"not_picked":["Stack","Skim"],"picked":"Redo","floor":2},{"not_picked":["Barrage","Stack"],"picked":"Ball Lightning","floor":4},{"not_picked":["Hologram","Capacitor"],"picked":"Glacier","floor":5},{"not_picked":["Hologram","Stack"],"picked":"Capacitor","floor":6},{"not_picked":["Leap","Cold Snap+1"],"picked":"Sunder+1","floor":8},{"not_picked":["Barrage+1","Beam Cell+1"],"picked":"Reprogram","floor":11},{"not_picked":["Steam","Fission"],"picked":"Ball Lightning+1","floor":13},{"not_picked":["Hyperbeam+1","Meteor Strike+1"],"picked":"Echo Form","floor":16},{"not_picked":["Fusion","Double Energy"],"picked":"Force Field","floor":18},{"not_picked":["Go for the Eyes+1","Leap+1"],"picked":"White Noise","floor":21},{"not_picked":["Barrage+1","Fusion+1"],"picked":"Hologram","floor":28},{"not_picked":["Redo","BootSequence+1"],"picked":"Leap+1","floor":29},{"not_picked":["Aggregate+1","Lockon+1"],"picked":"All For One+1","floor":30},{"not_picked":["Heatsinks","Beam Cell+1"],"picked":"Barrage+1","floor":31},{"not_picked":["Redo+1","Gash+1"],"picked":"Melter+1","floor":32},{"not_picked":["Buffer","Amplify"],"picked":"Electrodynamics","floor":33},{"not_picked":["Streamline+1","Rebound+1"],"picked":"Auto Shields","floor":35},{"not_picked":["FTL+1","Rebound+1"],"picked":"Self Repair+1","floor":37},{"not_picked":["Sweeping Beam+1","Gash+1"],"picked":"Conserve Battery","floor":39},{"not_picked":["Reprogram+1","Force Field"],"picked":"Buffer","floor":40},{"not_picked":["Compile Driver+1","Hologram+1"],"picked":"White Noise+1","floor":42},{"not_picked":["Glacier+1","Turbo"],"picked":"White Noise","floor":46},{"not_picked":["Compile Driver+1","Redo"],"picked":"Cold Snap+1","floor":47},{"not_picked":["Double Energy","Ball Lightning+1"],"picked":"Stack+1","floor":48}],"player_experience":143239,"relics_obtained":[{"floor":6,"key":"Molten Egg 2"},{"floor":9,"key":"Dodecahedron"},{"floor":13,"key":"Art of War"},{"floor":26,"key":"Dream Catcher"},{"floor":27,"key":"DataDisk"},{"floor":30,"key":"StoneCalendar"},{"floor":42,"key":"Nunchaku"},{"floor":43,"key":"Bottled Flame"}],"event_choices":[{"damage_healed":0,"gold_gain":0,"player_choice":"Success","damage_taken":25,"relics_obtained":["MawBank"],"max_hp_gain":0,"max_hp_loss":0,"event_name":"Scrap Ooze","floor":3,"gold_loss":0},{"damage_healed":0,"gold_gain":0,"player_choice":"Opened","damage_taken":0,"relics_obtained":["Oddly Smooth Stone"],"max_hp_gain":0,"max_hp_loss":0,"event_name":"The Mausoleum","floor":19,"gold_loss":0},{"damage_healed":0,"gold_gain":0,"player_choice":"Joined the Cult","damage_taken":6,"max_hp_gain":0,"max_hp_loss":0,"event_name":"Nest","floor":20,"gold_loss":0,"cards_obtained":["RitualDagger"]},{"damage_healed":0,"gold_gain":0,"player_choice":"Shed Blood","damage_taken":19,"max_hp_gain":5,"max_hp_loss":0,"event_name":"Forgotten Altar","floor":22,"gold_loss":0},{"damage_healed":0,"gold_gain":0,"player_choice":"Ignored","damage_taken":0,"max_hp_gain":0,"max_hp_loss":0,"event_name":"NoteForYourself","floor":38,"gold_loss":0},{"cards_removed":["Redo"],"damage_healed":0,"gold_gain":0,"player_choice":"Removed Skill","damage_taken":0,"max_hp_gain":0,"max_hp_loss":0,"event_name":"Falling","floor":41,"gold_loss":0},{"damage_healed":0,"gold_gain":0,"player_choice":"Fight","damage_taken":0,"max_hp_gain":0,"max_hp_loss":0,"event_name":"Mysterious Sphere","floor":42,"gold_loss":0},{"damage_healed":39,"gold_gain":0,"player_choice":"Heal","damage_taken":0,"max_hp_gain":0,"max_hp_loss":0,"event_name":"MindBloom","floor":44,"gold_loss":0,"cards_obtained":["Doubt"]}],"is_beta":false,"boss_relics":[{"not_picked":["Empty Cage","Coffee Dripper"],"picked":"Sozu"},{"not_picked":["White Beast Statue","Runic Pyramid"],"picked":"Philosopher\u0027s Stone"}],"items_purged_floors":[],"is_endless":false,"potions_floor_spawned":[5,8,13,16,28,30,31,37,39,48],"killed_by":"Time Eater","ascension_level":0}