{"gold_per_floor":[111,121,121,135,21,21,48,60,60,60,76,76,108,126,126,227,227,243,243,274,293,293,293,321,321,321,44,79,90,90,103,103,203,203,222,236,336,351,56,91,91,121,147,161,161,161,186,197,197,197,197,197,14,43,43],"floor_reached":56,"playtime":3673,"items_purged":["Strike_R","Defend_R"],"score":1415,"play_id":"7f18d1bd-9b5e-4d89-a632-69b1cdcfd88a","local_time":"20191026235419","is_ascension_mode":true,"campfire_choices":[{"data":"Infernal Blade","floor":6,"key":"SMITH"},{"data":"Spot Weakness","floor":12,"key":"SMITH"},{"data":"Warcry","floor":15,"key":"SMITH"},{"data":"Limit Break","floor":23,"key":"SMITH"},{"data":"Rage","floor":25,"key":"SMITH"},{"data":"Apotheosis","floor":30,"key":"SMITH"},{"data":"Pommel Strike","floor":32,"key":"SMITH"},{"floor":41,"key":"RECALL"}],"neow_cost":"NONE","seed_source_timestamp":1217821545655000,"circlet_count":0,"master_deck":["Defend_R+1","Defend_R","Defend_R","Bash","Sentinel+1","Bloodletting+1","Iron Wave+1","Infernal Blade+1","Armaments+1","Wild Strike","Spot Weakness+1","Heavy Blade","Warcry+1","Twin Strike","Twin Strike","Rage+1","Limit Break+1","Shrug It Off","Bite","Bite","Bite","Bite","Bite","Evolve+1","Heavy Blade","Apotheosis+1","Iron Wave+1","Headbutt+1","Pommel Strike+1","Demon Form","Clothesline+1","Power Through+1","Shrug It Off+1","Pommel Strike+1","Headbutt","Mayhem","True Grit+1"],"relics":["Astrolabe","Red Skull","Bag of Marbles","Mercury Hourglass","Bronze Scales","Coffee Dripper","Red Mask","Letter Opener","Pear","Fusion Hammer","Thread and Needle","Meat on the Bone","Champion Belt","Sundial","Bag of Preparation","Self Forming Clay","Centennial Puzzle"],"potions_floor_usage":[7,16,24,33,38,40,55],"damage_taken":[{"damage":2,"enemies":"Small Slimes","floor":1,"turns":4},{"damage":0,"enemies":"2 Louse","floor":2,"turns":2},{"damage":1,"enemies":"Cultist","floor":4,"turns":3},{"damage":5,"enemies":"3 Sentries","floor":7,"turns":10},{"damage":3,"enemies":"3 Louse","floor":8,"turns":3},{"damage":5,"enemies":"Large Slime","floor":11,"turns":5},{"damage":3,"enemies":"Gremlin Nob","floor":13,"turns":3},{"damage":1,"enemies":"Exordium Thugs","floor":14,"turns":2},{"damage":12,"enemies":"Hexaghost","floor":16,"turns":6},{"damage":13,"enemies":"Spheric Guardian","floor":18,"turns":4},{"damage":0,"enemies":"Masked Bandits","floor":20,"turns":3},{"damage":2,"enemies":"Chosen","floor":21,"turns":3},{"damage":3,"enemies":"Gremlin Leader","floor":24,"turns":7},{"damage":14,"enemies":"Book of Stabbing","floor":28,"turns":4},{"damage":13,"enemies":"Shelled Parasite and Fungi","floor":29,"turns":4},{"damage":0,"enemies":"Cultist and Chosen","floor":31,"turns":4},{"damage":62,"enemies":"Champ","floor":33,"turns":10},{"damage":24,"enemies":"Orb Walker","floor":35,"turns":4},{"damage":25,"enemies":"3 Darklings","floor":36,"turns":3},{"damage":10,"enemies":"Mind Bloom Boss Battle","floor":37,"turns":5},{"damage":7,"enemies":"Spire Growth","floor":38,"turns":3},{"damage":10,"enemies":"Giant Head","floor":40,"turns":6},{"damage":6,"enemies":"Nemesis","floor":42,"turns":5},{"damage":0,"enemies":"Jaw Worm Horde","floor":44,"turns":3},{"damage":0,"enemies":"Sphere and 2 Shapes","floor":46,"turns":4},{"damage":3,"enemies":"Giant Head","floor":47,"turns":5},{"damage":16,"enemies":"Transient","floor":48,"turns":5},{"damage":42,"enemies":"Awakened One","floor":50,"turns":8},{"damage":47,"enemies":"Shield and Spear","floor":54,"turns":6},{"damage":45,"enemies":"The Heart","floor":55,"turns":7}],"seed_played":"-5701453068915681124","potions_obtained":[{"floor":1,"key":"Regen Potion"},{"floor":4,"key":"Block Potion"},{"floor":7,"key":"Explosive Potion"},{"floor":11,"key":"Strength Potion"},{"floor":14,"key":"Strength Potion"},{"floor":21,"key":"Ancient Potion"},{"floor":29,"key":"Block Potion"},{"floor":33,"key":"BloodPotion"},{"floor":40,"key":"SpeedPotion"},{"floor":54,"key":"FearPotion"}],"is_trial":false,"path_per_floor":["M","M","?","M","$","R","E","M","T","?","M","R","E","M","R","B",null,"M","?","?","M","?","R","E","R","T","$","E","M","R","M","R","B",null,"M","M","?","M","$","E","R","E","T","M","?","M","E","M","R","B",null,"R","$","E","B",null],"character_chosen":"IRONCLAD","items_purchased":["Spot Weakness","Apotheosis","Meat on the Bone","PowerPotion","Mayhem"],"campfire_rested":0,"item_purchase_floors":[5,27,39,39,53],"current_hp_per_floor":[78,78,62,61,61,61,56,53,53,53,48,48,45,44,44,32,80,67,56,56,54,54,54,56,56,56,56,58,55,55,66,66,24,66,45,25,23,33,33,45,45,48,48,54,54,60,66,54,54,45,66,66,66,35,33],"gold":43,"neow_bonus":"BOSS_RELIC","is_prod":false,"is_daily":false,"chose_seed":false,"campfire_upgraded":7,"win_rate":0,"timestamp":1572105259,"path_taken":["M","M","?","M","$","R","E","M","T","?","M","R","E","M","R","BOSS","M","?","?","M","?","R","E","R","T","$","E","?","R","M","R","BOSS","M","M","?","M","$","E","R","E","T","M","?","M","E","?","R","BOSS","R","$","E","BOSS"],"build_version":"2019-07-17","purchased_purges":2,"victory":true,"max_hp_per_floor":[80,80,80,80,80,80,80,80,80,80,80,80,80,80,80,80,80,80,56,56,56,56,56,56,56,56,56,66,66,66,66,66,66,66,66,66,66,66,66,66,66,66,66,66,66,66,66,66,66,66,66,66,66,66,66],"card_choices":[{"not_picked":["Dropkick","Warcry"],"picked":"Infernal Blade","floor":1},{"not_picked":["Body Slam","Havoc"],"picked":"Armaments","floor":2},{"not_picked":["Flex","Body Slam"],"picked":"Wild Strike","floor":4},{"not_picked":["Sword Boomerang","Exhume"],"picked":"Heavy Blade","floor":7},{"not_picked":["Clash","Flame Barrier"],"picked":"Warcry","floor":8},{"not_picked":["Iron Wave","Perfected Strike"],"picked":"Twin Strike","floor":11},{"not_picked":["Clothesline","Wild Strike"],"picked":"Twin Strike","floor":13},{"not_picked":["Sword Boomerang","Shockwave"],"picked":"Rage","floor":14},{"not_picked":["Dark Embrace","Feed"],"picked":"Limit Break","floor":16},{"not_picked":["Twin Strike","Sword Boomerang"],"picked":"Shrug It Off","floor":18},{"not_picked":["Heavy Blade","Hemokinesis"],"picked":"Evolve+1","floor":21},{"not_picked":["Cleave","Sentinel+1"],"picked":"Heavy Blade","floor":24},{"not_picked":["Havoc","Twin Strike"],"picked":"Iron Wave+1","floor":28},{"not_picked":["Inflame","Uppercut"],"picked":"Headbutt+1","floor":29},{"not_picked":["Clash","Iron Wave"],"picked":"Pommel Strike","floor":31},{"not_picked":["Dark Embrace","Exhume"],"picked":"Demon Form","floor":33},{"not_picked":["Clash","Seeing Red+1"],"picked":"Clothesline+1","floor":35},{"not_picked":["Armaments","Second Wind+1","Uppercut"],"picked":"SKIP","floor":36},{"not_picked":["Inflame","Cleave+1"],"picked":"Power Through+1","floor":38},{"not_picked":["Rupture+1","Bloodletting+1"],"picked":"Shrug It Off+1","floor":40},{"not_picked":["Entrench+1","Fire Breathing+1","Sentinel"],"picked":"SKIP","floor":42},{"not_picked":["Heavy Blade","Shrug It Off"],"picked":"Pommel Strike+1","floor":44},{"not_picked":["Cleave+1","Pommel Strike","Dual Wield+1"],"picked":"SKIP","floor":46},{"not_picked":["Second Wind","Clash","Pummel+1"],"picked":"SKIP","floor":47},{"not_picked":["Fire Breathing+1","Perfected Strike+1"],"picked":"Headbutt","floor":48},{"not_picked":["Heavy Blade","Clothesline+1"],"picked":"True Grit+1","floor":54}],"player_experience":228242,"relics_obtained":[{"floor":7,"key":"Red Skull"},{"floor":9,"key":"Bag of Marbles"},{"floor":13,"key":"Bronze Scales"},{"floor":20,"key":"Red Mask"},{"floor":24,"key":"Letter Opener"},{"floor":28,"key":"Pear"},{"floor":37,"key":"Thread and Needle"},{"floor":40,"key":"Champion Belt"},{"floor":42,"key":"Sundial"},{"floor":43,"key":"Bag of Preparation"},{"floor":47,"key":"Self Forming Clay"},{"floor":54,"key":"Centennial Puzzle"}],"event_choices":[{"damage_healed":0,"gold_gain":0,"player_choice":"Entered Light","damage_taken":16,"max_hp_gain":0,"max_hp_loss":0,"event_name":"Shining Light","floor":3,"gold_loss":0,"cards_upgraded":["Armaments","Defend_R"]},{"damage_healed":0,"gold_gain":0,"player_choice":"Box","damage_taken":0,"relics_obtained":["Mercury Hourglass"],"max_hp_gain":0,"max_hp_loss":0,"event_name":"Big Fish","floor":10,"gold_loss":0,"cards_obtained":["Regret"]},{"damage_healed":0,"gold_gain":0,"player_choice":"Became a vampire","damage_taken":0,"max_hp_gain":0,"max_hp_loss":24,"event_name":"Vampires","floor":19,"gold_loss":0,"cards_obtained":["Bite","Bite","Bite","Bite","Bite"]},{"damage_healed":0,"gold_gain":0,"player_choice":"Fought Bandits","damage_taken":0,"max_hp_gain":0,"max_hp_loss":0,"event_name":"Masked Bandits","floor":20,"gold_loss":0},{"cards_removed":["Regret"],"damage_healed":0,"gold_gain":0,"player_choice":"Removed Curses","damage_taken":0,"max_hp_gain":0,"max_hp_loss":0,"event_name":"Fountain of Cleansing","floor":22,"gold_loss":0},{"damage_healed":0,"gold_gain":0,"player_choice":"Fight","damage_taken":0,"max_hp_gain":0,"max_hp_loss":0,"event_name":"MindBloom","floor":37,"gold_loss":0},{"damage_healed":0,"gold_gain":0,"player_choice":"Leave","damage_taken":0,"max_hp_gain":0,"max_hp_loss":0,"event_name":"FaceTrader","floor":45,"gold_loss":0}],"is_beta":false,"boss_relics":[{"not_picked":["Tiny House","White Beast Statue"],"picked":"Coffee Dripper"},{"not_picked":["Runic Cube","Runic Dome"],"picked":"Fusion Hammer"}],"items_purged_floors":[5,27],"is_endless":false,"potions_floor_spawned":[1,4,7,11,14,21,29,31,33,36,37,40,46,47,54],"ascension_level":1}