{"gold_per_floor":[114,114,46,61,41,56,71,86,136,151,151,166,196,211,211,211],"floor_reached":16,"playtime":813,"items_purged":[],"score":106,"play_id":"b3095cff-3df8-4391-aeff-4b8df36ed562","local_time":"20190818131151","daily_mods":["Heirloom","Uncertain Future","Binary"],"is_ascension_mode":false,"campfire_choices":[{"floor":11,"key":"REST"},{"floor":15,"key":"REST"}],"neow_cost":"","seed_source_timestamp":0,"circlet_count":0,"master_deck":["Strike_G","Strike_G","Strike_G","Strike_G","Strike_G","Defend_G","Defend_G","Defend_G","Defend_G","Defend_G","Survivor","Neutralize","Accuracy","Quick Slash","Backflip","Dagger Spray","Dagger Throw","Underhanded Strike","Predator","Quick Slash","Deflect","Dodge and Roll","Poisoned Stab"],"special_seed":18126,"relics":["Ring of the Snake","StoneCalendar","Smiling Mask","Regal Pillow","Matryoshka"],"potions_floor_usage":[8,12,13,16],"damage_taken":[{"damage":0,"enemies":"Cultist","floor":1,"turns":4},{"damage":0,"enemies":"2 Louse","floor":4,"turns":3},{"damage":0,"enemies":"Small Slimes","floor":6,"turns":4},{"damage":0,"enemies":"2 Fungi Beasts","floor":7,"turns":3},{"damage":6,"enemies":"Blue Slaver","floor":8,"turns":4},{"damage":19,"enemies":"Large Slime","floor":10,"turns":6},{"damage":0,"enemies":"Exordium Wildlife","floor":12,"turns":2},{"damage":31,"enemies":"Lagavulin","floor":13,"turns":6},{"damage":22,"enemies":"Exordium Thugs","floor":14,"turns":4},{"damage":56,"enemies":"Hexaghost","floor":16,"turns":11}],"seed_played":"-5106562656885795289","potions_obtained":[{"floor":1,"key":"SpeedPotion"},{"floor":4,"key":"SteroidPotion"},{"floor":5,"key":"SkillPotion"},{"floor":8,"key":"PowerPotion"},{"floor":14,"key":"GhostInAJar"}],"is_trial":false,"path_per_floor":["M","T","$","M","?","M","M","M","T","M","R","M","E","M","R","B"],"character_chosen":"THE_SILENT","items_purchased":["Quick Slash","Backflip"],"campfire_rested":2,"item_purchase_floors":[3,3],"current_hp_per_floor":[70,70,70,70,70,70,70,64,64,45,70,70,39,17,53,0],"gold":211,"neow_bonus":"","is_prod":false,"is_daily":true,"chose_seed":false,"campfire_upgraded":0,"win_rate":0,"timestamp":1566144711,"path_taken":["M","?","$","M","?","M","?","M","T","M","R","M","E","M","R","BOSS"],"build_version":"2019-07-17","purchased_purges":0,"victory":false,"max_hp_per_floor":[70,70,70,70,70,70,70,70,70,70,70,70,70,70,70,70],"card_choices":[{"not_picked":["Dodge and Roll"],"picked":"Accuracy","floor":1},{"not_picked":["Bane"],"picked":"Dagger Spray","floor":4},{"not_picked":["Acrobatics"],"picked":"Dagger Throw","floor":6},{"not_picked":["Prepared"],"picked":"Underhanded Strike","floor":7},{"not_picked":["Heel Hook"],"picked":"Predator","floor":8},{"not_picked":["Predator"],"picked":"Quick Slash","floor":10},{"not_picked":["Bane"],"picked":"Deflect","floor":12},{"not_picked":["Predator"],"picked":"Dodge and Roll","floor":13},{"not_picked":["Predator"],"picked":"Poisoned Stab","floor":14}],"player_experience":327705,"relics_obtained":[{"floor":2,"key":"Smiling Mask"},{"floor":9,"key":"Regal Pillow"},{"floor":13,"key":"Matryoshka"}],"event_choices":[{"damage_healed":0,"gold_gain":0,"player_choice":"Bought 1 Potion","damage_taken":0,"max_hp_gain":0,"max_hp_loss":0,"event_name":"The Woman in Blue","floor":5,"gold_loss":0}],"is_beta":false,"boss_relics":[],"items_purged_floors":[],"is_endless":false,"potions_floor_spawned":[1,4,8,10,14],"killed_by":"Hexaghost","ascension_level":0}