{"gold_per_floor":[117,392,402,43,63,93,17,17,17,51,69,69,69,105,105,183,183,202,232,103,120,120,120,120],"floor_reached":24,"playtime":1184,"items_purged":["Regret"],"score":386,"play_id":"33bbb9ab-6f56-47db-9eeb-f99f3c8734d6","local_time":"20190713005231","is_ascension_mode":true,"campfire_choices":[{"data":"Neutralize","floor":8.0,"key":"SMITH"},{"floor":12.0,"key":"REST"},{"data":"Noxious Fumes","floor":15.0,"key":"SMITH"},{"floor":23,"key":"REST"}],"neow_cost":"NONE","seed_source_timestamp":262263439469123,"circlet_count":0,"master_deck":["AscendersBane","Defend_G","Defend_G","Defend_G","Defend_G","Defend_G","Strike_G","Strike_G","Strike_G","Strike_G","Survivor","Neutralize+1","PiercingWail","Die Die Die","Noxious Fumes+1","HandOfGreed","Noxious Fumes","Masterful Stab","Noxious Fumes+1","Endless Agony","Riddle With Holes","PiercingWail","Corpse Explosion","Skewer","Bane","Crippling Poison","Dodge and Roll","Catalyst","Riddle With Holes"],"special_seed":0,"relics":["Ring of the Snake","NeowsBlessing","Calipers","Shuriken","Velvet Choker"],"potions_floor_usage":[21],"damage_taken":[{"damage":0.0,"enemies":"Small Slimes","floor":1.0,"turns":2.0},{"damage":0.0,"enemies":"Cultist","floor":3.0,"turns":1.0},{"damage":0.0,"enemies":"Jaw Worm","floor":5.0,"turns":1.0},{"damage":31.0,"enemies":"Gremlin Nob","floor":6.0,"turns":4.0},{"damage":0.0,"enemies":"Gremlin Gang","floor":10.0,"turns":3.0},{"damage":1.0,"enemies":"2 Fungi Beasts","floor":11.0,"turns":4.0},{"damage":0.0,"enemies":"Lots of Slimes","floor":14.0,"turns":2.0},{"damage":18.0,"enemies":"Slime Boss","floor":16.0,"turns":9.0},{"damage":17.0,"enemies":"Shell Parasite","floor":18.0,"turns":6.0},{"damage":12.0,"enemies":"2 Thieves","floor":19.0,"turns":4.0},{"damage":27,"enemies":"Snecko","floor":21,"turns":6},{"damage":26,"enemies":"Shelled Parasite and Fungi","floor":24,"turns":3}],"seed_played":"2751012302367431781","potions_obtained":[{"floor":3.0,"key":"Swift Potion"},{"floor":6.0,"key":"SkillPotion"},{"floor":16.0,"key":"Strength Potion"},{"floor":18.0,"key":"Ancient Potion"}],"is_trial":false,"path_per_floor":["M","?","M","$","M","E","$","R","T","M","M","R","?","M","R","B",null,"M","M","$","M","?","R","M"],"character_chosen":"THE_SILENT","items_purchased":["Noxious Fumes","HandOfGreed","Noxious Fumes","Crippling Poison","Dodge and Roll"],"campfire_rested":2,"item_purchase_floors":[4,4,7,20,20],"current_hp_per_floor":[59,59,59,59,59,28,28,28,28,28,27,46,46,46,46,28,57,40,28,28,1,1,20,0],"gold":120,"neow_bonus":"THREE_ENEMY_KILL","is_prod":false,"is_daily":false,"chose_seed":false,"campfire_upgraded":2,"win_rate":0,"timestamp":1562993551,"path_taken":["M","?","M","$","?","E","$","R","T","M","M","R","?","?","R","BOSS","M","M","$","M","?","R","?"],"build_version":"2019-01-23","purchased_purges":1,"victory":false,"max_hp_per_floor":[66,66,66,66,66,66,66,66,66,66,66,66,66,66,66,66,66,66,66,66,66,66,66,66],"card_choices":[{"not_picked":["Deflect","Sucker Punch"],"picked":"PiercingWail","floor":1.0},{"not_picked":["Dagger Spray","Die Die Die","Accuracy"],"picked":"SKIP","floor":3.0},{"not_picked":["Dagger Spray","Accuracy"],"picked":"Die Die Die","floor":3.0},{"not_picked":["Concentrate","Dagger Spray"],"picked":"Noxious Fumes","floor":5.0},{"not_picked":["Prepared","Backflip"],"picked":"Masterful Stab","floor":6.0},{"not_picked":["Acrobatics","Accuracy"],"picked":"Endless Agony","floor":10.0},{"not_picked":["Quick Slash","Prepared"],"picked":"Riddle With Holes","floor":11.0},{"not_picked":["Deflect","Underhanded Strike"],"picked":"PiercingWail","floor":14.0},{"not_picked":["Grand Finale","Doppelganger"],"picked":"Corpse Explosion","floor":16.0},{"not_picked":["Dagger Spray","Eviscerate"],"picked":"Skewer","floor":18.0},{"not_picked":["Dagger Spray","Accuracy"],"picked":"Bane","floor":19.0},{"not_picked":["Slice","Tactician"],"picked":"Catalyst","floor":21}],"player_experience":2690278,"relics_obtained":[{"floor":6.0,"key":"Calipers"},{"floor":9.0,"key":"Shuriken"}],"event_choices":[{"damage_healed":0.0,"max_hp_gain":0.0,"max_hp_loss":0.0,"gold_gain":275.0,"event_name":"Golden Shrine","player_choice":"Desecrate","floor":2.0,"gold_loss":0.0,"damage_taken":0.0,"cards_obtained":["Regret"]},{"damage_healed":0.0,"max_hp_gain":0.0,"max_hp_loss":0.0,"gold_gain":0.0,"event_name":"Upgrade Shrine","player_choice":"Upgraded","floor":13.0,"gold_loss":0.0,"damage_taken":0.0,"cards_upgraded":["Noxious Fumes"]},{"damage_healed":0,"gold_gain":0,"cards_transformed":["Strike_G"],"player_choice":"Transformed","damage_taken":0,"max_hp_gain":0,"max_hp_loss":0,"event_name":"Transmorgrifier","floor":22,"gold_loss":0,"cards_obtained":["Riddle With Holes"]}],"is_beta":false,"boss_relics":[{"not_picked":["White Beast Statue","HoveringKite"],"picked":"Velvet Choker"}],"items_purged_floors":[4],"is_endless":false,"potions_floor_spawned":[3,6,16,18],"killed_by":"Shelled Parasite and Fungi","ascension_level":19}