{"gold_per_floor":[117,117,10,25,43,43,68,68,68,78,110,110,129,160,160,232,232,252,252,167,182,182,182,207,207,288,304,315,335,365,397,397,476,476,488,488,710,727,572,572,602,625,661,699,269,280,280,380,380,380],"floor_reached":51,"playtime":5127,"items_purged":["Defend_P","Strike_P+1","Strike_P+1"],"score":1518,"play_id":"c793e19f-7e2a-4fcb-80e3-6591551cbf2b","local_time":"20190921151222","is_ascension_mode":true,"campfire_choices":[{"data":"SashWhip","floor":6.0,"key":"SMITH"},{"data":"BowlingBash","floor":12,"key":"SMITH"},{"data":"Crescendo","floor":15,"key":"SMITH"},{"data":"Ragnarok","floor":23,"key":"SMITH"},{"data":"ThirdEye","floor":25,"key":"SMITH"},{"floor":32,"key":"REST"},{"floor":40,"key":"REST"},{"floor":47,"key":"REST"},{"floor":49,"key":"REST"}],"neow_cost":"NONE","seed_source_timestamp":0,"circlet_count":0,"master_deck":["AscendersBane","Strike_P+1","Strike_P+1","Defend_P+1","Defend_P+1","Defend_P+1","Eruption+1","Vigilance","FollowUp","EmptyFist","SashWhip+1","ThirdEye+1","BowlingBash+1","Protect","EmptyBody","Crescendo+1","Ragnarok+1","Devotion+1","TalkToTheHand+1","CrushJoints+1","Meditate","FearNoEvil","FlurryOfBlows","DevaForm+1","Crescendo+1","TalkToTheHand","Ragnarok","Wireheading+1","CutThroughFate"],"special_seed":0,"relics":["PureWater","Question Card","Frozen Egg 2","TeardropLocket","Centennial Puzzle","Runic Pyramid","Dead Branch","Nloth\u0027s Gift","Happy Flower","Mercury Hourglass","Red Mask","Regal Pillow","Fusion Hammer","Du-Vu Doll","MawBank","CeramicFish","Bronze Scales","Strawberry","Prayer Wheel"],"potions_floor_usage":[16,24,33,50,50],"damage_taken":[{"damage":0.0,"enemies":"2 Louse","floor":1.0,"turns":4.0},{"damage":0.0,"enemies":"Small Slimes","floor":4.0,"turns":2.0},{"damage":0.0,"enemies":"Cultist","floor":5.0,"turns":2.0},{"damage":12.0,"enemies":"Lagavulin","floor":7.0,"turns":7.0},{"damage":9,"enemies":"3 Louse","floor":10,"turns":3},{"damage":15,"enemies":"Gremlin Nob","floor":11,"turns":3},{"damage":1,"enemies":"Exordium Wildlife","floor":13,"turns":2},{"damage":2,"enemies":"3 Sentries","floor":14,"turns":6},{"damage":0,"enemies":"Slime Boss","floor":16,"turns":7},{"damage":1,"enemies":"3 Byrds","floor":18,"turns":5},{"damage":0,"enemies":"Spheric Guardian","floor":21,"turns":3},{"damage":2,"enemies":"Slavers","floor":24,"turns":3},{"damage":0,"enemies":"Cultist and Chosen","floor":27,"turns":2},{"damage":0,"enemies":"3 Cultists","floor":28,"turns":2},{"damage":0,"enemies":"Centurion and Healer","floor":29,"turns":2},{"damage":5,"enemies":"Masked Bandits","floor":30,"turns":2},{"damage":7,"enemies":"Book of Stabbing","floor":31,"turns":4},{"damage":19,"enemies":"Collector","floor":33,"turns":7},{"damage":0,"enemies":"3 Shapes","floor":35,"turns":7},{"damage":0,"enemies":"Orb Walker","floor":38,"turns":2},{"damage":14,"enemies":"Reptomancer","floor":41,"turns":4},{"damage":0,"enemies":"Nemesis","floor":44,"turns":3},{"damage":18,"enemies":"Writhing Mass","floor":46,"turns":3},{"damage":0,"enemies":"Mind Bloom Boss Battle","floor":48,"turns":3},{"damage":24,"enemies":"Time Eater","floor":50,"turns":4}],"seed_played":"-5033761600982657329","potions_obtained":[{"floor":5.0,"key":"SkillPotion"},{"floor":11,"key":"Block Potion"},{"floor":16,"key":"Swift Potion"},{"floor":28,"key":"SteroidPotion"},{"floor":31,"key":"DuplicationPotion"}],"is_trial":false,"path_per_floor":["M","?","$","M","M","R","E","?","T","M","E","R","M","E","R","B",null,"M","?","?","M","?","R","E","R","T","M","M","M","?","E","R","B",null,"M","?","?","M","$","R","E","T","T","E","$","M","R","?","R","B",null],"character_chosen":"WATCHER","items_purchased":["Fire Potion","Block Potion","Strawberry","Wireheading+1","SteroidPotion","CutThroughFate"],"campfire_rested":4,"item_purchase_floors":[3,39,45,45,45,45],"current_hp_per_floor":[55,55,55,55,55,55,43,43,43,34,19,19,18,16,16,16,50,49,49,49,49,49,49,47,47,47,47,47,47,42,35,61,42,56,56,56,56,56,56,58,44,44,44,44,51,33,65,65,65,41],"gold":380,"neow_bonus":"RANDOM_COMMON_RELIC","is_prod":false,"is_daily":false,"chose_seed":false,"campfire_upgraded":5,"win_rate":0,"timestamp":1569035542,"path_taken":["M","?","$","M","M","R","E","?","T","M","E","R","?","E","R","BOSS","M","?","?","M","?","R","E","R","T","M","?","M","?","E","R","BOSS","M","?","?","M","$","R","E","?","T","E","$","M","R","?","R","BOSS"],"build_version":"2019-09-20","purchased_purges":3,"victory":true,"max_hp_per_floor":[61,61,61,61,61,61,61,61,61,61,61,61,61,61,61,61,61,61,61,61,61,61,61,61,61,61,61,61,61,61,61,61,61,61,61,58,58,58,58,58,58,58,58,58,65,65,65,65,65,65],"card_choices":[{"not_picked":["Weave","Prostrate"],"picked":"FollowUp","floor":1.0},{"not_picked":["Prostrate","Establishment"],"picked":"EmptyFist","floor":4.0},{"not_picked":["FollowUp","Evaluate"],"picked":"SashWhip","floor":5.0},{"not_picked":["WindmillStrike","SashWhip"],"picked":"ThirdEye","floor":7},{"not_picked":["EmptyBody","ThirdEye","FollowUp"],"picked":"BowlingBash","floor":10},{"not_picked":["Metaphysics","CarveReality","Evaluate"],"picked":"Protect","floor":11},{"not_picked":["Sanctity","Halt","WindmillStrike"],"picked":"EmptyBody","floor":13},{"not_picked":["WindmillStrike","Unraveling","Consecrate"],"picked":"Crescendo","floor":14},{"not_picked":["Wish","Judgement","Nirvana+1"],"picked":"Ragnarok","floor":16},{"not_picked":["Consecrate","PathToVictory","SpiritShield+1"],"picked":"Devotion+1","floor":18},{"not_picked":["BowlingBash","Halt","Sanctity","Swivel"],"picked":"SKIP","floor":21},{"not_picked":["Brilliance","Vengeance","Nirvana+1"],"picked":"TalkToTheHand+1","floor":24},{"not_picked":["Crescendo","StepAndStrike","SashWhip"],"picked":"CrushJoints+1","floor":27},{"not_picked":["Sanctity","EmptyBody+1","Prostrate"],"picked":"Meditate","floor":28},{"not_picked":["FollowUp","Worship","Halt"],"picked":"FearNoEvil","floor":29},{"not_picked":["Ragnarok","ForeignInfluence","EmptyMind"],"picked":"FlurryOfBlows","floor":31},{"not_picked":["DeusExMachina","Adaptation+1","Vault"],"picked":"DevaForm+1","floor":33},{"not_picked":["BowlingBash+1","FollowUp","Perseverance"],"picked":"Crescendo+1","floor":35},{"not_picked":["PathToVictory","Collect","Weave+1"],"picked":"TalkToTheHand","floor":38},{"not_picked":["BowlingBash","ThirdEye","JustLucky"],"picked":"Ragnarok","floor":41},{"not_picked":["Sanctity","Unraveling","EmptyFist","Collect"],"picked":"SKIP","floor":44},{"not_picked":["Vengeance","BattleHymn+1","Tantrum","Protect+1"],"picked":"SKIP","floor":46}],"player_experience":1145341,"relics_obtained":[{"floor":7,"key":"Question Card"},{"floor":9,"key":"Frozen Egg 2"},{"floor":11,"key":"TeardropLocket"},{"floor":14,"key":"Centennial Puzzle"},{"floor":24,"key":"Happy Flower"},{"floor":26,"key":"Mercury Hourglass"},{"floor":30,"key":"Red Mask"},{"floor":31,"key":"Regal Pillow"},{"floor":41,"key":"Du-Vu Doll"},{"floor":42,"key":"MawBank"},{"floor":43,"key":"CeramicFish"},{"floor":44,"key":"Bronze Scales"},{"floor":48,"key":"Prayer Wheel"}],"event_choices":[{"damage_healed":0.0,"max_hp_gain":0.0,"max_hp_loss":0.0,"gold_gain":0.0,"event_name":"The Cleric","player_choice":"Leave","floor":2.0,"gold_loss":0.0,"damage_taken":0.0},{"damage_healed":0,"gold_gain":0,"player_choice":"Upgraded","damage_taken":0,"max_hp_gain":0,"max_hp_loss":0,"event_name":"Upgrade Shrine","floor":8,"gold_loss":0,"cards_upgraded":["Eruption"]},{"damage_healed":0,"gold_gain":0,"player_choice":"Simplicity","damage_taken":0,"max_hp_gain":0,"max_hp_loss":0,"event_name":"Back to Basics","floor":19,"gold_loss":0,"cards_upgraded":["Strike_P","Strike_P","Strike_P","Strike_P","Defend_P","Defend_P","Defend_P"]},{"damage_healed":0,"gold_gain":0,"player_choice":"Obtained Relic","damage_taken":0,"relics_obtained":["Dead Branch"],"max_hp_gain":0,"max_hp_loss":0,"event_name":"Addict","floor":20,"gold_loss":85},{"damage_healed":0,"gold_gain":0,"player_choice":"Traded Relic","damage_taken":0,"relics_obtained":["Nloth\u0027s Gift"],"max_hp_gain":0,"max_hp_loss":0,"event_name":"N\u0027loth","floor":22,"relics_lost":["Smiling Mask"],"gold_loss":0},{"damage_healed":0,"gold_gain":0,"player_choice":"Fought Bandits","damage_taken":0,"max_hp_gain":0,"max_hp_loss":0,"event_name":"Masked Bandits","floor":30,"gold_loss":0},{"damage_healed":0,"gold_gain":0,"player_choice":"Max HP","damage_taken":0,"max_hp_gain":0,"max_hp_loss":3,"event_name":"Winding Halls","floor":36,"gold_loss":0},{"damage_healed":0,"gold_gain":222,"player_choice":"Wore Mask","damage_taken":0,"max_hp_gain":0,"max_hp_loss":0,"event_name":"Tomb of Lord Red Mask","floor":37,"gold_loss":0},{"damage_healed":0,"gold_gain":0,"player_choice":"Fight","damage_taken":0,"max_hp_gain":0,"max_hp_loss":0,"event_name":"MindBloom","floor":48,"gold_loss":0}],"is_beta":true,"boss_relics":[{"not_picked":["Astrolabe","Runic Dome"],"picked":"Runic Pyramid"},{"not_picked":["Sozu","SlaversCollar"],"picked":"Fusion Hammer"}],"items_purged_floors":[3,39,45],"is_endless":false,"potions_floor_spawned":[5,10,11,13,16,28,31,44,46,48],"ascension_level":18}