{"gold_per_floor":[112,31,42,53,53,53,85,85,85,96,130,130,140,57,57,128,128,147,2,2,14,27,27,53,99,153,153,165,185,185,185,185,263,263,280,3,23,23,40,40,56,85,108,108,135,135,149,27,27,27],"floor_reached":50,"playtime":4932,"items_purged":["Strike_B","Defend_B"],"score":875,"play_id":"289d9c7d-32df-49fe-bf33-da394ad116d4","local_time":"20190121173630","is_ascension_mode":true,"campfire_choices":[{"data":"Zap","floor":6.0,"key":"SMITH"},{"data":"Tempest","floor":8.0,"key":"SMITH"},{"data":"Hologram","floor":12.0,"key":"SMITH"},{"data":"Streamline","floor":15.0,"key":"SMITH"},{"data":"Turbo","floor":23.0,"key":"SMITH"},{"data":"Dualcast","floor":27.0,"key":"SMITH"},{"data":"Reinforced Body","floor":32.0,"key":"SMITH"},{"data":"Conserve Battery","floor":40,"key":"SMITH"},{"floor":44,"key":"RECALL"},{"data":"Turbo","floor":46,"key":"SMITH"},{"data":"Conserve Battery","floor":49,"key":"SMITH"}],"neow_cost":"NONE","seed_source_timestamp":450906887068703,"circlet_count":0,"master_deck":["AscendersBane","Strike_B","Strike_B","Strike_B","Defend_B","Defend_B","Defend_B","Zap+1","Dualcast+1","FTL","Reinforced Body+1","Sweeping Beam","Tempest+1","Streamline+1","Doom and Gloom","Compile Driver","Hologram+1","Seek","Core Surge","Conserve Battery+1","Capacitor","Turbo+1","Machine Learning","Lockon","Biased Cognition","Turbo+1","Barrage+1","Self Repair+1","Sunder","Lockon+1","Conserve Battery+1"],"special_seed":0,"relics":["Cracked Core","Meat on the Bone","Question Card","Incense Burner","Centennial Puzzle","Busted Crown","DataDisk","NlothsMask","Bottled Tornado","Bronze Scales","Runic Pyramid","Chemical X","Bag of Marbles","Sundial"],"potions_floor_usage":[45,50],"damage_taken":[{"damage":0.0,"enemies":"Jaw Worm","floor":1.0,"turns":3.0},{"damage":0.0,"enemies":"Cultist","floor":3.0,"turns":4.0},{"damage":0.0,"enemies":"2 Louse","floor":4.0,"turns":2.0},{"damage":4.0,"enemies":"Gremlin Nob","floor":7.0,"turns":4.0},{"damage":12.0,"enemies":"Exordium Thugs","floor":10.0,"turns":3.0},{"damage":14.0,"enemies":"3 Sentries","floor":11.0,"turns":6.0},{"damage":1.0,"enemies":"Lots of Slimes","floor":13.0,"turns":3.0},{"damage":18.0,"enemies":"The Guardian","floor":16.0,"turns":9.0},{"damage":6.0,"enemies":"Shell Parasite","floor":18.0,"turns":5.0},{"damage":0.0,"enemies":"Chosen","floor":21.0,"turns":3.0},{"damage":4.0,"enemies":"Sentry and Sphere","floor":22.0,"turns":4.0},{"damage":23.0,"enemies":"Book of Stabbing","floor":24.0,"turns":7.0},{"damage":7.0,"enemies":"Chosen and Byrds","floor":28.0,"turns":3.0},{"damage":14.0,"enemies":"Snake Plant","floor":29.0,"turns":3.0},{"damage":6.0,"enemies":"Colosseum Slavers","floor":30.0,"turns":2.0},{"damage":28.0,"enemies":"Automaton","floor":33.0,"turns":8.0},{"damage":11.0,"enemies":"3 Shapes","floor":35.0,"turns":2.0},{"damage":4.0,"enemies":"Orb Walker","floor":37.0,"turns":2.0},{"damage":5,"enemies":"Writhing Mass","floor":39,"turns":2},{"damage":0,"enemies":"4 Shapes","floor":41,"turns":6},{"damage":17,"enemies":"Nemesis","floor":42,"turns":5},{"damage":20,"enemies":"Reptomancer","floor":45,"turns":5},{"damage":1,"enemies":"Sphere and 2 Shapes","floor":47,"turns":4},{"damage":66,"enemies":"Time Eater","floor":50,"turns":7}],"seed_played":"-8248504969570655880","potions_obtained":[{"floor":1.0,"key":"GamblersBrew"},{"floor":5.0,"key":"SpeedPotion"},{"floor":11.0,"key":"AttackPotion"},{"floor":13.0,"key":"SteroidPotion"},{"floor":16.0,"key":"FocusPotion"},{"floor":24.0,"key":"Dexterity Potion"},{"floor":28.0,"key":"FocusPotion"},{"floor":29.0,"key":"Weak Potion"},{"floor":37.0,"key":"Dexterity Potion"},{"floor":41,"key":"FearPotion"},{"floor":45,"key":"SpeedPotion"}],"is_trial":false,"path_per_floor":["M","$","M","M","?","R","E","R","T","M","E","R","M","?","R","B",null,"M","$","?","M","M","R","E","T","T","R","M","M","?","?","R","B",null,"M","$","M","$","M","R","M","E","T","R","E","R","M","$","R","B"],"character_chosen":"DEFECT","items_purchased":["Reinforced Body","Sweeping Beam","DataDisk","Chemical X","Conserve Battery"],"campfire_rested":0,"item_purchase_floors":[2,2,19,36,48],"current_hp_per_floor":[75,75,75,75,75,75,71,71,71,59,45,45,44,44,44,38,71,65,65,65,65,61,61,50,50,50,50,43,41,47,47,47,31,69,58,58,54,54,49,49,49,54,54,54,56,56,65,65,65,0],"gold":27,"neow_bonus":"TEN_PERCENT_HP_BONUS","is_prod":false,"is_daily":false,"chose_seed":false,"campfire_upgraded":10,"win_rate":0,"timestamp":1548110190,"path_taken":["M","$","M","M","?","R","E","R","T","M","E","R","?","?","R","BOSS","M","$","?","?","M","R","E","?","T","R","M","?","?","?","R","BOSS","M","$","M","?","?","R","M","E","T","R","E","R","M","$","R","BOSS"],"build_version":"2019-01-17v2","purchased_purges":2,"victory":false,"max_hp_per_floor":[82,82,82,82,82,82,82,82,82,82,82,82,82,82,82,82,82,82,82,82,82,82,82,82,82,82,82,82,82,82,82,82,82,82,82,82,82,82,82,82,82,82,82,82,82,82,82,82,82,82],"card_choices":[{"not_picked":["Barrage","Redo"],"picked":"FTL","floor":1.0},{"not_picked":["Stack","Conserve Battery"],"picked":"Tempest","floor":3.0},{"not_picked":["Cold Snap","Coolheaded"],"picked":"Streamline","floor":4.0},{"not_picked":["Skim","Defragment"],"picked":"Doom and Gloom","floor":7.0},{"not_picked":["Ball Lightning","Leap","Loop"],"picked":"Compile Driver","floor":10.0},{"not_picked":["Sunder","Defragment","Storm"],"picked":"Hologram","floor":11.0},{"not_picked":["Compile Driver","Gash","Leap"],"picked":"Seek","floor":13.0},{"not_picked":["Seek","Rainbow","Machine Learning"],"picked":"Core Surge","floor":16.0},{"not_picked":["Hologram"],"picked":"Conserve Battery","floor":18.0},{"not_picked":["Gash"],"picked":"Capacitor","floor":21.0},{"not_picked":["Go for the Eyes"],"picked":"Turbo","floor":22.0},{"not_picked":["Melter"],"picked":"Machine Learning","floor":24.0},{"not_picked":["Redo","Sweeping Beam"],"picked":"SKIP","floor":28.0},{"not_picked":["Cold Snap"],"picked":"Lockon","floor":29.0},{"not_picked":["Reboot"],"picked":"Biased Cognition","floor":33.0},{"not_picked":["Skim"],"picked":"Turbo","floor":35.0},{"not_picked":["BootSequence+1"],"picked":"Barrage+1","floor":37.0},{"not_picked":["Coolheaded","Redo+1"],"picked":"SKIP","floor":39},{"not_picked":["Capacitor+1"],"picked":"Self Repair+1","floor":41},{"not_picked":["Barrage"],"picked":"Sunder","floor":42},{"not_picked":["Chaos+1"],"picked":"Lockon+1","floor":45},{"not_picked":["Redo","Cold Snap"],"picked":"SKIP","floor":47}],"player_experience":2214112,"relics_obtained":[{"floor":7.0,"key":"Meat on the Bone"},{"floor":9.0,"key":"Question Card"},{"floor":11.0,"key":"Incense Burner"},{"floor":24.0,"key":"Bottled Tornado"},{"floor":26.0,"key":"Bronze Scales"},{"floor":42,"key":"Bag of Marbles"},{"floor":45,"key":"Sundial"}],"event_choices":[{"damage_healed":0.0,"max_hp_gain":0.0,"max_hp_loss":0.0,"gold_gain":0.0,"event_name":"Lab","player_choice":"Got Potions","floor":5.0,"gold_loss":0.0,"damage_taken":0.0},{"damage_healed":0.0,"max_hp_gain":0.0,"max_hp_loss":0.0,"gold_gain":0.0,"event_name":"WeMeetAgain","player_choice":"Paid Gold","floor":14.0,"gold_loss":83.0,"damage_taken":0.0,"relics_obtained":["Centennial Puzzle"]},{"damage_healed":0.0,"max_hp_gain":0.0,"max_hp_loss":0.0,"gold_gain":0.0,"event_name":"FaceTrader","player_choice":"Trade","floor":20.0,"gold_loss":0.0,"damage_taken":0.0,"relics_obtained":["NlothsMask"]},{"damage_healed":0.0,"max_hp_gain":0.0,"max_hp_loss":0.0,"gold_gain":0.0,"event_name":"Colosseum","player_choice":"Fight","floor":30.0,"gold_loss":0.0,"damage_taken":0.0},{"damage_healed":0.0,"max_hp_gain":0.0,"max_hp_loss":0.0,"gold_gain":0.0,"event_name":"Colosseum","player_choice":"Fled From Nobs","floor":30.0,"gold_loss":0.0,"damage_taken":0.0},{"damage_healed":0.0,"max_hp_gain":0.0,"max_hp_loss":0.0,"gold_gain":0.0,"event_name":"N\u0027loth","player_choice":"Ignored","floor":31.0,"gold_loss":0.0,"damage_taken":0.0}],"is_beta":false,"boss_relics":[{"not_picked":["Runic Dome","Velvet Choker"],"picked":"Busted Crown"},{"not_picked":["Fusion Hammer","FrozenCore"],"picked":"Runic Pyramid"}],"items_purged_floors":[36,48],"is_endless":false,"potions_floor_spawned":[1,11,13,16,24,28,29,30,37,41,45],"killed_by":"Time Eater","ascension_level":13}