{"gold_per_floor":[119,119,119,135,151,151,167,167,167,179,191,191,122,137,137,238,238,256,276,138,138],"floor_reached":21,"playtime":855,"items_purged":[],"score":190,"play_id":"6f716333-4d93-458d-abda-db9d13f64e05","local_time":"20190815085005","is_ascension_mode":true,"campfire_choices":[{"data":"Zap","floor":6,"key":"SMITH"},{"floor":12,"key":"REST"},{"data":"Self Repair","floor":15,"key":"SMITH"}],"neow_cost":"NONE","seed_source_timestamp":241524484674192,"circlet_count":0,"master_deck":["Strike_B","Strike_B","Strike_B","Strike_B","Defend_B","Defend_B","Defend_B","Defend_B","Zap+1","Dualcast","Cold Snap","Gash","Conserve Battery","Loop","Rip and Tear","Streamline","Self Repair+1","Redo","Electrodynamics","Turbo+1","Cold Snap","Defragment","Leap","Rebound"],"relics":["Cracked Core","NeowsBlessing","Ice Cream","Gambling Chip","Kunai","Black Star"],"potions_floor_usage":[11,16,18,19,21],"damage_taken":[{"damage":0,"enemies":"Cultist","floor":1,"turns":1},{"damage":0,"enemies":"Small Slimes","floor":4,"turns":1},{"damage":0,"enemies":"Jaw Worm","floor":5,"turns":1},{"damage":24,"enemies":"Large Slime","floor":7,"turns":6},{"damage":15,"enemies":"Lots of Slimes","floor":10,"turns":4},{"damage":1,"enemies":"Exordium Wildlife","floor":11,"turns":5},{"damage":0,"enemies":"Large Slime","floor":14,"turns":4},{"damage":30,"enemies":"Slime Boss","floor":16,"turns":10},{"damage":58,"enemies":"2 Thieves","floor":18,"turns":4},{"damage":12,"enemies":"3 Byrds","floor":19,"turns":3},{"damage":24,"enemies":"Snake Plant","floor":21,"turns":3}],"seed_played":"-234538706367105330","potions_obtained":[{"floor":7,"key":"Block Potion"},{"floor":10,"key":"GamblersBrew"},{"floor":11,"key":"FearPotion"},{"floor":14,"key":"Poison Potion"},{"floor":16,"key":"Energy Potion"},{"floor":18,"key":"Fruit Juice"},{"floor":19,"key":"FearPotion"}],"is_trial":false,"path_per_floor":["M","T","?","M","M","R","M","?","T","M","M","R","$","M","R","B",null,"M","M","$","M"],"character_chosen":"DEFECT","items_purchased":["Self Repair","Defragment","Leap","Rebound"],"campfire_rested":1,"item_purchase_floors":[13,20,20,20],"current_hp_per_floor":[75,75,72,72,72,72,48,48,48,33,32,54,54,61,61,31,75,27,20,20,0],"gold":138,"neow_bonus":"THREE_ENEMY_KILL","is_prod":false,"is_daily":false,"chose_seed":false,"campfire_upgraded":2,"win_rate":0,"timestamp":1565869805,"path_taken":["M","?","?","M","?","R","M","?","T","M","M","R","$","M","R","BOSS","M","M","?","M"],"build_version":"2019-07-17","purchased_purges":0,"victory":false,"max_hp_per_floor":[75,75,75,75,75,75,75,75,75,75,75,75,75,75,75,75,75,75,80,80,80],"card_choices":[{"not_picked":["Stack","Coolheaded"],"picked":"Cold Snap","floor":1},{"not_picked":["Barrage","Scrape"],"picked":"Gash","floor":4},{"not_picked":["Storm","Chill"],"picked":"Conserve Battery","floor":5},{"not_picked":["Streamline","Coolheaded"],"picked":"Loop","floor":7},{"not_picked":["Leap","Auto Shields"],"picked":"Rip and Tear","floor":10},{"not_picked":["Rip and Tear","Steam"],"picked":"Streamline","floor":11},{"not_picked":["FTL","Undo"],"picked":"Redo","floor":14},{"not_picked":["Amplify","Fission"],"picked":"Electrodynamics","floor":16},{"not_picked":["Skim","Rebound"],"picked":"Turbo+1","floor":18},{"not_picked":["Leap+1","Amplify"],"picked":"Cold Snap","floor":19}],"player_experience":312418,"relics_obtained":[{"floor":2,"key":"Ice Cream"},{"floor":9,"key":"Kunai"}],"event_choices":[{"damage_healed":0,"gold_gain":0,"player_choice":"Success","damage_taken":3,"relics_obtained":["Gambling Chip"],"max_hp_gain":0,"max_hp_loss":0,"event_name":"Scrap Ooze","floor":3,"gold_loss":0},{"damage_healed":0,"gold_gain":0,"player_choice":"Ignored","damage_taken":0,"max_hp_gain":0,"max_hp_loss":0,"event_name":"Purifier","floor":8,"gold_loss":0}],"is_beta":false,"boss_relics":[{"not_picked":["Coffee Dripper","Cursed Key"],"picked":"Black Star"}],"items_purged_floors":[],"is_endless":false,"potions_floor_spawned":[7,10,11,14,16,18,19],"killed_by":"Snake Plant","ascension_level":2}