{"gold_per_floor":[11,11,86,104,104,104,134,134,134,152,166,179,179,196,196,298,298,312,27,27,27],"floor_reached":21,"playtime":1277,"items_purged":[],"score":237,"play_id":"eadd4c14-0172-4eba-8b7b-5cad326a9527","local_time":"20180909040545","is_ascension_mode":true,"campfire_choices":[{"data":"Dagger Spray","floor":6,"key":"SMITH"},{"floor":8,"key":"REST"},{"data":"Terror","floor":13,"key":"SMITH"},{"floor":15,"key":"REST"}],"neow_cost":"NO_GOLD","seed_source_timestamp":48146701690520,"circlet_count":0,"master_deck":["Defend_G","Defend_G","Defend_G","Defend_G","Defend_G","Strike_G","Strike_G","Strike_G","Strike_G","Strike_G","Survivor","Neutralize+1","Flying Knee","Dagger Spray+1","Well Laid Plans","Terror+1","Bullet Time","Caltrops","Acrobatics","After Image","Cloak And Dagger+1","Accuracy","Apotheosis"],"relics":["Ring of the Snake","Bird Faced Urn","Odd Mushroom","Pear","Cursed Key"],"potions_floor_usage":[12,16,16,21],"damage_taken":[{"damage":0,"enemies":"2 Louse","floor":1,"turns":4},{"damage":0,"enemies":"Jaw Worm","floor":4,"turns":4},{"damage":15,"enemies":"The Mushroom Lair","floor":7,"turns":3},{"damage":0,"enemies":"Cultist","floor":10,"turns":3},{"damage":4,"enemies":"Blue Slaver","floor":11,"turns":3},{"damage":6,"enemies":"Exordium Thugs","floor":12,"turns":4},{"damage":0,"enemies":"2 Fungi Beasts","floor":14,"turns":2},{"damage":29,"enemies":"Hexaghost","floor":16,"turns":13},{"damage":8,"enemies":"Shell Parasite","floor":18,"turns":5},{"damage":17,"enemies":"Colosseum Slavers","floor":21,"turns":5},{"damage":67,"enemies":"Colosseum Nobs","floor":21,"turns":3}],"seed_played":"-2993577953598188868","potions_obtained":[{"floor":4,"key":"EssenceOfSteel"},{"floor":7,"key":"Explosive Potion"},{"floor":12,"key":"Block Potion"},{"floor":16,"key":"Ancient Potion"},{"floor":18,"key":"SkillPotion"}],"is_trial":false,"path_per_floor":["M","$","?","M","?","R","?","R","T","M","M","M","R","M","R","B",null,"M","$","?"],"character_chosen":"THE_SILENT","items_purchased":["Accuracy","Apotheosis"],"campfire_rested":2,"item_purchase_floors":[19,19],"current_hp_per_floor":[63,63,52,52,52,52,37,58,68,70,66,62,62,66,80,55,74,72,72,72,0],"gold":27,"neow_bonus":"ONE_RARE_RELIC","is_prod":false,"is_daily":false,"chose_seed":false,"campfire_upgraded":2,"win_rate":0,"timestamp":1536480345,"path_taken":["M","$","?","M","?","R","?","R","T","M","M","M","R","M","R","BOSS","M","$","?","?"],"build_version":"2018-08-23v2","purchased_purges":0,"victory":false,"max_hp_per_floor":[70,70,70,70,70,70,70,70,80,80,80,80,80,80,80,80,80,80,80,80,80],"card_choices":[{"not_picked":["Slice","Dagger Throw"],"picked":"Flying Knee","floor":1},{"not_picked":["Backstab","Calculated Gamble"],"picked":"Dagger Spray","floor":4},{"not_picked":["Deflect","Backflip"],"picked":"Well Laid Plans","floor":7},{"not_picked":["Tactician","Cloak And Dagger"],"picked":"Terror","floor":10},{"not_picked":["Bane","Setup"],"picked":"Bullet Time","floor":11},{"not_picked":["Dodge and Roll","Slice"],"picked":"Caltrops","floor":12},{"not_picked":["Flying Knee","Deadly Poison"],"picked":"Acrobatics","floor":14},{"not_picked":["Tools of the Trade","Wraith Form v2"],"picked":"After Image","floor":16},{"not_picked":["Blade Dance","Backflip"],"picked":"Cloak And Dagger+1","floor":18}],"player_experience":1680591,"relics_obtained":[{"floor":7,"key":"Odd Mushroom"},{"floor":9,"key":"Pear"}],"event_choices":[{"event_name":"World of Goop","player_choice":"Gather Gold","floor":3,"damage_taken":0},{"event_name":"Upgrade Shrine","player_choice":"Upgraded","floor":5,"damage_taken":0},{"event_name":"Mushrooms","player_choice":"Fought Mushrooms","floor":7,"damage_taken":0},{"event_name":"Colosseum","player_choice":"Fight","floor":21,"damage_taken":0},{"event_name":"Colosseum","player_choice":"Fought Nobs","floor":21,"damage_taken":0}],"is_beta":false,"boss_relics":[{"not_picked":["Philosopher\u0027s Stone","Ectoplasm"],"picked":"Cursed Key"}],"items_purged_floors":[],"is_endless":false,"potions_floor_spawned":[4,7,12,16,18],"killed_by":"Colosseum Nobs","ascension_level":8}