{"gold_per_floor":[118,14,24,24,43,43,62,62,62,72,72,88,88,117,117,215,215,233,1,13,28,28,28,43,43,43,43,55,83,83,83],"floor_reached":31,"playtime":1675,"items_purged":[],"score":257,"play_id":"abcc30dc-f454-47aa-8546-9ad43e55cb31","local_time":"20190728082438","is_ascension_mode":false,"campfire_choices":[{"data":"Rebound","floor":6,"key":"SMITH"},{"data":"Leap","floor":8,"key":"SMITH"},{"data":"Auto Shields","floor":15,"key":"SMITH"},{"floor":23,"key":"REST"},{"floor":25,"key":"REST"},{"floor":30,"key":"REST"}],"neow_cost":"NONE","seed_source_timestamp":133681967538797,"circlet_count":0,"master_deck":["Strike_B+1","Strike_B","Strike_B","Strike_B","Defend_B","Defend_B+1","Defend_B","Defend_B","Zap","Dualcast","Steam","Conserve Battery","Leap+1","Leap+1","Rebound+1","Auto Shields+1","Rebound","Conserve Battery","Ball Lightning","Echo Form","Gash","Conserve Battery","Chaos","Hello World","Rebound","Defragment","FTL","Turbo","Leap+1","Melter","Steam+1"],"relics":["Cracked Core","Ginger","Lizard Tail","Dream Catcher","Dodecahedron","Nloth\u0027s Gift","Darkstone Periapt"],"potions_floor_usage":[12,18,18,29],"damage_taken":[{"damage":1,"enemies":"2 Louse","floor":1,"turns":2},{"damage":0,"enemies":"Small Slimes","floor":3,"turns":4},{"damage":0,"enemies":"Cultist","floor":5,"turns":5},{"damage":5,"enemies":"3 Louse","floor":7,"turns":4},{"damage":6,"enemies":"Gremlin Gang","floor":10,"turns":6},{"damage":0,"enemies":"Red Slaver","floor":12,"turns":4},{"damage":7,"enemies":"Lagavulin","floor":14,"turns":6},{"damage":44,"enemies":"The Guardian","floor":16,"turns":11},{"damage":0,"enemies":"Shell Parasite","floor":18,"turns":5},{"damage":15,"enemies":"Spheric Guardian","floor":20,"turns":6},{"damage":21,"enemies":"Shelled Parasite and Fungi","floor":21,"turns":7},{"damage":11,"enemies":"Snecko","floor":24,"turns":6},{"damage":17,"enemies":"Centurion and Healer","floor":28,"turns":9},{"damage":110,"enemies":"Gremlin Leader","floor":29,"turns":8},{"damage":46,"enemies":"Cultist and Chosen","floor":31,"turns":4}],"seed_played":"-837199627662947832","potions_obtained":[{"floor":3,"key":"PowerPotion"},{"floor":7,"key":"FairyPotion"},{"floor":12,"key":"FearPotion"},{"floor":16,"key":"Strength Potion"},{"floor":24,"key":"Strength Potion"},{"floor":28,"key":"GamblersBrew"},{"floor":29,"key":"SteroidPotion"}],"is_trial":false,"path_per_floor":["M","$","M","?","M","R","M","R","T","M","?","M","?","E","R","B",null,"M","$","M","M","$","R","M","R","T","?","M","E","R","M"],"character_chosen":"DEFECT","items_purchased":["Conserve Battery","Leap","Dream Catcher","Conserve Battery","Chaos"],"campfire_rested":3,"item_purchase_floors":[2,2,19,19,19],"current_hp_per_floor":[81,81,81,81,81,81,76,76,76,70,54,54,81,74,74,30,82,82,82,67,46,46,70,59,82,82,82,65,5,29,0],"gold":83,"neow_bonus":"TEN_PERCENT_HP_BONUS","is_prod":false,"is_daily":false,"chose_seed":false,"campfire_upgraded":3,"win_rate":0.0,"timestamp":1564313078,"path_taken":["M","$","M","?","M","R","M","R","T","M","?","M","?","E","R","BOSS","M","$","M","M","$","R","M","R","T","?","M","E","R","?"],"build_version":"2019-07-17","purchased_purges":0,"victory":false,"max_hp_per_floor":[82,82,82,82,82,82,82,82,82,82,82,82,82,82,82,82,82,82,82,82,82,82,82,82,82,82,82,82,82,82,82],"card_choices":[{"not_picked":["Streamline","Storm"],"picked":"Steam","floor":1},{"not_picked":["Sweeping Beam","Tempest"],"picked":"Leap","floor":3},{"not_picked":["Beam Cell","Coolheaded"],"picked":"Rebound","floor":5},{"not_picked":["Hello World","Aggregate"],"picked":"Auto Shields","floor":7},{"not_picked":["Barrage","Compile Driver"],"picked":"Rebound","floor":10},{"not_picked":["Beam Cell","Streamline"],"picked":"Conserve Battery","floor":12},{"not_picked":["Thunder Strike","Turbo"],"picked":"Ball Lightning","floor":14},{"not_picked":["Buffer","Hyperbeam"],"picked":"Echo Form","floor":16},{"not_picked":["Barrage+1","Fusion"],"picked":"Gash","floor":18},{"not_picked":["Hologram","Stack"],"picked":"Hello World","floor":20},{"not_picked":["Stack","Leap"],"picked":"Rebound","floor":21},{"not_picked":["Steam","Turbo+1"],"picked":"Defragment","floor":23},{"not_picked":["Leap+1","Cold Snap"],"picked":"FTL","floor":24},{"not_picked":["Redo","Beam Cell+1"],"picked":"Turbo","floor":25},{"not_picked":["Aggregate","Rebound"],"picked":"Leap+1","floor":28},{"not_picked":["Fission","Glacier"],"picked":"Melter","floor":29},{"not_picked":["Fusion","Force Field"],"picked":"Steam+1","floor":30}],"player_experience":248034,"relics_obtained":[{"floor":9,"key":"Mummified Hand"},{"floor":14,"key":"Ginger"},{"floor":26,"key":"Dodecahedron"},{"floor":29,"key":"Darkstone Periapt"}],"event_choices":[{"damage_healed":0,"gold_gain":0,"player_choice":"Grow","damage_taken":0,"max_hp_gain":0,"max_hp_loss":0,"event_name":"Living Wall","floor":4,"gold_loss":0,"cards_upgraded":["Leap"]},{"damage_healed":0,"gold_gain":0,"player_choice":"Entered Light","damage_taken":16,"max_hp_gain":0,"max_hp_loss":0,"event_name":"Shining Light","floor":11,"gold_loss":0,"cards_upgraded":["Strike_B","Defend_B"]},{"damage_healed":27,"gold_gain":0,"player_choice":"Banana","damage_taken":0,"max_hp_gain":0,"max_hp_loss":0,"event_name":"Big Fish","floor":13,"gold_loss":0},{"damage_healed":0,"gold_gain":0,"player_choice":"Traded Relic","damage_taken":0,"relics_obtained":["Nloth\u0027s Gift"],"max_hp_gain":0,"max_hp_loss":0,"event_name":"N\u0027loth","floor":27,"relics_lost":["Mummified Hand"],"gold_loss":0}],"is_beta":false,"boss_relics":[{"not_picked":["Ectoplasm","Snecko Eye"],"picked":"Lizard Tail"}],"items_purged_floors":[],"is_endless":false,"potions_floor_spawned":[3,7,12,16,24,28,29],"killed_by":"Cultist and Chosen","ascension_level":0}