{"gold_per_floor":[215,14,189,264,315,315,346,346,371,35,50,50,50,63,63,160,160,145,145,168,168,181,181,196,196,220,239,23,43,43,73,73,73],"floor_reached":33,"playtime":1567,"items_purged":[],"score":299,"play_id":"c9e9d321-10c1-4f31-9c45-00b14064b6d4","local_time":"20190816194950","is_ascension_mode":true,"campfire_choices":[{"floor":6,"key":"REST"},{"floor":8,"key":"REST"},{"floor":12,"key":"REST"},{"floor":15,"key":"REST"},{"data":"Storm of Steel","floor":23,"key":"SMITH"},{"floor":25,"key":"REST"},{"floor":30,"key":"REST"},{"floor":32,"key":"REST"}],"neow_cost":"NONE","seed_source_timestamp":311716880513314,"circlet_count":0,"master_deck":["Strike_G+1","Strike_G+1","Strike_G+1","Strike_G+1","Strike_G+1","Defend_G+1","Defend_G+1","Defend_G+1","Defend_G+1","Defend_G+1","Survivor","Neutralize","Cloak And Dagger","Cloak And Dagger","Backstab","Noxious Fumes","Doubt","Quick Slash","Cloak And Dagger","Endless Agony","All Out Attack","Caltrops","Panacea","Choke","Poisoned Stab","Storm of Steel+1","Flying Knee+1","Terror","Deadly Poison+1","Storm of Steel","Corpse Explosion","Well Laid Plans","Finisher","Deadly Poison","Concentrate"],"relics":["Ring of the Snake","Paper Crane","Art of War","Tingsha","Lizard Tail","Bronze Scales","Smiling Mask","WingedGreaves"],"potions_floor_usage":[16,18,22,27,29],"damage_taken":[{"damage":1,"enemies":"2 Louse","floor":1,"turns":4},{"damage":54,"enemies":"Gremlin Nob","floor":7,"turns":6},{"damage":4,"enemies":"Jaw Worm","floor":11,"turns":4},{"damage":0,"enemies":"Small Slimes","floor":14,"turns":1},{"damage":37,"enemies":"The Guardian","floor":16,"turns":10},{"damage":0,"enemies":"2 Thieves","floor":18,"turns":4},{"damage":10,"enemies":"Spheric Guardian","floor":22,"turns":4},{"damage":16,"enemies":"Centurion and Healer","floor":24,"turns":4},{"damage":21,"enemies":"Snake Plant","floor":27,"turns":3},{"damage":18,"enemies":"3 Cultists","floor":29,"turns":4},{"damage":41,"enemies":"Slavers","floor":31,"turns":5},{"damage":80,"enemies":"Champ","floor":33,"turns":9}],"seed_played":"-7022841585298061375","potions_obtained":[{"floor":7,"key":"Block Potion"},{"floor":16,"key":"Block Potion"},{"floor":18,"key":"Regen Potion"},{"floor":24,"key":"AttackPotion"},{"floor":27,"key":"PowerPotion"}],"is_trial":false,"path_per_floor":["M","$","?","?","?","R","E","R","T","$","M","R","T","M","R","B",null,"M","?","T","?","M","R","M","R","T","M","$","M","R","E","R","B"],"character_chosen":"THE_SILENT","items_purchased":["Cloak And Dagger","Backstab","Noxious Fumes","Cloak And Dagger","Endless Agony","All Out Attack","Caltrops","Panacea","Corpse Explosion","Well Laid Plans","Finisher"],"campfire_rested":7,"item_purchase_floors":[2,2,2,10,10,10,10,10,28,28,28],"current_hp_per_floor":[69,69,69,58,58,70,16,37,37,37,33,54,54,54,70,33,70,70,70,70,70,60,60,44,65,65,44,44,26,47,6,27,0],"gold":73,"neow_bonus":"HUNDRED_GOLD","is_prod":false,"is_daily":false,"chose_seed":false,"campfire_upgraded":1,"win_rate":0,"timestamp":1565995790,"path_taken":["M","$","?","?","?","R","E","R","T","?","M","R","?","M","R","BOSS","M","?","?","?","?","R","M","R","T","M","$","M","R","E","R","BOSS"],"build_version":"2019-07-17","purchased_purges":0,"victory":false,"max_hp_per_floor":[70,70,70,70,70,70,70,70,70,70,70,70,70,70,70,70,70,70,70,70,70,70,70,70,70,70,70,70,70,70,70,70,70],"card_choices":[{"not_picked":["Dagger Throw","Sucker Punch"],"picked":"Cloak And Dagger","floor":1},{"not_picked":["Riddle With Holes","Outmaneuver"],"picked":"Quick Slash","floor":7},{"not_picked":["Heel Hook","Concentrate"],"picked":"Choke","floor":11},{"not_picked":["Dagger Spray","Expertise"],"picked":"Poisoned Stab","floor":14},{"not_picked":["Burst","Doppelganger"],"picked":"Storm of Steel","floor":16},{"not_picked":["Expertise","Prepared"],"picked":"Flying Knee+1","floor":18},{"not_picked":["Sucker Punch","Prepared"],"picked":"Terror","floor":22},{"not_picked":["Poisoned Stab","Prepared+1"],"picked":"Deadly Poison+1","floor":24},{"not_picked":["Predator","Cloak And Dagger"],"picked":"Storm of Steel","floor":27},{"not_picked":["Sucker Punch","Bane"],"picked":"Deadly Poison","floor":29},{"not_picked":["Tactician","Acrobatics"],"picked":"Concentrate","floor":31}],"player_experience":320469,"relics_obtained":[{"floor":7,"key":"Paper Crane"},{"floor":9,"key":"Art of War"},{"floor":13,"key":"Tingsha"},{"floor":20,"key":"Bronze Scales"},{"floor":26,"key":"Smiling Mask"},{"floor":31,"key":"WingedGreaves"}],"event_choices":[{"damage_healed":0,"gold_gain":175,"player_choice":"AGREE","damage_taken":0,"max_hp_gain":0,"max_hp_loss":0,"event_name":"Liars Game","floor":3,"gold_loss":0,"cards_obtained":["Doubt"]},{"damage_healed":0,"gold_gain":75,"player_choice":"Gather Gold","damage_taken":11,"max_hp_gain":0,"max_hp_loss":0,"event_name":"World of Goop","floor":4,"gold_loss":0},{"damage_healed":0,"gold_gain":51,"player_choice":"Gained Gold","damage_taken":0,"max_hp_gain":0,"max_hp_loss":0,"event_name":"Golden Wing","floor":5,"gold_loss":0},{"damage_healed":0,"gold_gain":0,"player_choice":"Simplicity","damage_taken":0,"max_hp_gain":0,"max_hp_loss":0,"event_name":"Back to Basics","floor":19,"gold_loss":0,"cards_upgraded":["Strike_G","Strike_G","Strike_G","Strike_G","Strike_G","Defend_G","Defend_G","Defend_G","Defend_G","Defend_G"]},{"damage_healed":0,"gold_gain":0,"player_choice":"Ignored","damage_taken":0,"max_hp_gain":0,"max_hp_loss":0,"event_name":"Ghosts","floor":21,"gold_loss":0}],"is_beta":false,"boss_relics":[{"not_picked":["Empty Cage","Tiny House"],"picked":"Lizard Tail"}],"items_purged_floors":[],"is_endless":false,"potions_floor_spawned":[7,16,18,24,27],"killed_by":"Champ","ascension_level":1}