{"gold_per_floor":[114,127,36,0,18,18,43,43,43,43,61,77,30,60,60,134,134,145,145,159,159,159,159,189,38,38,50],"floor_reached":27,"playtime":1654,"items_purged":["Strike_G"],"score":378,"play_id":"9fa52ec4-1920-480e-9443-d9b345e95452","local_time":"20181211003417","is_ascension_mode":true,"campfire_choices":[{"floor":6.0,"key":"REST"},{"data":"Neutralize","floor":8.0,"key":"SMITH"},{"floor":10.0,"key":"REST"},{"data":"Bane","floor":15.0,"key":"SMITH"},{"data":"Deadly Poison","floor":23,"key":"SMITH"}],"neow_cost":"NONE","seed_source_timestamp":0,"circlet_count":0,"master_deck":["AscendersBane","Defend_G","Defend_G","Defend_G","Defend_G","Defend_G","Strike_G","Strike_G","Strike_G","Strike_G","Survivor","Neutralize+1","Poisoned Stab","Terror","Deadly Poison+1","Catalyst","Well Laid Plans","Noxious Fumes","Flechettes","Backflip","Bane+1","Corpse Explosion","Bane","Riddle With Holes","Dagger Throw"],"special_seed":0,"relics":["Ring of the Snake","Bag of Preparation","Meat on the Bone","Lizard Tail","Regal Pillow","MawBank"],"potions_floor_usage":[20,27],"damage_taken":[{"damage":5.0,"enemies":"Small Slimes","floor":1.0,"turns":5.0},{"damage":1.0,"enemies":"2 Louse","floor":2.0,"turns":4.0},{"damage":1.0,"enemies":"Cultist","floor":5.0,"turns":3.0},{"damage":36.0,"enemies":"Gremlin Nob","floor":7.0,"turns":5.0},{"damage":8.0,"enemies":"2 Fungi Beasts","floor":11.0,"turns":3.0},{"damage":6.0,"enemies":"Red Slaver","floor":12.0,"turns":4.0},{"damage":12.0,"enemies":"The Guardian","floor":16.0,"turns":8.0},{"damage":19.0,"enemies":"Spheric Guardian","floor":18.0,"turns":5.0},{"damage":25,"enemies":"2 Thieves","floor":20,"turns":3},{"damage":40,"enemies":"Colosseum Slavers","floor":21,"turns":4},{"damage":50,"enemies":"Book of Stabbing","floor":24,"turns":5},{"damage":14,"enemies":"Centurion and Healer","floor":27,"turns":3}],"seed_played":"7946029989123955017","potions_obtained":[{"floor":2.0,"key":"AttackPotion"},{"floor":5.0,"key":"SpeedPotion"},{"floor":12.0,"key":"Block Potion"},{"floor":18.0,"key":"SkillPotion"}],"is_trial":false,"path_per_floor":["M","M","$","?","M","R","E","R","T","R","M","M","$","?","R","B",null,"M","?","M","?","?","R","E","$","T","M"],"character_chosen":"THE_SILENT","items_purchased":["Deadly Poison","Catalyst","Bane","Dagger Throw","Block Potion"],"campfire_rested":2,"item_purchase_floors":[3,3,13,25,25],"current_hp_per_floor":[58,57,57,57,56,70,34,34,34,55,47,41,41,41,41,41,63,44,31,18,27,52,52,14,14,14,0],"gold":50,"neow_bonus":"RANDOM_COMMON_RELIC","is_prod":false,"is_daily":false,"chose_seed":false,"campfire_upgraded":3,"win_rate":0,"timestamp":1544506457,"path_taken":["M","M","$","?","M","R","E","R","T","R","M","M","$","?","R","BOSS","M","?","M","?","?","R","E","$","T","M"],"build_version":"2018-12-06","purchased_purges":1,"victory":false,"max_hp_per_floor":[70,70,70,70,70,70,70,70,70,70,70,70,70,70,70,70,70,70,75,75,75,75,75,75,75,75,75],"card_choices":[{"not_picked":["Dagger Throw","Quick Slash"],"picked":"Poisoned Stab","floor":1.0},{"not_picked":["Expertise","Flying Knee"],"picked":"Terror","floor":2.0},{"not_picked":["Endless Agony","Dagger Throw"],"picked":"Well Laid Plans","floor":5.0},{"not_picked":["Concentrate","Backflip"],"picked":"Noxious Fumes","floor":7.0},{"not_picked":["Acrobatics","Eviscerate"],"picked":"Flechettes","floor":11.0},{"not_picked":["Eviscerate","Blade Dance"],"picked":"Backflip","floor":12.0},{"not_picked":["Doppelganger","Malaise"],"picked":"Corpse Explosion","floor":16.0},{"not_picked":["Sucker Punch","Dagger Throw"],"picked":"Bane","floor":18.0},{"not_picked":["Quick Slash","Cloak And Dagger"],"picked":"Riddle With Holes","floor":20},{"not_picked":["Quick Slash","Riddle With Holes","Skewer"],"picked":"SKIP","floor":24}],"player_experience":2062721,"relics_obtained":[{"floor":7.0,"key":"Meat on the Bone"},{"floor":24,"key":"Regal Pillow"},{"floor":26,"key":"MawBank"}],"event_choices":[{"damage_healed":0.0,"max_hp_gain":0.0,"max_hp_loss":0.0,"gold_gain":0.0,"event_name":"World of Goop","player_choice":"Left Gold","floor":4.0,"gold_loss":36.0,"damage_taken":0.0},{"damage_healed":0.0,"max_hp_gain":0.0,"max_hp_loss":0.0,"gold_gain":30.0,"event_name":"Dead Adventurer","player_choice":"Searched \u00272\u0027 times","floor":14.0,"gold_loss":0.0,"damage_taken":0.0},{"damage_healed":0.0,"max_hp_gain":5.0,"max_hp_loss":0.0,"gold_gain":0.0,"event_name":"Forgotten Altar","player_choice":"Shed Blood","floor":19.0,"gold_loss":0.0,"damage_taken":18.0},{"damage_healed":0,"gold_gain":0,"player_choice":"Fight","damage_taken":0,"max_hp_gain":0,"max_hp_loss":0,"event_name":"Colosseum","floor":21,"gold_loss":0},{"damage_healed":0,"gold_gain":0,"player_choice":"Fled From Nobs","damage_taken":0,"max_hp_gain":0,"max_hp_loss":0,"event_name":"Colosseum","floor":21,"gold_loss":0},{"damage_healed":25,"gold_gain":0,"player_choice":"Heal","damage_taken":0,"max_hp_gain":0,"max_hp_loss":0,"event_name":"The Library","floor":22,"gold_loss":0}],"is_beta":false,"boss_relics":[{"not_picked":["Black Star","WristBlade"],"picked":"Lizard Tail"}],"items_purged_floors":[25],"is_endless":false,"potions_floor_spawned":[2,5,12,18],"killed_by":"Centurion and Healer","ascension_level":13}