{"gold_per_floor":[114,30,43,54,54,84,84,97,121,46,46,61,116,144,144,222,222,235,235,252,271,291,291,319,319,345,364,364,381,414,39,39,39],"floor_reached":33,"playtime":3485,"items_purged":["Strike_R","Strike_R"],"score":535,"play_id":"32e42912-06d1-4a17-8db8-9c811c485ddf","local_time":"20190410210226","is_ascension_mode":true,"campfire_choices":[{"data":"Shockwave","floor":7.0,"key":"SMITH"},{"data":"Armaments","floor":11,"key":"SMITH"},{"floor":15,"key":"REST"},{"data":"Pommel Strike","floor":23,"key":"SMITH"},{"data":"Brutality","floor":25,"key":"SMITH"},{"floor":32,"key":"REST"}],"neow_cost":"NONE","seed_source_timestamp":2139679402227441,"circlet_count":0,"master_deck":["AscendersBane","Strike_R","Strike_R","Defend_R","Defend_R","Defend_R","Bash","Whirlwind","Shrug It Off","Iron Wave","Flex","Shockwave+1","Reaper","Armaments+1","Flame Barrier","Clothesline","Headbutt","Fiend Fire","Iron Wave","Pommel Strike+1","Warcry+1","Hemokinesis+1","Brutality+1","Iron Wave+1","Feed"],"special_seed":0,"relics":["Burning Blood","Red Skull","Lantern","Boot","Ancient Tea Set","Velvet Choker","Bronze Scales","Oddly Smooth Stone","Du-Vu Doll","Meat on the Bone"],"potions_floor_usage":[8,18,20,22,24,27],"damage_taken":[{"damage":9.0,"enemies":"Jaw Worm","floor":1.0,"turns":5.0},{"damage":0.0,"enemies":"2 Louse","floor":3.0,"turns":4.0},{"damage":5.0,"enemies":"Small Slimes","floor":4.0,"turns":3.0},{"damage":42.0,"enemies":"Lagavulin","floor":6.0,"turns":9.0},{"damage":7,"enemies":"Red Slaver","floor":8,"turns":4},{"damage":0,"enemies":"Large Slime","floor":12,"turns":4},{"damage":27,"enemies":"Gremlin Nob","floor":13,"turns":5},{"damage":25,"enemies":"Gremlin Nob","floor":14,"turns":5},{"damage":25,"enemies":"Hexaghost","floor":16,"turns":13},{"damage":6,"enemies":"2 Thieves","floor":18,"turns":4},{"damage":16,"enemies":"Spheric Guardian","floor":20,"turns":5},{"damage":8,"enemies":"Snecko","floor":21,"turns":6},{"damage":24,"enemies":"Shelled Parasite and Fungi","floor":22,"turns":4},{"damage":17,"enemies":"Slavers","floor":24,"turns":2},{"damage":3,"enemies":"Snake Plant","floor":27,"turns":2},{"damage":8,"enemies":"Centurion and Healer","floor":29,"turns":3},{"damage":30,"enemies":"Book of Stabbing","floor":30,"turns":6},{"damage":84,"enemies":"Champ","floor":33,"turns":13}],"seed_played":"-3536684822031863926","potions_obtained":[{"floor":4.0,"key":"Ancient Potion"},{"floor":6.0,"key":"Poison Potion"},{"floor":8,"key":"SpeedPotion"},{"floor":14,"key":"Fire Potion"},{"floor":16,"key":"Weak Potion"},{"floor":21,"key":"GamblersBrew"},{"floor":22,"key":"Weak Potion"},{"floor":24,"key":"SteroidPotion"}],"is_trial":false,"path_per_floor":["M","$","M","M","?","E","R","M","T","$","R","M","?","E","R","B",null,"M","?","M","M","M","R","E","R","T","M","?","M","E","$","R","B"],"character_chosen":"IRONCLAD","items_purchased":["Shrug It Off","Iron Wave","Meat on the Bone"],"campfire_rested":2,"item_purchase_floors":[2,2,31],"current_hp_per_floor":[72,72,78,79,79,43,43,52,52,52,52,66,45,28,52,33,70,70,70,60,65,61,61,50,50,50,58,58,56,32,32,56,0],"gold":39,"neow_bonus":"TEN_PERCENT_HP_BONUS","is_prod":false,"is_daily":false,"chose_seed":false,"campfire_upgraded":4,"win_rate":0,"timestamp":1554944546,"path_taken":["M","$","M","M","?","E","R","M","T","$","R","M","?","E","R","BOSS","M","?","?","M","M","R","E","R","T","M","?","M","E","$","R","BOSS"],"build_version":"2019-01-23","purchased_purges":2,"victory":false,"max_hp_per_floor":[82,82,82,82,82,82,82,82,82,82,82,82,82,82,82,82,82,82,82,82,82,82,82,82,82,82,82,82,82,82,82,82,82],"card_choices":[{"not_picked":["Clash","Warcry"],"picked":"Whirlwind","floor":1.0},{"not_picked":["Havoc","Twin Strike"],"picked":"Flex","floor":3.0},{"not_picked":["Havoc","Spot Weakness"],"picked":"Shockwave","floor":4.0},{"not_picked":["Iron Wave","Second Wind"],"picked":"Reaper","floor":6.0},{"not_picked":["Corruption","Flex"],"picked":"Armaments","floor":8},{"not_picked":["Havoc","Pommel Strike"],"picked":"Flame Barrier","floor":12},{"not_picked":["Shrug It Off","Shockwave"],"picked":"Clothesline","floor":13},{"not_picked":["Intimidate","Havoc"],"picked":"Headbutt","floor":14},{"not_picked":["Bludgeon","Dark Embrace"],"picked":"Fiend Fire","floor":16},{"not_picked":["Rupture","Anger"],"picked":"Iron Wave","floor":18},{"not_picked":["Burning Pact","Shockwave"],"picked":"Pommel Strike","floor":20},{"not_picked":["Reckless Charge+1","Wild Strike","Warcry+1"],"picked":"SKIP","floor":21},{"not_picked":["Reckless Charge+1","Wild Strike"],"picked":"Warcry+1","floor":21},{"not_picked":["Havoc","Armaments"],"picked":"Hemokinesis+1","floor":22},{"not_picked":["Corruption","Thunderclap"],"picked":"Brutality","floor":24},{"not_picked":["Pommel Strike","Armaments"],"picked":"Iron Wave+1","floor":27},{"not_picked":["Warcry","Body Slam","Flex"],"picked":"SKIP","floor":29},{"not_picked":["Reckless Charge","Headbutt"],"picked":"Feed","floor":30}],"player_experience":2475212,"relics_obtained":[{"floor":6.0,"key":"Red Skull"},{"floor":9,"key":"Lantern"},{"floor":13,"key":"Boot"},{"floor":14,"key":"Ancient Tea Set"},{"floor":24,"key":"Bronze Scales"},{"floor":26,"key":"Oddly Smooth Stone"},{"floor":30,"key":"Du-Vu Doll"}],"event_choices":[{"damage_healed":0.0,"max_hp_gain":0.0,"max_hp_loss":0.0,"gold_gain":0.0,"event_name":"Liars Game","player_choice":"Ignored","floor":5.0,"gold_loss":0.0,"damage_taken":0.0},{"damage_healed":0,"gold_gain":0,"player_choice":"Searched \u00271\u0027 times","damage_taken":0,"max_hp_gain":0,"max_hp_loss":0,"event_name":"Dead Adventurer","floor":13,"gold_loss":0},{"cards_removed":["Defend_R"],"damage_healed":0,"gold_gain":0,"player_choice":"Offered Basic","damage_taken":0,"max_hp_gain":0,"max_hp_loss":0,"event_name":"Bonfire Elementals","floor":19,"gold_loss":0},{"cards_removed":["Strike_R"],"damage_healed":0,"gold_gain":0,"player_choice":"Purged","damage_taken":0,"max_hp_gain":0,"max_hp_loss":0,"event_name":"Purifier","floor":28,"gold_loss":0}],"is_beta":false,"boss_relics":[{"not_picked":["Pandora\u0027s Box","Tiny House"],"picked":"Velvet Choker"}],"items_purged_floors":[10,31],"is_endless":false,"potions_floor_spawned":[4,6,8,14,16,21,22,24],"killed_by":"Champ","ascension_level":16}