{"gold_per_floor":[117,117,67,77,77,77,88,88,88,100,124,148,177,189,201,317,329,357,369,381,318,330,342],"floor_reached":23,"playtime":2025,"items_purged":[],"score":215,"play_id":"b65c6d0d-c169-4eac-92e5-45d40a1be382","local_time":"20180728185808","is_ascension_mode":true,"campfire_choices":[{"data":"Dualcast","floor":6,"key":"SMITH"},{"floor":8,"key":"REST"},{"data":"Zap","floor":10,"key":"SMITH"},{"floor":15,"key":"REST"}],"neow_cost":"NONE","seed_source_timestamp":22781476534050,"circlet_count":0,"master_deck":["Strike_B","Defend_B","Defend_B","Defend_B","Zap+1","Dualcast+1","Fusion","Compile Driver","Fusion","Seek","Sweeping Beam","Conserve Battery","Rebound","FTL","Multi-Cast","Glacier+1","Echo Form","Panacea"],"relics":["Cracked Core","MawBank","CultistMask","Philosopher\u0027s Stone"],"potions_floor_usage":[16,18,18,23,23,23],"damage_taken":[{"damage":20,"enemies":"Small Slimes","floor":1,"turns":4},{"damage":0,"enemies":"Cultist","floor":4,"turns":4},{"damage":12,"enemies":"Jaw Worm","floor":7,"turns":4},{"damage":9,"enemies":"2 Fungi Beasts","floor":11,"turns":3},{"damage":12,"enemies":"3 Louse","floor":12,"turns":3},{"damage":1,"enemies":"Blue Slaver","floor":13,"turns":3},{"damage":11,"enemies":"Slime Boss","floor":16,"turns":8},{"damage":15,"enemies":"2 Thieves","floor":18,"turns":4},{"damage":62,"enemies":"Book of Stabbing","floor":23,"turns":7}],"seed_played":"-8814492807782510354","potions_obtained":[{"floor":1,"key":"AttackPotion"},{"floor":7,"key":"Block Potion"},{"floor":12,"key":"SpeedPotion"},{"floor":16,"key":"EntropicBrew"}],"is_trial":false,"path_per_floor":["M","?","?","M","?","R","M","R","T","R","M","M","M","?","R","B",null,"M","$","?","?","$"],"character_chosen":"DEFECT","items_purchased":[],"campfire_rested":2,"item_purchase_floors":[],"current_hp_per_floor":[55,55,55,55,55,55,43,65,65,65,56,44,43,43,65,54,75,60,60,60,60,60,0],"gold":342,"neow_bonus":"TRANSFORM_CARD","is_prod":false,"is_daily":false,"chose_seed":false,"campfire_upgraded":2,"win_rate":0,"timestamp":1532818688,"path_taken":["M","?","?","?","?","R","M","R","T","R","M","M","M","?","R","BOSS","M","$","?","?","?","E"],"build_version":"2018-07-26","purchased_purges":0,"victory":false,"max_hp_per_floor":[75,75,75,75,75,75,75,75,75,75,75,75,75,75,75,75,75,75,75,75,75,75,75],"card_choices":[{"not_picked":["Streamline","Turbo"],"picked":"Compile Driver","floor":1},{"not_picked":["Hologram","Ball Lightning"],"picked":"Seek","floor":4},{"not_picked":["Chill","Leap"],"picked":"Sweeping Beam","floor":7},{"not_picked":["Beam Cell","Defragment"],"picked":"Conserve Battery","floor":11},{"not_picked":["Barrage","Sweeping Beam"],"picked":"Rebound","floor":12},{"not_picked":["White Noise","Coolheaded"],"picked":"FTL","floor":13},{"not_picked":["Machine Learning","Seek"],"picked":"Multi-Cast","floor":16},{"not_picked":["Redo","Aggregate"],"picked":"Glacier+1","floor":18}],"player_experience":1388255,"relics_obtained":[{"floor":9,"key":"MawBank"}],"event_choices":[{"event_name":"Transmorgrifier","player_choice":"Transform","floor":2,"damage_taken":0},{"event_name":"The Cleric","player_choice":"Card Removal","floor":3,"damage_taken":0},{"event_name":"Liars Game","player_choice":"disagreed","floor":5,"damage_taken":0},{"event_name":"FaceTrader","player_choice":"Trade","floor":14,"damage_taken":0},{"event_name":"Match and Keep!","player_choice":"2 cards matched","floor":20,"damage_taken":0},{"event_name":"Beggar","player_choice":"Gave Gold","floor":21,"damage_taken":0}],"is_beta":false,"boss_relics":[{"not_picked":["Calling Bell","Pandora\u0027s Box"],"picked":"Philosopher\u0027s Stone"}],"items_purged_floors":[],"is_endless":false,"potions_floor_spawned":[1,7,12,16],"killed_by":"Book of Stabbing","ascension_level":4}