{"gold_per_floor":[115,44,44,62,62,62,77,77,77,97,97,109,122,132,132,231,231,247,247,247,36,51,61,61,74,74,93,93],"floor_reached":28,"playtime":979,"items_purged":[],"score":214,"play_id":"0840a311-232d-4ef4-868a-d6fabdc82f82","local_time":"20190719115331","is_ascension_mode":false,"campfire_choices":[{"data":"Ball Lightning","floor":6,"key":"SMITH"},{"data":"Static Discharge","floor":8,"key":"SMITH"},{"data":"Defragment","floor":11,"key":"SMITH"},{"floor":15,"key":"REST"},{"floor":24,"key":"REST"}],"neow_cost":"NONE","seed_source_timestamp":247158460279808,"circlet_count":0,"master_deck":["Strike_B+1","Strike_B+1","Strike_B+1","Strike_B+1","Defend_B+1","Defend_B+1","Defend_B+1","Defend_B+1","Zap","Dualcast","Ball Lightning+1","White Noise+1","Rebound","Static Discharge+1","Defragment+1","Melter","Ball Lightning","Cold Snap","Amplify","White Noise+1","J.A.X.","Loop","Ball Lightning","Good Instincts","Stack","Rip and Tear","Streamline","Conserve Battery"],"relics":["Cracked Core","Regal Pillow","Dodecahedron","Sozu","Blue Candle"],"potions_floor_usage":[14,14,14,16,16,16,22],"damage_taken":[{"damage":1,"enemies":"Small Slimes","floor":1,"turns":3},{"damage":0,"enemies":"Cultist","floor":4,"turns":3},{"damage":3,"enemies":"Jaw Worm","floor":7,"turns":4},{"damage":1,"enemies":"3 Louse","floor":10,"turns":4},{"damage":10,"enemies":"Exordium Wildlife","floor":12,"turns":3},{"damage":4,"enemies":"Blue Slaver","floor":13,"turns":3},{"damage":7,"enemies":"2 Fungi Beasts","floor":14,"turns":2},{"damage":19,"enemies":"Hexaghost","floor":16,"turns":7},{"damage":12,"enemies":"3 Byrds","floor":18,"turns":4},{"damage":0,"enemies":"Spheric Guardian","floor":22,"turns":3},{"damage":12,"enemies":"Centurion and Healer","floor":23,"turns":5},{"damage":14,"enemies":"Cultist and Chosen","floor":25,"turns":3},{"damage":23,"enemies":"3 Cultists","floor":27,"turns":5},{"damage":40,"enemies":"Gremlin Leader","floor":28,"turns":4}],"seed_played":"6674086566356627707","potions_obtained":[{"floor":4,"key":"LiquidBronze"},{"floor":10,"key":"EntropicBrew"},{"floor":12,"key":"Fire Potion"},{"floor":14,"key":"FocusPotion"},{"floor":16,"key":"EssenceOfSteel"}],"is_trial":false,"path_per_floor":["M","$","?","M","?","R","M","R","T","M","R","M","M","M","R","B",null,"M","?","?","$","M","M","R","M","T","M","E"],"character_chosen":"DEFECT","items_purchased":["White Noise","Loop","Ball Lightning","Good Instincts"],"campfire_rested":2,"item_purchase_floors":[2,21,21,21],"current_hp_per_floor":[74,74,74,74,74,74,71,71,71,70,70,60,56,49,75,56,75,63,63,63,63,63,51,75,61,61,38,0],"gold":93,"neow_bonus":"RANDOM_COMMON_RELIC","is_prod":false,"is_daily":false,"chose_seed":false,"campfire_upgraded":3,"win_rate":0.0,"timestamp":1563548011,"path_taken":["M","$","?","M","?","R","M","R","T","?","R","M","?","M","R","BOSS","M","?","?","?","M","M","R","M","T","M","E"],"build_version":"2019-07-17","purchased_purges":0,"victory":false,"max_hp_per_floor":[75,75,75,75,75,75,75,75,75,75,75,75,75,75,75,75,75,75,75,75,75,75,75,75,75,75,75,75],"card_choices":[{"not_picked":["Sweeping Beam","Streamline"],"picked":"Ball Lightning","floor":1},{"not_picked":["Compile Driver","Rip and Tear"],"picked":"Rebound","floor":4},{"not_picked":["Hologram","Coolheaded"],"picked":"Static Discharge","floor":7},{"not_picked":["Lockon","Coolheaded"],"picked":"Defragment","floor":10},{"not_picked":["Fission","Coolheaded"],"picked":"Melter","floor":12},{"not_picked":["Rip and Tear","FTL"],"picked":"Ball Lightning","floor":13},{"not_picked":["Beam Cell","Chaos"],"picked":"Cold Snap","floor":14},{"not_picked":["Biased Cognition","Machine Learning"],"picked":"Amplify","floor":16},{"not_picked":["Beam Cell","Stack"],"picked":"White Noise+1","floor":18},{"not_picked":["Cold Snap","FTL"],"picked":"Stack","floor":22},{"not_picked":["Compile Driver","Hologram"],"picked":"Rip and Tear","floor":23},{"not_picked":["Sweeping Beam","Reprogram"],"picked":"Streamline","floor":25},{"not_picked":["Cold Snap","Barrage"],"picked":"Conserve Battery","floor":27}],"player_experience":202843,"relics_obtained":[{"floor":9,"key":"Dodecahedron"},{"floor":26,"key":"Blue Candle"}],"event_choices":[{"damage_healed":0,"gold_gain":0,"player_choice":"Grow","damage_taken":0,"max_hp_gain":0,"max_hp_loss":0,"event_name":"Living Wall","floor":3,"gold_loss":0,"cards_upgraded":["White Noise"]},{"damage_healed":0,"gold_gain":0,"player_choice":"Ignored","damage_taken":0,"max_hp_gain":0,"max_hp_loss":0,"event_name":"NoteForYourself","floor":5,"gold_loss":0},{"damage_healed":0,"gold_gain":0,"player_choice":"Simplicity","damage_taken":0,"max_hp_gain":0,"max_hp_loss":0,"event_name":"Back to Basics","floor":19,"gold_loss":0,"cards_upgraded":["Strike_B","Strike_B","Strike_B","Strike_B","Defend_B","Defend_B","Defend_B","Defend_B"]},{"damage_healed":0,"gold_gain":0,"player_choice":"Obtain J.A.X.","damage_taken":0,"max_hp_gain":0,"max_hp_loss":0,"event_name":"Drug Dealer","floor":20,"gold_loss":0,"cards_obtained":["J.A.X."]}],"is_beta":false,"boss_relics":[{"not_picked":["Tiny House","Eternal Feather"],"picked":"Sozu"}],"items_purged_floors":[],"is_endless":false,"potions_floor_spawned":[4,10,12,14,16,22,25],"killed_by":"Gremlin Leader","ascension_level":0}