{"gold_per_floor":[112,87,87,102,122,153,53,53,77,77,77,112,112,128,128,225,225,244,144,158,174,174],"floor_reached":22,"playtime":2960,"items_purged":["Strike_R","Strike_R"],"score":219,"play_id":"44b06742-bd10-46ba-ab84-d6c3f42ee14d","local_time":"20190924232320","is_ascension_mode":false,"campfire_choices":[{"data":"Armaments","floor":8,"key":"SMITH"},{"floor":11,"key":"REST"},{"data":"Berserk","floor":15,"key":"SMITH"}],"neow_cost":"","seed_source_timestamp":614100685847600,"circlet_count":0,"master_deck":["Strike_R","Strike_R","Strike_R+1","Defend_R","Defend_R","Defend_R","Defend_R","Bash","Anger","Armaments+1","Shrug It Off","Blood for Blood","Flex","Pummel","Berserk+1","Thunderclap+1","Headbutt","Parasite","Burning Pact","Barricade","Iron Wave","Cleave","Armaments"],"relics":["Burning Blood","Anchor","PreservedInsect","Boot","Mark of Pain"],"potions_floor_usage":[22,22],"damage_taken":[{"damage":0,"enemies":"Small Slimes","floor":1,"turns":3},{"damage":10,"enemies":"Cultist","floor":4,"turns":4},{"damage":7,"enemies":"2 Louse","floor":5,"turns":2},{"damage":39,"enemies":"3 Sentries","floor":6,"turns":9},{"damage":0,"enemies":"Gremlin Nob","floor":12,"turns":3},{"damage":0,"enemies":"Looter","floor":14,"turns":2},{"damage":46,"enemies":"The Guardian","floor":16,"turns":10},{"damage":28,"enemies":"Shell Parasite","floor":18,"turns":6},{"damage":36,"enemies":"2 Thieves","floor":20,"turns":5},{"damage":20,"enemies":"Shelled Parasite and Fungi","floor":21,"turns":7},{"damage":28,"enemies":"3 Cultists","floor":22,"turns":5}],"seed_played":"7487785574654389563","potions_obtained":[{"floor":4,"key":"SteroidPotion"},{"floor":5,"key":"Swift Potion"},{"floor":14,"key":"Weak Potion"}],"is_trial":false,"path_per_floor":["M","$","?","M","M","E","$","R","T","?","R","E","?","M","R","B",null,"M","$","M","M","M"],"character_chosen":"IRONCLAD","items_purchased":["Armaments","Thunderclap"],"campfire_rested":1,"item_purchase_floors":[2,7],"current_hp_per_floor":[80,80,80,76,75,42,42,42,42,26,50,56,76,80,80,40,80,58,58,28,14,0],"gold":174,"neow_bonus":"","is_prod":false,"is_daily":false,"chose_seed":false,"campfire_upgraded":2,"win_rate":0.0,"timestamp":1569338600,"path_taken":["M","$","?","M","M","E","?","R","T","?","R","E","?","M","R","BOSS","M","$","M","M","M"],"build_version":"2019-07-17","purchased_purges":2,"victory":false,"max_hp_per_floor":[80,80,80,80,80,80,80,80,80,80,80,80,80,80,80,80,80,80,80,80,80,80],"card_choices":[{"not_picked":["Iron Wave","True Grit"],"picked":"Anger","floor":1},{"not_picked":["Warcry","Armaments"],"picked":"Flex","floor":4},{"not_picked":["Perfected Strike","Body Slam"],"picked":"Pummel","floor":5},{"not_picked":["Body Slam","Warcry"],"picked":"Berserk","floor":6},{"not_picked":["Anger","Blood for Blood"],"picked":"Headbutt","floor":12},{"not_picked":["Body Slam","Pommel Strike"],"picked":"Burning Pact","floor":14},{"not_picked":["Impervious","Dark Embrace"],"picked":"Barricade","floor":16},{"not_picked":["Carnage","Clash"],"picked":"Iron Wave","floor":18},{"not_picked":["Anger+1","Perfected Strike"],"picked":"Cleave","floor":20},{"not_picked":["Hemokinesis+1","Cleave"],"picked":"Armaments","floor":21}],"player_experience":0,"relics_obtained":[{"floor":6,"key":"Anchor"},{"floor":9,"key":"PreservedInsect"},{"floor":12,"key":"Boot"}],"event_choices":[{"damage_healed":0,"gold_gain":0,"player_choice":"2 cards matched","damage_taken":0,"max_hp_gain":0,"max_hp_loss":0,"event_name":"Match and Keep!","floor":3,"gold_loss":0,"cards_obtained":["Shrug It Off","Blood for Blood"]},{"damage_healed":0,"gold_gain":0,"player_choice":"Entered Light","damage_taken":16,"max_hp_gain":0,"max_hp_loss":0,"event_name":"Shining Light","floor":10,"gold_loss":0,"cards_upgraded":["Strike_R","Thunderclap"]},{"damage_healed":20,"gold_gain":0,"player_choice":"Healed and dodged fight","damage_taken":0,"max_hp_gain":0,"max_hp_loss":0,"event_name":"Mushrooms","floor":13,"gold_loss":0,"cards_obtained":["Parasite"]}],"is_beta":false,"boss_relics":[{"not_picked":["Orrery","Ectoplasm"],"picked":"Mark of Pain"}],"items_purged_floors":[7,19],"is_endless":false,"potions_floor_spawned":[4,5,14,21],"killed_by":"3 Cultists","ascension_level":0}