{"gold_per_floor":[116,129,144,157,173,173,203,203,203,203,222,249,263,263,263,334,334,354,377,388,404,319,329,39,39,39,39],"floor_reached":27,"playtime":1484,"items_purged":[],"score":397,"play_id":"38f38d8e-2c54-4f15-9be9-d22ed00f655d","local_time":"20181209152035","is_ascension_mode":true,"campfire_choices":[{"data":"Armaments","floor":6.0,"key":"SMITH"},{"data":"Carnage","floor":8.0,"key":"SMITH"},{"floor":10.0,"key":"RECALL"},{"data":"Bloodletting","floor":15,"key":"SMITH"},{"floor":25,"key":"REST"}],"neow_cost":"NONE","seed_source_timestamp":0,"circlet_count":0,"master_deck":["AscendersBane","Strike_R","Strike_R+1","Strike_R","Strike_R","Defend_R","Defend_R+1","Defend_R","Defend_R","Bash+1","Shrug It Off+1","Carnage+1","Dropkick","Disarm","Armaments+1","Thunderclap","Bludgeon+1","Bloodletting+1","Brutality","Normality","True Grit","Bloodletting","Rupture","True Grit"],"special_seed":0,"relics":["Burning Blood","Bronze Scales","Omamori","Calling Bell","War Paint","Mercury Hourglass","Unceasing Top","Whetstone","Molten Egg 2","ClockworkSouvenir","Vajra"],"potions_floor_usage":[12,12,13,23],"damage_taken":[{"damage":9.0,"enemies":"Jaw Worm","floor":1.0,"turns":3.0},{"damage":1.0,"enemies":"Cultist","floor":2.0,"turns":3.0},{"damage":0.0,"enemies":"2 Louse","floor":3.0,"turns":2.0},{"damage":0.0,"enemies":"2 Fungi Beasts","floor":4.0,"turns":4.0},{"damage":13.0,"enemies":"3 Louse","floor":5.0,"turns":4.0},{"damage":21.0,"enemies":"Gremlin Nob","floor":7.0,"turns":4.0},{"damage":1.0,"enemies":"Gremlin Gang","floor":11.0,"turns":5.0},{"damage":18,"enemies":"Lagavulin","floor":12,"turns":3},{"damage":5,"enemies":"Lots of Slimes","floor":13,"turns":4},{"damage":29,"enemies":"Slime Boss","floor":16,"turns":10},{"damage":4,"enemies":"Chosen","floor":18,"turns":3},{"damage":27,"enemies":"Shell Parasite","floor":20,"turns":4},{"damage":34,"enemies":"Chosen and Byrds","floor":21,"turns":5},{"damage":13,"enemies":"Snake Plant","floor":23,"turns":4},{"damage":34,"enemies":"Book of Stabbing","floor":27,"turns":4}],"seed_played":"5566278621216052309","potions_obtained":[{"floor":3.0,"key":"PowerPotion"},{"floor":4.0,"key":"FearPotion"},{"floor":7.0,"key":"SkillPotion"},{"floor":11.0,"key":"Energy Potion"},{"floor":12,"key":"Energy Potion"},{"floor":18,"key":"LiquidBronze"}],"is_trial":false,"path_per_floor":["M","M","M","M","M","R","E","R","T","R","M","E","M","?","R","B",null,"M","T","M","M","?","M","$","R","T","E"],"character_chosen":"IRONCLAD","items_purchased":["Rupture","ClockworkSouvenir","True Grit"],"campfire_rested":1,"item_purchase_floors":[24,24,24],"current_hp_per_floor":[65,70,75,75,68,68,53,53,53,53,58,46,47,47,47,24,62,64,64,43,15,15,8,8,30,30,0],"gold":39,"neow_bonus":"UPGRADE_CARD","is_prod":false,"is_daily":false,"chose_seed":false,"campfire_upgraded":3,"win_rate":0,"timestamp":1544386835,"path_taken":["M","M","M","M","M","R","E","R","T","R","M","E","M","?","R","BOSS","M","?","M","M","?","M","?","R","T","E"],"build_version":"2018-12-06","purchased_purges":0,"victory":false,"max_hp_per_floor":[75,75,75,75,75,75,75,75,75,75,75,75,75,75,75,75,75,75,75,75,75,75,75,75,75,75,75],"card_choices":[{"not_picked":["Flex","Shockwave"],"picked":"Shrug It Off","floor":1.0},{"not_picked":["Evolve","Reckless Charge"],"picked":"Carnage","floor":2.0},{"not_picked":["Dual Wield","Twin Strike"],"picked":"Dropkick","floor":3.0},{"not_picked":["Havoc","Clash"],"picked":"Disarm","floor":4.0},{"not_picked":["Wild Strike","Reckless Charge"],"picked":"Armaments","floor":5.0},{"not_picked":["Sever Soul","Flame Barrier"],"picked":"Thunderclap","floor":7.0},{"not_picked":["Feel No Pain","Uppercut"],"picked":"Bludgeon","floor":11.0},{"not_picked":["Berserk","Perfected Strike"],"picked":"Bloodletting","floor":12},{"not_picked":["Perfected Strike","Flex","Clash"],"picked":"SKIP","floor":13},{"not_picked":["Limit Break","Barricade"],"picked":"Brutality","floor":16},{"not_picked":["Uppercut","Heavy Blade+1"],"picked":"True Grit","floor":18},{"not_picked":["Warcry+1","Ghostly Armor"],"picked":"Bloodletting","floor":20},{"not_picked":["Shrug It Off","Dual Wield","Rampage+1"],"picked":"SKIP","floor":21},{"not_picked":["Evolve","Feel No Pain+1","Perfected Strike+1"],"picked":"SKIP","floor":23}],"player_experience":2057973,"relics_obtained":[{"floor":7.0,"key":"Bronze Scales"},{"floor":12,"key":"Omamori"},{"floor":17,"key":"War Paint"},{"floor":17,"key":"Mercury Hourglass"},{"floor":17,"key":"Unceasing Top"},{"floor":19,"key":"Whetstone"},{"floor":26,"key":"Vajra"}],"event_choices":[{"cards_removed":["Strike_R"],"damage_healed":0,"gold_gain":0,"player_choice":"Purged","damage_taken":0,"max_hp_gain":0,"max_hp_loss":0,"event_name":"Purifier","floor":14,"gold_loss":0},{"damage_healed":0,"gold_gain":0,"player_choice":"Obtained Relic","damage_taken":0,"relics_obtained":["Molten Egg 2"],"max_hp_gain":0,"max_hp_loss":0,"event_name":"Addict","floor":22,"gold_loss":85}],"is_beta":false,"boss_relics":[{"not_picked":["Black Blood","Coffee Dripper"],"picked":"Calling Bell"}],"items_purged_floors":[],"is_endless":false,"potions_floor_spawned":[3,4,7,11,12,18],"killed_by":"Book of Stabbing","ascension_level":15}