{"gold_per_floor":[17,36,48,68,78,78,110,110,110,140,140,155,185,204,204,281,281,293,218,218,231,59,59,90,15,42,42,74,74,74,32,32,108,108,121,121,136,151,165,195,195,35,62,97,97,124,142,158,158,158],"floor_reached":50,"playtime":5505,"items_purged":["Defend_P"],"score":1405,"play_id":"28f3fcff-65e0-4708-937f-2ea68401bccb","local_time":"20190927185102","is_ascension_mode":true,"campfire_choices":[{"data":"Eruption","floor":6.0,"key":"SMITH"},{"data":"Magnetism","floor":8.0,"key":"SMITH"},{"data":"Ragnarok","floor":11.0,"key":"SMITH"},{"floor":15.0,"key":"REST"},{"data":"DeceiveReality","floor":23.0,"key":"SMITH"},{"data":"WindmillStrike","floor":27.0,"key":"SMITH"},{"data":"Devotion","floor":32.0,"key":"SMITH"},{"data":"Ragnarok","floor":41,"key":"SMITH"},{"data":"SandsOfTime","floor":45,"key":"SMITH"},{"floor":49,"key":"RECALL"}],"neow_cost":"NO_GOLD","seed_source_timestamp":0,"circlet_count":0,"master_deck":["AscendersBane","Strike_P","Strike_P","Strike_P","Defend_P","Defend_P","Defend_P","Eruption+1","Vigilance","Magnetism+1","FlyingSleeves","FollowUp","Crescendo","DeceiveReality+1","Consecrate","Sanctity","Ragnarok+1","ClearTheMind","ThirdEye","Protect","Blasphemy","Sanctity","Vault","Protect","WindmillStrike+1","EmptyFist","Devotion+1","Ragnarok+1","Wallop+1","Wallop","Protect+1","SandsOfTime+1","DeceiveReality+1","EmptyFist","Indignation"],"special_seed":0,"relics":["PureWater","Question Card","Blue Candle","Ornamental Fan","Prayer Wheel","Snecko Eye","Lantern","Omamori","Bag of Marbles","Mummified Hand","Coffee Dripper","Darkstone Periapt","Bronze Scales","Happy Flower","Singing Bowl"],"potions_floor_usage":[46,48],"damage_taken":[{"damage":15.0,"enemies":"Cultist","floor":1.0,"turns":6.0},{"damage":1.0,"enemies":"2 Louse","floor":2.0,"turns":3.0},{"damage":0.0,"enemies":"Small Slimes","floor":3.0,"turns":2.0},{"damage":8.0,"enemies":"Blue Slaver","floor":4.0,"turns":4.0},{"damage":8.0,"enemies":"3 Louse","floor":5.0,"turns":4.0},{"damage":0.0,"enemies":"Gremlin Nob","floor":7.0,"turns":2.0},{"damage":15.0,"enemies":"3 Sentries","floor":10.0,"turns":6.0},{"damage":0.0,"enemies":"Large Slime","floor":12.0,"turns":1.0},{"damage":0.0,"enemies":"Lagavulin","floor":13.0,"turns":4.0},{"damage":1.0,"enemies":"Looter","floor":14.0,"turns":3.0},{"damage":18.0,"enemies":"Hexaghost","floor":16.0,"turns":9.0},{"damage":0.0,"enemies":"3 Byrds","floor":18.0,"turns":3.0},{"damage":0.0,"enemies":"Spheric Guardian","floor":21.0,"turns":3.0},{"damage":6.0,"enemies":"Gremlin Leader","floor":24.0,"turns":6.0},{"damage":4.0,"enemies":"Slavers","floor":28.0,"turns":5.0},{"damage":32,"enemies":"Automaton","floor":33,"turns":7},{"damage":1,"enemies":"Orb Walker","floor":35,"turns":3},{"damage":0,"enemies":"3 Darklings","floor":37,"turns":2},{"damage":0,"enemies":"Sphere and 2 Shapes","floor":38,"turns":5},{"damage":0,"enemies":"Transient","floor":39,"turns":6},{"damage":23,"enemies":"Giant Head","floor":40,"turns":6},{"damage":0,"enemies":"Nemesis","floor":44,"turns":1},{"damage":0,"enemies":"Giant Head","floor":46,"turns":4},{"damage":0,"enemies":"Maw","floor":47,"turns":4},{"damage":14,"enemies":"Jaw Worm Horde","floor":48,"turns":2},{"damage":29,"enemies":"Donu and Deca","floor":50,"turns":5}],"seed_played":"-5772343060875916323","potions_obtained":[{"floor":1.0,"key":"GamblersBrew"},{"floor":3.0,"key":"AttackPotion"},{"floor":4.0,"key":"Swift Potion"},{"floor":7.0,"key":"SpeedPotion"},{"floor":14.0,"key":"EntropicBrew"},{"floor":16.0,"key":"GamblersBrew"},{"floor":28.0,"key":"Fire Potion"},{"floor":37,"key":"EssenceOfSteel"},{"floor":38,"key":"Fire Potion"},{"floor":44,"key":"Regen Potion"},{"floor":47,"key":"PowerPotion"},{"floor":48,"key":"SteroidPotion"}],"is_trial":false,"path_per_floor":["M","M","M","M","M","R","E","R","T","E","R","M","E","M","R","B",null,"M","?","?","M","$","R","E","$","T","R","E","$","?","$","R","B",null,"M","?","M","M","M","E","R","$","T","E","R","E","M","M","R","B"],"character_chosen":"WATCHER","items_purchased":["Lantern","Devotion","Bronze Scales"],"campfire_rested":1,"item_purchase_floors":[22,31,42],"current_hp_per_floor":[40,39,39,31,23,23,23,23,23,8,8,8,8,7,25,7,48,48,48,48,48,48,48,42,42,42,42,38,38,38,38,38,6,47,46,46,46,46,46,23,23,23,23,23,23,37,41,27,27,0],"gold":158,"neow_bonus":"RANDOM_COLORLESS_2","is_prod":false,"is_daily":false,"chose_seed":false,"campfire_upgraded":8,"win_rate":0,"timestamp":1569567062,"path_taken":["M","?","?","M","M","R","E","R","T","E","R","M","E","?","R","BOSS","M","?","?","M","$","R","E","?","T","R","E","$","?","$","R","BOSS","M","?","M","M","M","E","R","$","T","E","R","E","M","M","R","BOSS"],"build_version":"2019-09-26","purchased_purges":1,"victory":false,"max_hp_per_floor":[61,61,61,61,61,61,61,61,61,61,61,61,61,61,61,61,61,61,61,61,61,61,61,61,61,61,61,61,61,61,61,61,61,61,61,61,61,61,61,61,61,61,61,61,61,63,67,67,67,67],"card_choices":[{"not_picked":["Chrysalis","Sadistic Nature"],"picked":"Magnetism","floor":0.0},{"not_picked":["ThirdEye","Crescendo"],"picked":"FlyingSleeves","floor":1.0},{"not_picked":["Halt","PathToVictory"],"picked":"FollowUp","floor":2.0},{"not_picked":["Swivel","Vengeance"],"picked":"Crescendo","floor":3.0},{"not_picked":["SpiritShield","Weave"],"picked":"DeceiveReality","floor":4.0},{"not_picked":["PathToVictory","Evaluate"],"picked":"Consecrate","floor":5.0},{"not_picked":["JustLucky","Omniscience"],"picked":"Sanctity","floor":7.0},{"not_picked":["EmptyBody","ThirdEye","InnerPeace"],"picked":"Ragnarok","floor":10.0},{"not_picked":["Prostrate","ForeignInfluence","CrushJoints"],"picked":"ClearTheMind","floor":12.0},{"not_picked":["Crescendo","SashWhip","Evaluate"],"picked":"ThirdEye","floor":13.0},{"not_picked":["BowlingBash","FollowUp","SashWhip"],"picked":"Protect","floor":14.0},{"not_picked":["Adaptation","ClearTheMind","Sanctity","SashWhip"],"picked":"SKIP","floor":14.0},{"not_picked":["MasterReality","Alpha","Brilliance"],"picked":"Blasphemy","floor":16.0},{"not_picked":["ClearTheMind","ThirdEye","Crescendo+1"],"picked":"Sanctity","floor":18.0},{"not_picked":["ClearTheMind","Evaluate","FollowUp","Indignation"],"picked":"SKIP","floor":18.0},{"not_picked":["SashWhip","EmptyFist","Halt"],"picked":"Vault","floor":21.0},{"not_picked":["ClearTheMind","CrushJoints","ReachHeaven"],"picked":"Protect","floor":21.0},{"not_picked":["PathToVictory","Vengeance","Evaluate"],"picked":"WindmillStrike","floor":24.0},{"not_picked":["Brilliance","Weave","JustLucky"],"picked":"EmptyFist","floor":28.0},{"not_picked":["Unraveling","Establishment","Adaptation"],"picked":"Ragnarok","floor":33},{"not_picked":["FlyingSleeves","Consecrate","Weave+1"],"picked":"Wallop+1","floor":35},{"not_picked":["FlyingSleeves","BattleHymn+1","FollowUp+1","JustLucky"],"picked":"SKIP","floor":35},{"not_picked":["Fasting","Meditate","Conclude+1"],"picked":"Wallop","floor":37},{"not_picked":["EmptyFist","JustLucky","BowlingBash+1","FollowUp"],"picked":"SKIP","floor":37},{"not_picked":["Prostrate+1","EmptyBody","CrushJoints"],"picked":"Protect+1","floor":38},{"not_picked":["DeceiveReality","Halt","JustLucky","Collect"],"picked":"SKIP","floor":38},{"not_picked":["BattleHymn+1","Weave+1","BowlingBash"],"picked":"SandsOfTime","floor":39},{"not_picked":["EmptyBody","SashWhip","ReachHeaven","Consecrate"],"picked":"SKIP","floor":39},{"not_picked":["CutThroughFate","InnerPeace","ThirdEye"],"picked":"DeceiveReality+1","floor":40},{"not_picked":["CutThroughFate+1","Crescendo","ThirdEye","EmptyBody"],"picked":"SKIP","floor":44},{"not_picked":["CrushJoints","Wish","BowlingBash","BattleHymn"],"picked":"Singing Bowl","floor":46},{"not_picked":["ThirdEye","CutThroughFate+1","JustLucky","Vengeance"],"picked":"Singing Bowl","floor":47},{"not_picked":["Protect","Prostrate","ClearTheMind","Sanctity"],"picked":"Singing Bowl","floor":47},{"not_picked":["BowlingBash","FlyingSleeves","Crescendo"],"picked":"EmptyFist","floor":48},{"not_picked":["CleanseEvil","Protect","Crescendo"],"picked":"Indignation","floor":48}],"player_experience":1260324,"relics_obtained":[{"floor":7.0,"key":"Question Card"},{"floor":9.0,"key":"Blue Candle"},{"floor":10.0,"key":"Ornamental Fan"},{"floor":13.0,"key":"Prayer Wheel"},{"floor":24.0,"key":"Omamori"},{"floor":26.0,"key":"Bag of Marbles"},{"floor":28.0,"key":"Mummified Hand"},{"floor":40,"key":"Darkstone Periapt"},{"floor":44,"key":"Happy Flower"},{"floor":46,"key":"Singing Bowl"}],"event_choices":[{"cards_removed":["Strike_P"],"damage_healed":0.0,"max_hp_gain":0.0,"max_hp_loss":0.0,"gold_gain":0.0,"event_name":"Beggar","player_choice":"Gave Gold","floor":19.0,"gold_loss":75.0,"damage_taken":0.0},{"damage_healed":0.0,"max_hp_gain":0.0,"max_hp_loss":0.0,"gold_gain":0.0,"event_name":"Ghosts","player_choice":"Ignored","floor":20.0,"gold_loss":0.0,"damage_taken":0.0},{"damage_healed":0.0,"max_hp_gain":0.0,"max_hp_loss":0.0,"gold_gain":0.0,"event_name":"Forgotten Altar","player_choice":"Smashed Altar","floor":30.0,"gold_loss":0.0,"damage_taken":0.0,"cards_obtained":["Decay"]},{"damage_healed":0,"gold_gain":0,"player_choice":"Memory 1","damage_taken":0,"max_hp_gain":0,"max_hp_loss":0,"event_name":"SensoryStone","floor":36,"gold_loss":0}],"is_beta":true,"boss_relics":[{"not_picked":["Astrolabe","Cursed Key"],"picked":"Snecko Eye"},{"not_picked":["Runic Pyramid","Runic Dome"],"picked":"Coffee Dripper"}],"items_purged_floors":[25],"is_endless":false,"potions_floor_spawned":[1,3,4,7,14,16,21,28,37,38,44,47,48],"killed_by":"Donu and Deca","ascension_level":20}