{"gold_per_floor":[119,119,18,32,49,49,69,99,99,99,99,99,99,132,132,132],"floor_reached":16,"playtime":889,"items_purged":[],"score":216,"play_id":"3dd6516c-e2a2-44c5-a51e-0b2d51f26e95","local_time":"20190729222404","is_ascension_mode":true,"campfire_choices":[{"data":"Armaments","floor":6.0,"key":"SMITH"},{"floor":11.0,"key":"REST"},{"floor":13.0,"key":"DIG"},{"floor":15.0,"key":"DIG"}],"neow_cost":"NONE","seed_source_timestamp":446086549708449,"circlet_count":0,"master_deck":["AscendersBane","Strike_R","Strike_R","Strike_R","Strike_R","Strike_R+1","Defend_R","Defend_R","Defend_R","Bash","Spot Weakness","Combust","Armaments+1","Perfected Strike+1","Sword Boomerang","Headbutt","Feel No Pain","Shrug It Off"],"special_seed":0,"relics":["Burning Blood","Shovel","Self Forming Clay","Darkstone Periapt","Pantograph","Champion Belt"],"potions_floor_usage":[16,16],"damage_taken":[{"damage":7.0,"enemies":"Jaw Worm","floor":1.0,"turns":4.0},{"damage":3.0,"enemies":"2 Louse","floor":4.0,"turns":3.0},{"damage":9.0,"enemies":"Small Slimes","floor":5.0,"turns":3.0},{"damage":15.0,"enemies":"2 Fungi Beasts","floor":7.0,"turns":4.0},{"damage":33.0,"enemies":"Gremlin Nob","floor":8.0,"turns":4.0},{"damage":17.0,"enemies":"3 Sentries","floor":14.0,"turns":6.0},{"damage":52,"enemies":"Hexaghost","floor":16,"turns":9}],"seed_played":"5930031849005229441","potions_obtained":[{"floor":1.0,"key":"GamblersBrew"},{"floor":5.0,"key":"Dexterity Potion"}],"is_trial":false,"path_per_floor":["M","?","$","M","M","R","M","E","T","?","R","?","R","E","R","B"],"character_chosen":"IRONCLAD","items_purchased":["Combust","Armaments"],"campfire_rested":1,"item_purchase_floors":[3,3],"current_hp_per_floor":[67,72,72,75,72,72,63,36,36,12,36,36,36,25,25,0],"gold":132,"neow_bonus":"REMOVE_CARD","is_prod":false,"is_daily":false,"chose_seed":false,"campfire_upgraded":1,"win_rate":0,"timestamp":1564453444,"path_taken":["M","?","$","M","M","R","M","E","T","?","R","?","R","E","R","BOSS"],"build_version":"2019-01-23","purchased_purges":0,"victory":false,"max_hp_per_floor":[75,80,80,80,80,80,80,80,80,80,80,80,80,80,80,80],"card_choices":[{"not_picked":["Sword Boomerang","Reckless Charge"],"picked":"Spot Weakness","floor":1.0},{"not_picked":["Sever Soul","Dropkick"],"picked":"Perfected Strike","floor":4.0},{"not_picked":["Battle Trance","Perfected Strike"],"picked":"Sword Boomerang","floor":5.0},{"not_picked":["Shrug It Off","Twin Strike"],"picked":"Headbutt","floor":7.0},{"not_picked":["Headbutt","Dark Embrace"],"picked":"Feel No Pain","floor":8.0},{"not_picked":["Combust","Sever Soul"],"picked":"Shrug It Off","floor":14.0}],"player_experience":2746267,"relics_obtained":[{"floor":8.0,"key":"Shovel"},{"floor":9.0,"key":"Self Forming Clay"},{"floor":13.0,"key":"Darkstone Periapt"},{"floor":14.0,"key":"Pantograph"},{"floor":15.0,"key":"Champion Belt"}],"event_choices":[{"damage_healed":0.0,"max_hp_gain":5.0,"max_hp_loss":0.0,"gold_gain":0.0,"event_name":"Big Fish","player_choice":"Donut","floor":2.0,"gold_loss":0.0,"damage_taken":0.0},{"damage_healed":0.0,"max_hp_gain":0.0,"max_hp_loss":0.0,"gold_gain":0.0,"event_name":"Shining Light","player_choice":"Entered Light","floor":10.0,"gold_loss":0.0,"damage_taken":24.0,"cards_upgraded":["Strike_R","Perfected Strike"]},{"damage_healed":0.0,"max_hp_gain":0.0,"max_hp_loss":0.0,"gold_gain":0.0,"event_name":"Liars Game","player_choice":"Ignored","floor":12.0,"gold_loss":0.0,"damage_taken":0.0}],"is_beta":false,"boss_relics":[],"items_purged_floors":[],"is_endless":false,"potions_floor_spawned":[1,5],"killed_by":"Hexaghost","ascension_level":20}