{"gold_per_floor":[112,17,29,29,29,29,44,70,152,166,166,196,196,206,206,309,309,328,345,359,0,0,0,20,40,65,65,84,84],"floor_reached":29,"playtime":1192,"items_purged":[],"score":237,"play_id":"379e1934-e754-4eae-aadc-1ad653b7df51","local_time":"20190923083256","is_ascension_mode":false,"campfire_choices":[{"floor":6,"key":"RECALL"},{"floor":11,"key":"REST"},{"floor":15,"key":"REST"},{"floor":23,"key":"REST"},{"floor":27,"key":"REST"}],"neow_cost":"NONE","seed_source_timestamp":332824016076813,"circlet_count":0,"master_deck":["Strike_R","Strike_R","Strike_R","Strike_R","Strike_R","Defend_R","Defend_R","Defend_R","Defend_R","Bash","Perfected Strike","Body Slam","Shrug It Off","Rage","Carnage","Flame Barrier","Inflame","Bludgeon","Pain","True Grit+1","Immolate","Anger","Sentinel+1","Shrug It Off+1","Sword Boomerang","Heavy Blade","Headbutt","Iron Wave"],"relics":["Black Blood","Shuriken","Unceasing Top","Toxic Egg 2","Orichalcum","WarpedTongs","Ice Cream","MealTicket","Toy Ornithopter"],"potions_floor_usage":[8,14,19,25],"damage_taken":[{"damage":5,"enemies":"Cultist","floor":1,"turns":4},{"damage":11,"enemies":"Jaw Worm","floor":3,"turns":4},{"damage":0,"enemies":"2 Louse","floor":7,"turns":3},{"damage":34,"enemies":"Gremlin Nob","floor":8,"turns":5},{"damage":8,"enemies":"Lots of Slimes","floor":10,"turns":6},{"damage":25,"enemies":"Lagavulin","floor":12,"turns":5},{"damage":3,"enemies":"Exordium Wildlife","floor":14,"turns":3},{"damage":52,"enemies":"Slime Boss","floor":16,"turns":12},{"damage":15,"enemies":"3 Byrds","floor":18,"turns":5},{"damage":10,"enemies":"Chosen","floor":19,"turns":5},{"damage":28,"enemies":"Snake Plant","floor":20,"turns":4},{"damage":44,"enemies":"Chosen and Byrds","floor":24,"turns":8},{"damage":21,"enemies":"Shelled Parasite and Fungi","floor":25,"turns":4},{"damage":17,"enemies":"Snake Plant","floor":28,"turns":4},{"damage":68,"enemies":"Book of Stabbing","floor":29,"turns":7}],"seed_played":"3558279702296687128","potions_obtained":[{"floor":3,"key":"Swift Potion"},{"floor":12,"key":"LiquidBronze"},{"floor":14,"key":"Regen Potion"},{"floor":18,"key":"Block Potion"},{"floor":24,"key":"FearPotion"}],"is_trial":false,"path_per_floor":["M","$","M","T","?","R","M","E","T","M","R","E","?","M","R","B",null,"M","M","M","$","?","R","M","M","T","R","M","E"],"character_chosen":"IRONCLAD","items_purchased":["Body Slam","Shrug It Off","Ice Cream","Sword Boomerang"],"campfire_rested":4,"item_purchase_floors":[2,2,21,21],"current_hp_per_floor":[88,88,83,83,65,65,71,43,43,41,67,48,48,51,77,31,88,85,87,71,71,71,88,56,47,47,73,68,0],"gold":84,"neow_bonus":"TEN_PERCENT_HP_BONUS","is_prod":false,"is_daily":false,"chose_seed":false,"campfire_upgraded":0,"win_rate":0,"timestamp":1569238376,"path_taken":["M","$","M","?","?","R","M","E","T","M","R","E","?","M","R","BOSS","M","M","M","?","?","R","M","M","T","R","?","E"],"build_version":"2019-09-20","purchased_purges":0,"victory":false,"max_hp_per_floor":[88,88,88,88,88,88,88,88,88,88,88,88,88,88,88,88,88,88,88,88,88,88,88,88,88,88,88,88,88],"card_choices":[{"not_picked":["Shrug It Off","Uppercut"],"picked":"Perfected Strike","floor":1},{"not_picked":["Body Slam","Infernal Blade"],"picked":"Rage","floor":3},{"not_picked":["Shrug It Off","Rage"],"picked":"Carnage","floor":7},{"not_picked":["Shrug It Off","Intimidate"],"picked":"Flame Barrier","floor":8},{"not_picked":["Flex+1","Shrug It Off+1"],"picked":"Inflame","floor":10},{"not_picked":["Rampage","Iron Wave"],"picked":"Bludgeon","floor":12},{"not_picked":["Body Slam","Sword Boomerang"],"picked":"True Grit+1","floor":14},{"not_picked":["Fiend Fire","Barricade"],"picked":"Immolate","floor":16},{"not_picked":["Intimidate+1","Warcry+1"],"picked":"Anger","floor":18},{"not_picked":["Havoc+1","Wild Strike+1"],"picked":"Sentinel+1","floor":19},{"not_picked":["Thunderclap+1","Clothesline"],"picked":"Shrug It Off+1","floor":20},{"not_picked":["Flame Barrier+1","Dual Wield+1"],"picked":"Heavy Blade","floor":24},{"not_picked":["Blood for Blood","Dropkick"],"picked":"Headbutt","floor":25},{"not_picked":["Clothesline","Offering+1"],"picked":"Iron Wave","floor":28}],"player_experience":426992,"relics_obtained":[{"floor":8,"key":"Unceasing Top"},{"floor":9,"key":"Toxic Egg 2"},{"floor":12,"key":"Orichalcum"},{"floor":26,"key":"Toy Ornithopter"}],"event_choices":[{"damage_healed":0,"gold_gain":0,"player_choice":"Success","damage_taken":18,"relics_obtained":["Shuriken"],"max_hp_gain":0,"max_hp_loss":0,"event_name":"Scrap Ooze","floor":5,"gold_loss":0},{"damage_healed":0,"gold_gain":0,"player_choice":"Rummage","damage_taken":0,"relics_obtained":["WarpedTongs"],"max_hp_gain":0,"max_hp_loss":0,"event_name":"Accursed Blacksmith","floor":13,"gold_loss":0,"cards_obtained":["Pain"]},{"damage_healed":0,"gold_gain":0,"player_choice":"Gave Potion","damage_taken":0,"relics_obtained":["MealTicket"],"max_hp_gain":0,"max_hp_loss":0,"event_name":"WeMeetAgain","floor":22,"gold_loss":0}],"is_beta":true,"boss_relics":[{"not_picked":["Coffee Dripper","Cursed Key"],"picked":"Black Blood"}],"items_purged_floors":[],"is_endless":false,"potions_floor_spawned":[3,12,14,18,24],"killed_by":"Book of Stabbing","ascension_level":0}