{"gold_per_floor":[111,111,126,126,56,89,89,103,103,103,131,141,157,172,172,267,267,282,357,374,79,89,89],"floor_reached":23,"playtime":2234,"items_purged":[],"score":353,"play_id":"7e3a05d7-a530-4368-9b72-26e078635f82","local_time":"20181019194714","is_ascension_mode":true,"campfire_choices":[{"data":"Rage","floor":7,"key":"SMITH"},{"data":"True Grit","floor":10,"key":"SMITH"},{"data":"Armaments","floor":15,"key":"SMITH"}],"neow_cost":"NONE","seed_source_timestamp":137883545948899,"circlet_count":0,"master_deck":["Bash","AscendersBane","Rage+1","Headbutt","Offering","Reckless Charge","True Grit+1","Spot Weakness","Whirlwind","Shockwave","Armaments+1","Immolate","Havoc","Rampage","Thunderclap","Ghostly Armor","Wild Strike","Twin Strike","Clothesline","Wild Strike","Warcry","Pommel Strike","Feel No Pain","Armaments"],"relics":["Burning Blood","NeowsBlessing","Sundial","Matryoshka","Pantograph","Shuriken","Art of War","Pandora\u0027s Box","OrangePellets"],"potions_floor_usage":[11,16,16,23],"damage_taken":[{"damage":0,"enemies":"Jaw Worm","floor":1,"turns":1},{"damage":0,"enemies":"Small Slimes","floor":3,"turns":1},{"damage":0,"enemies":"Lagavulin","floor":6,"turns":1},{"damage":6,"enemies":"2 Louse","floor":8,"turns":2},{"damage":38,"enemies":"3 Sentries","floor":11,"turns":14},{"damage":6,"enemies":"Exordium Thugs","floor":12,"turns":4},{"damage":6,"enemies":"Exordium Wildlife","floor":13,"turns":1},{"damage":6,"enemies":"Blue Slaver","floor":14,"turns":2},{"damage":15,"enemies":"Hexaghost","floor":16,"turns":8},{"damage":6,"enemies":"Chosen","floor":18,"turns":3},{"damage":24,"enemies":"2 Thieves","floor":20,"turns":3},{"damage":16,"enemies":"Snecko","floor":22,"turns":4},{"damage":50,"enemies":"Slavers","floor":23,"turns":2}],"seed_played":"-4332929227527116704","potions_obtained":[{"floor":1,"key":"BloodPotion"},{"floor":11,"key":"Strength Potion"},{"floor":12,"key":"EssenceOfSteel"},{"floor":13,"key":"Weak Potion"},{"floor":18,"key":"SpeedPotion"},{"floor":20,"key":"PowerPotion"}],"is_trial":false,"path_per_floor":["M","$","M","?","$","E","R","M","T","R","E","M","M","M","R","B",null,"M","?","M","$","M"],"character_chosen":"IRONCLAD","items_purchased":["Offering","OrangePellets","Feel No Pain","Armaments"],"campfire_rested":0,"item_purchase_floors":[5,21,21,21],"current_hp_per_floor":[78,78,80,73,73,79,79,79,79,79,55,55,55,55,55,71,78,78,70,52,52,42,0],"gold":89,"neow_bonus":"THREE_ENEMY_KILL","is_prod":false,"is_daily":false,"chose_seed":false,"campfire_upgraded":3,"win_rate":0,"timestamp":1539992834,"path_taken":["M","$","M","?","$","E","R","M","T","R","E","M","M","M","R","BOSS","M","?","M","$","M","E"],"build_version":"2018-10-18","purchased_purges":0,"victory":false,"max_hp_per_floor":[80,80,80,80,80,80,80,80,80,80,80,80,80,80,80,80,80,80,80,80,80,80,80],"card_choices":[{"not_picked":["Searing Blow","Shrug It Off"],"picked":"Rage","floor":1},{"not_picked":["Iron Wave","Pommel Strike"],"picked":"Headbutt","floor":3},{"not_picked":["Ghostly Armor","Second Wind"],"picked":"Reckless Charge","floor":6},{"not_picked":["Body Slam","Rage"],"picked":"True Grit","floor":8},{"not_picked":["Flame Barrier","Bludgeon"],"picked":"Spot Weakness","floor":11},{"not_picked":["Headbutt","Havoc"],"picked":"Whirlwind","floor":12},{"not_picked":["Burning Pact","Anger"],"picked":"Shockwave","floor":13},{"not_picked":["Clothesline","Twin Strike"],"picked":"Armaments","floor":14},{"not_picked":["Juggernaut","Bludgeon"],"picked":"Immolate","floor":16},{"not_picked":["Anger","Havoc","Shockwave"],"picked":"SKIP","floor":18},{"not_picked":["Wild Strike","Havoc"],"picked":"Pommel Strike","floor":20},{"not_picked":["Searing Blow","Iron Wave","Armaments"],"picked":"SKIP","floor":22}],"player_experience":1877788,"relics_obtained":[{"floor":6,"key":"Matryoshka"},{"floor":9,"key":"Pantograph"},{"floor":9,"key":"Shuriken"},{"floor":11,"key":"Art of War"}],"event_choices":[{"damage_healed":0,"gold_gain":0,"player_choice":"Success","damage_taken":7,"relics_obtained":["Sundial"],"max_hp_gain":0,"max_hp_loss":0,"event_name":"Scrap Ooze","floor":4,"gold_loss":0},{"damage_healed":0,"gold_gain":75,"player_choice":"Touch","damage_taken":8,"max_hp_gain":0,"max_hp_loss":0,"event_name":"FaceTrader","floor":19,"gold_loss":0}],"is_beta":false,"boss_relics":[{"not_picked":["Runic Cube","Black Star"],"picked":"Pandora\u0027s Box"}],"items_purged_floors":[],"is_endless":false,"potions_floor_spawned":[1,11,12,13,18,20],"killed_by":"Slavers","ascension_level":11}