{"gold_per_floor":[109,125,142,19,19,19,19,52,52,52,71,83,83,27,27,101,101,118,137,137,153,153],"floor_reached":22,"playtime":4005,"items_purged":[],"score":426,"play_id":"a8f893f1-fc6e-4f21-93b4-3af09a03a1b2","local_time":"20190119210748","is_ascension_mode":true,"campfire_choices":[{"data":"Neutralize","floor":6.0,"key":"SMITH"},{"floor":10.0,"key":"REST"},{"data":"Dodge and Roll","floor":13.0,"key":"SMITH"},{"data":"Survivor","floor":15.0,"key":"SMITH"}],"neow_cost":"NONE","seed_source_timestamp":0,"circlet_count":0,"master_deck":["AscendersBane","Defend_G","Defend_G","Defend_G","Defend_G","Defend_G","Strike_G","Strike_G","Strike_G","Strike_G","Strike_G","Survivor+1","Neutralize+1","PiercingWail","Poisoned Stab","Terror","Bouncing Flask","Flying Knee","Noxious Fumes","Dodge and Roll+1","PiercingWail","Well Laid Plans","Corpse Explosion","Noxious Fumes+1","Writhe","Quick Slash"],"special_seed":0,"relics":["Ring of the Snake","The Courier","Mercury Hourglass","Eternal Feather","Pear"],"potions_floor_usage":[21],"damage_taken":[{"damage":0.0,"enemies":"Cultist","floor":1.0,"turns":5.0},{"damage":4.0,"enemies":"Jaw Worm","floor":2.0,"turns":7.0},{"damage":0.0,"enemies":"2 Louse","floor":3.0,"turns":2.0},{"damage":54.0,"enemies":"3 Sentries","floor":8.0,"turns":13.0},{"damage":0.0,"enemies":"Large Slime","floor":11.0,"turns":5.0},{"damage":5.0,"enemies":"Red Slaver","floor":12.0,"turns":3.0},{"damage":0.0,"enemies":"Hexaghost","floor":16.0,"turns":9.0},{"damage":26.0,"enemies":"Shell Parasite","floor":18.0,"turns":7.0},{"damage":12.0,"enemies":"Chosen","floor":19.0,"turns":5.0},{"damage":8,"enemies":"Centurion and Healer","floor":21,"turns":5},{"damage":39,"enemies":"Masked Bandits","floor":22,"turns":3}],"seed_played":"7452589599232693357","potions_obtained":[{"floor":1.0,"key":"Energy Potion"},{"floor":19.0,"key":"SteroidPotion"}],"is_trial":false,"path_per_floor":["M","M","M","$","?","R","$","E","T","R","M","M","R","$","R","B",null,"M","M","?","M","?"],"character_chosen":"THE_SILENT","items_purchased":["Bouncing Flask","Flying Knee","Well Laid Plans"],"campfire_rested":1,"item_purchase_floors":[4,4,14],"current_hp_per_floor":[65,61,61,61,66,66,66,12,12,35,35,30,30,30,30,30,65,39,27,37,29,0],"gold":153,"neow_bonus":"TEN_PERCENT_HP_BONUS","is_prod":false,"is_daily":false,"chose_seed":false,"campfire_upgraded":3,"win_rate":0,"timestamp":1547950068,"path_taken":["M","M","M","$","?","R","$","E","T","R","M","M","R","$","R","BOSS","M","M","?","M","?"],"build_version":"2019-01-17v2","purchased_purges":0,"victory":false,"max_hp_per_floor":[72,72,72,72,77,77,77,77,77,77,77,77,77,77,77,77,77,77,77,87,87,87],"card_choices":[{"not_picked":["Sucker Punch","Setup"],"picked":"PiercingWail","floor":1.0},{"not_picked":["Accuracy","Prepared"],"picked":"Poisoned Stab","floor":2.0},{"not_picked":["Crippling Poison","Flying Knee"],"picked":"Terror","floor":3.0},{"not_picked":["Outmaneuver","Dash"],"picked":"Noxious Fumes","floor":8.0},{"not_picked":["Cloak And Dagger","Underhanded Strike"],"picked":"Dodge and Roll","floor":11.0},{"not_picked":["Endless Agony","Quick Slash"],"picked":"PiercingWail","floor":12.0},{"not_picked":["Envenom","Phantasmal Killer"],"picked":"Corpse Explosion","floor":16.0},{"not_picked":["Dodge and Roll","Acrobatics"],"picked":"Noxious Fumes+1","floor":18.0},{"not_picked":["Predator","Accuracy","Concentrate"],"picked":"SKIP","floor":19.0},{"not_picked":["Blur","Deadly Poison"],"picked":"Quick Slash","floor":21}],"player_experience":2198203,"relics_obtained":[{"floor":8.0,"key":"The Courier"},{"floor":9.0,"key":"Mercury Hourglass"}],"event_choices":[{"damage_healed":0.0,"max_hp_gain":5.0,"max_hp_loss":0.0,"gold_gain":0.0,"event_name":"Big Fish","player_choice":"Donut","floor":5.0,"gold_loss":0.0,"damage_taken":0.0},{"damage_healed":0.0,"max_hp_gain":0.0,"max_hp_loss":0.0,"gold_gain":0.0,"event_name":"The Mausoleum","player_choice":"Opened","floor":20.0,"gold_loss":0.0,"damage_taken":0.0,"relics_obtained":["Pear"],"cards_obtained":["Writhe"]},{"damage_healed":0,"gold_gain":0,"player_choice":"Fought Bandits","damage_taken":0,"max_hp_gain":0,"max_hp_loss":0,"event_name":"Masked Bandits","floor":22,"gold_loss":0}],"is_beta":false,"boss_relics":[{"not_picked":["Orrery","Calling Bell"],"picked":"Eternal Feather"}],"items_purged_floors":[],"is_endless":false,"potions_floor_spawned":[1,19],"killed_by":"Masked Bandits","ascension_level":14}