{"gold_per_floor":[109,124,139,156,174,203,203,15,15,32,32,32,32,51,51,177,177,200,200,30,30,30,30,44,59,59,75,200,33,48,64,64,64],"floor_reached":33,"playtime":1254,"items_purged":[],"score":301,"play_id":"af5973dc-975a-4f9f-80b2-cb4d0bcf83ab","local_time":"20190814172736","is_ascension_mode":true,"campfire_choices":[{"floor":7,"key":"REST"},{"data":"Bludgeon","floor":11,"key":"SMITH"},{"data":"Perfected Strike","floor":15,"key":"SMITH"},{"floor":23,"key":"REST"},{"floor":32,"key":"REST"}],"neow_cost":"NONE","seed_source_timestamp":232287625811377,"circlet_count":0,"master_deck":["Strike_R","Strike_R","Strike_R","Strike_R","Strike_R","Defend_R","Defend_R","Defend_R","Defend_R","Bash","Thunderclap","Thunderclap","Bludgeon+1","Perfected Strike+1","Twin Strike","Feed","Rampage","Shrug It Off","Injury","Cleave","Immolate","Inflame","Pain","Sword Boomerang","RitualDagger","Anger+1","Cleave+1","Flame Barrier+1","Perfected Strike","Flex","Flex","Armaments","Deep Breath","Heavy Blade+1","Demon Form","Infernal Blade"],"relics":["Burning Blood","Meat on the Bone","Dream Catcher","Anchor","Golden Idol","Mark of Pain","WarpedTongs","PreservedInsect","Red Skull","Question Card","Thread and Needle","Gremlin Horn"],"potions_floor_usage":[4,4,6,6,24,25,25,28,31,33],"damage_taken":[{"damage":1,"enemies":"Cultist","floor":1,"turns":3},{"damage":12,"enemies":"Jaw Worm","floor":2,"turns":3},{"damage":9,"enemies":"2 Louse","floor":3,"turns":3},{"damage":11,"enemies":"Exordium Thugs","floor":4,"turns":3},{"damage":0,"enemies":"3 Louse","floor":5,"turns":3},{"damage":21,"enemies":"3 Sentries","floor":6,"turns":5},{"damage":5,"enemies":"Exordium Wildlife","floor":10,"turns":3},{"damage":3,"enemies":"Blue Slaver","floor":14,"turns":2},{"damage":76,"enemies":"The Guardian","floor":16,"turns":8},{"damage":16,"enemies":"2 Thieves","floor":18,"turns":4},{"damage":16,"enemies":"3 Byrds","floor":24,"turns":5},{"damage":23,"enemies":"3 Cultists","floor":25,"turns":4},{"damage":4,"enemies":"Cultist and Chosen","floor":27,"turns":4},{"damage":3,"enemies":"Colosseum Slavers","floor":28,"turns":2},{"damage":6,"enemies":"Colosseum Nobs","floor":28,"turns":3},{"damage":20,"enemies":"Centurion and Healer","floor":30,"turns":6},{"damage":0,"enemies":"3 Cultists","floor":31,"turns":2},{"damage":86,"enemies":"Automaton","floor":33,"turns":6}],"seed_played":"-2996498802556115371","potions_obtained":[{"floor":0,"key":"SteroidPotion"},{"floor":0,"key":"SpeedPotion"},{"floor":0,"key":"SkillPotion"},{"floor":4,"key":"Weak Potion"},{"floor":5,"key":"EssenceOfSteel"},{"floor":16,"key":"Energy Potion"},{"floor":24,"key":"LiquidBronze"},{"floor":27,"key":"Energy Potion"},{"floor":28,"key":"FearPotion"},{"floor":31,"key":"EssenceOfSteel"}],"is_trial":false,"path_per_floor":["M","M","M","M","M","E","R","$","T","M","R","?","$","M","R","B",null,"M","?","$","T","?","R","M","M","T","M","?","$","M","M","R","B"],"character_chosen":"IRONCLAD","items_purchased":["Dream Catcher","Rampage","PreservedInsect","Sword Boomerang","Flex","Armaments","Deep Breath"],"campfire_rested":3,"item_purchase_floors":[8,8,20,20,29,29,29],"current_hp_per_floor":[80,74,71,66,72,57,80,80,80,80,80,80,80,80,80,22,80,70,70,70,70,64,80,70,53,53,55,65,65,51,57,83,0],"gold":64,"neow_bonus":"THREE_SMALL_POTIONS","is_prod":false,"is_daily":false,"chose_seed":false,"campfire_upgraded":2,"win_rate":0,"timestamp":1565814456,"path_taken":["M","M","?","?","?","E","R","$","T","M","R","?","$","M","R","BOSS","M","?","$","?","?","R","M","M","T","?","?","$","M","M","R","BOSS"],"build_version":"2019-07-17","purchased_purges":0,"victory":false,"max_hp_per_floor":[80,80,80,80,80,80,80,80,80,80,80,80,80,80,80,80,80,80,80,80,80,80,80,80,80,80,80,87,87,87,87,87,87],"card_choices":[{"not_picked":["Shrug It Off","Ghostly Armor"],"picked":"Thunderclap","floor":1},{"not_picked":["Burning Pact","Seeing Red"],"picked":"Thunderclap","floor":2},{"not_picked":["Body Slam","Wild Strike"],"picked":"Bludgeon","floor":3},{"not_picked":["Sword Boomerang","Fire Breathing"],"picked":"Perfected Strike","floor":4},{"not_picked":["Body Slam","True Grit"],"picked":"Twin Strike","floor":5},{"not_picked":["Sever Soul","Pommel Strike"],"picked":"Feed","floor":6},{"not_picked":["Wild Strike","Bloodletting"],"picked":"Shrug It Off","floor":10},{"not_picked":["Headbutt","Clash"],"picked":"Cleave","floor":14},{"not_picked":["Offering","Feed"],"picked":"Immolate","floor":16},{"not_picked":["Warcry","Rampage+1"],"picked":"Inflame","floor":18},{"not_picked":["Battle Trance","Pummel"],"picked":"Anger+1","floor":23},{"not_picked":["Shockwave","Wild Strike+1"],"picked":"Cleave+1","floor":24},{"not_picked":["Seeing Red+1","Perfected Strike"],"picked":"Flame Barrier+1","floor":25},{"not_picked":["Bloodletting","Metallicize","Searing Blow"],"picked":"Perfected Strike","floor":27},{"not_picked":["Anger","Sword Boomerang+1","Thunderclap"],"picked":"Flex","floor":28},{"not_picked":["Armaments","Disarm","Body Slam"],"picked":"Heavy Blade+1","floor":30},{"not_picked":["Second Wind","Thunderclap","Warcry"],"picked":"Demon Form","floor":31},{"not_picked":["Warcry+1","Havoc","Dropkick"],"picked":"Infernal Blade","floor":32}],"player_experience":311164,"relics_obtained":[{"floor":6,"key":"Meat on the Bone"},{"floor":9,"key":"Anchor"},{"floor":21,"key":"Red Skull"},{"floor":26,"key":"Question Card"},{"floor":28,"key":"Thread and Needle"},{"floor":28,"key":"Gremlin Horn"}],"event_choices":[{"damage_healed":0,"gold_gain":0,"player_choice":"Take Wound","damage_taken":0,"relics_obtained":["Golden Idol"],"max_hp_gain":0,"max_hp_loss":0,"event_name":"Golden Idol","floor":12,"gold_loss":0,"cards_obtained":["Injury"]},{"damage_healed":0,"gold_gain":0,"player_choice":"Rummage","damage_taken":0,"relics_obtained":["WarpedTongs"],"max_hp_gain":0,"max_hp_loss":0,"event_name":"Accursed Blacksmith","floor":19,"gold_loss":0,"cards_obtained":["Pain"]},{"damage_healed":0,"gold_gain":0,"player_choice":"Joined the Cult","damage_taken":6,"max_hp_gain":0,"max_hp_loss":0,"event_name":"Nest","floor":22,"gold_loss":0,"cards_obtained":["RitualDagger"]},{"damage_healed":0,"gold_gain":0,"player_choice":"Fight","damage_taken":0,"max_hp_gain":0,"max_hp_loss":0,"event_name":"Colosseum","floor":28,"gold_loss":0},{"damage_healed":0,"gold_gain":0,"player_choice":"Fought Nobs","damage_taken":0,"max_hp_gain":0,"max_hp_loss":0,"event_name":"Colosseum","floor":28,"gold_loss":0}],"is_beta":false,"boss_relics":[{"not_picked":["Busted Crown","Astrolabe"],"picked":"Mark of Pain"}],"items_purged_floors":[],"is_endless":false,"potions_floor_spawned":[1,2,4,5,16,24,27,28,28,31],"killed_by":"Automaton","ascension_level":2}