{"gold_per_floor":[368,382,18,18,18,18,41,76,76,89,89,66,80,105,105,205,205,217,217,217,142,124,124],"floor_reached":23,"playtime":2152,"items_purged":["Normality"],"score":330,"play_id":"ce1d6d98-e0ab-4c65-9101-264335844777","local_time":"20180921214217","is_ascension_mode":true,"campfire_choices":[{"data":"Bludgeon","floor":6,"key":"SMITH"},{"data":"Feed","floor":11,"key":"SMITH"},{"data":"Armaments","floor":15,"key":"SMITH"}],"neow_cost":"CURSE","seed_source_timestamp":240101494109337,"circlet_count":0,"master_deck":["Strike_R","Strike_R","Defend_R","Defend_R","Defend_R","Defend_R","Bash","AscendersBane","Clash","Clash","Bludgeon+1","Spot Weakness","Feed+1","Clothesline","Armaments+1","Double Tap","Thunderclap+1","Armaments"],"relics":["Burning Blood","Lantern","Ice Cream","Odd Mushroom","Blood Vial","Mercury Hourglass","The Courier","Empty Cage"],"potions_floor_usage":[16,18,18,18,20,23,23],"damage_taken":[{"damage":4,"enemies":"2 Louse","floor":1,"turns":4},{"damage":13,"enemies":"Jaw Worm","floor":2,"turns":4},{"damage":10,"enemies":"The Mushroom Lair","floor":7,"turns":3},{"damage":15,"enemies":"Lagavulin","floor":8,"turns":4},{"damage":0,"enemies":"Cultist","floor":10,"turns":2},{"damage":7,"enemies":"Large Slime","floor":13,"turns":4},{"damage":0,"enemies":"Gremlin Nob","floor":14,"turns":2},{"damage":13,"enemies":"Slime Boss","floor":16,"turns":7},{"damage":14,"enemies":"3 Byrds","floor":18,"turns":3},{"damage":25,"enemies":"Colosseum Slavers","floor":20,"turns":3},{"damage":72,"enemies":"Gremlin Leader","floor":23,"turns":6}],"seed_played":"890380653367567300","potions_obtained":[{"floor":2,"key":"LiquidBronze"},{"floor":7,"key":"Dexterity Potion"},{"floor":14,"key":"LiquidBronze"},{"floor":16,"key":"Dexterity Potion"},{"floor":19,"key":"Dexterity Potion"},{"floor":19,"key":"SteroidPotion"},{"floor":19,"key":"Regen Potion"}],"is_trial":false,"path_per_floor":["M","M","$","?","T","R","?","E","T","M","R","$","M","E","R","B",null,"M","?","?","?","$"],"character_chosen":"IRONCLAD","items_purchased":["Bludgeon","Lantern","Clothesline","Armaments"],"campfire_rested":0,"item_purchase_floors":[3,3,12,22],"current_hp_per_floor":[74,67,67,67,67,67,63,54,54,62,62,62,63,71,71,66,77,71,71,54,54,54,0],"gold":124,"neow_bonus":"TWO_FIFTY_GOLD","is_prod":false,"is_daily":false,"chose_seed":false,"campfire_upgraded":3,"win_rate":0,"timestamp":1537580537,"path_taken":["M","M","$","?","?","R","?","E","T","M","R","$","M","E","R","BOSS","M","?","?","?","$","E"],"build_version":"2018-08-23v2","purchased_purges":1,"victory":false,"max_hp_per_floor":[80,80,80,80,80,80,80,80,80,80,80,80,80,80,80,80,80,80,80,80,80,80,80],"card_choices":[{"not_picked":["Heavy Blade","Iron Wave"],"picked":"Clash","floor":1},{"not_picked":["True Grit","Flex"],"picked":"Clash","floor":2},{"not_picked":["Ghostly Armor","Clash"],"picked":"Spot Weakness","floor":8},{"not_picked":["Thunderclap","Dropkick"],"picked":"Feed","floor":10},{"not_picked":["Perfected Strike","Flex"],"picked":"Armaments","floor":13},{"not_picked":["Corruption","Inflame","Combust"],"picked":"SKIP","floor":14},{"not_picked":["Exhume","Berserk"],"picked":"Double Tap","floor":16},{"not_picked":["Sword Boomerang","Clothesline"],"picked":"Thunderclap+1","floor":18}],"player_experience":1743533,"relics_obtained":[{"floor":5,"key":"Ice Cream"},{"floor":7,"key":"Odd Mushroom"},{"floor":8,"key":"Blood Vial"},{"floor":9,"key":"Mercury Hourglass"},{"floor":14,"key":"The Courier"}],"event_choices":[{"event_name":"Liars Game","player_choice":"disagreed","floor":4,"damage_taken":0},{"event_name":"Mushrooms","player_choice":"Fought Mushrooms","floor":7,"damage_taken":0},{"event_name":"The Lab","player_choice":"Got Potions","floor":19,"damage_taken":0},{"event_name":"Colosseum","player_choice":"Fight","floor":20,"damage_taken":0},{"event_name":"Colosseum","player_choice":"Fled From Nobs","floor":20,"damage_taken":0},{"event_name":"Beggar","player_choice":"Gave Gold","floor":21,"damage_taken":0}],"is_beta":false,"boss_relics":[{"not_picked":["Runic Pyramid","Black Star"],"picked":"Empty Cage"}],"items_purged_floors":[3],"is_endless":false,"potions_floor_spawned":[2,7,14,16,20],"killed_by":"Gremlin Leader","ascension_level":10}