{"gold_per_floor":[114,134,152,171,182,201,201,201,201,201],"floor_reached":10,"playtime":543,"items_purged":[],"score":62,"play_id":"85ffe175-3d4d-4ed6-838b-2cd76897ff22","local_time":"20191007081414","is_ascension_mode":false,"campfire_choices":[{"floor":8,"key":"REST"}],"neow_cost":"NONE","seed_source_timestamp":116293561435394,"circlet_count":0,"master_deck":["Strike_P","Strike_P","Strike_P","Strike_P","Defend_P","Defend_P","Defend_P","Defend_P","Eruption","Vigilance","ClearTheMind","CarveReality","Vengeance","Protect","WaveOfTheHand","FlurryOfBlows"],"relics":["PureWater","NeowsBlessing","Bottled Flame"],"potions_floor_usage":[5],"damage_taken":[{"damage":0,"enemies":"Cultist","floor":1,"turns":1},{"damage":0,"enemies":"Small Slimes","floor":2,"turns":1},{"damage":0,"enemies":"Jaw Worm","floor":3,"turns":1},{"damage":34,"enemies":"Exordium Thugs","floor":4,"turns":8},{"damage":7,"enemies":"Lots of Slimes","floor":5,"turns":6},{"damage":30,"enemies":"Large Slime","floor":6,"turns":6},{"damage":22,"enemies":"Gremlin Nob","floor":10,"turns":4}],"seed_played":"3899028284421077756","potions_obtained":[{"floor":4,"key":"BottledMiracle"},{"floor":6,"key":"Swift Potion"}],"is_trial":false,"path_per_floor":["M","M","M","M","M","M","?","R","T","E"],"character_chosen":"WATCHER","items_purchased":[],"campfire_rested":1,"item_purchase_floors":[],"current_hp_per_floor":[72,72,72,38,31,1,1,22,22,0],"gold":201,"neow_bonus":"THREE_ENEMY_KILL","is_prod":false,"is_daily":false,"chose_seed":false,"campfire_upgraded":0,"win_rate":0.0,"timestamp":1570446854,"path_taken":["M","M","?","M","M","M","?","R","T","E"],"build_version":"2019-10-04","purchased_purges":0,"victory":false,"max_hp_per_floor":[72,72,72,72,72,72,72,72,72,72],"card_choices":[{"not_picked":["Crescendo","Fasting2"],"picked":"ClearTheMind","floor":1},{"not_picked":["Weave","FlowState"],"picked":"CarveReality","floor":2},{"not_picked":["SashWhip","CutThroughFate"],"picked":"Vengeance","floor":3},{"not_picked":["SashWhip","Meditate"],"picked":"Protect","floor":4},{"not_picked":["ClearTheMind","FollowUp"],"picked":"WaveOfTheHand","floor":5},{"not_picked":["Sanctity","Consecrate"],"picked":"FlurryOfBlows","floor":6}],"player_experience":435318,"relics_obtained":[{"floor":9,"key":"Bottled Flame"}],"event_choices":[{"damage_healed":0,"gold_gain":0,"player_choice":"Fled","damage_taken":0,"max_hp_gain":0,"max_hp_loss":0,"event_name":"Scrap Ooze","floor":7,"gold_loss":0}],"is_beta":true,"boss_relics":[],"items_purged_floors":[],"is_endless":false,"potions_floor_spawned":[4,6],"killed_by":"Gremlin Nob","ascension_level":0}