{"gold_per_floor":[113,124,142,159,175,210,210,223,269,286,286,31,64,91,91,189,189,205,205,219,219,229,229],"floor_reached":23,"playtime":5357,"items_purged":[],"score":230,"play_id":"c5b8b297-1716-4bff-ad70-85117cd91f87","local_time":"20190712142759","is_ascension_mode":false,"campfire_choices":[{"floor":7,"key":"REST"},{"floor":11,"key":"REST"},{"floor":15,"key":"REST"}],"neow_cost":"NONE","seed_source_timestamp":47091866625272,"circlet_count":0,"master_deck":["Strike_G","Strike_G","Strike_G","Strike_G","Strike_G","Defend_G","Defend_G","Defend_G","Defend_G","Defend_G","Survivor","Neutralize","Doppelganger","Blade Dance","Infinite Blades","Accuracy","Corpse Explosion","Backstab","Accuracy","All Out Attack","Terror","Mind Blast","Apotheosis","Accuracy","Cloak And Dagger","A Thousand Cuts","Blade Dance","Finisher","Burst","All Out Attack","Underhanded Strike","Blur","Blade Dance","Deadly Poison","Night Terror","Prepared","Impatience","Bane"],"relics":["Ring of the Snake","Strawberry","Potion Belt","Orichalcum","Odd Mushroom","Orrery"],"potions_floor_usage":[4,4,6,16,18,22,23],"damage_taken":[{"damage":0,"enemies":"Small Slimes","floor":1,"turns":5},{"damage":0,"enemies":"Jaw Worm","floor":2,"turns":6},{"damage":0,"enemies":"2 Louse","floor":3,"turns":4},{"damage":6,"enemies":"Red Slaver","floor":4,"turns":5},{"damage":9,"enemies":"3 Louse","floor":5,"turns":3},{"damage":33,"enemies":"Gremlin Nob","floor":6,"turns":4},{"damage":12,"enemies":"Gremlin Gang","floor":8,"turns":3},{"damage":16,"enemies":"Exordium Wildlife","floor":10,"turns":2},{"damage":18,"enemies":"Lagavulin","floor":13,"turns":5},{"damage":20,"enemies":"The Mushroom Lair","floor":14,"turns":3},{"damage":30,"enemies":"Slime Boss","floor":16,"turns":8},{"damage":12,"enemies":"Spheric Guardian","floor":18,"turns":4},{"damage":25,"enemies":"Shell Parasite","floor":20,"turns":6},{"damage":16,"enemies":"Shelled Parasite and Fungi","floor":22,"turns":5},{"damage":28,"enemies":"Slavers","floor":23,"turns":4}],"seed_played":"5143929843886348005","potions_obtained":[{"floor":1,"key":"FearPotion"},{"floor":2,"key":"LiquidBronze"},{"floor":5,"key":"Poison Potion"},{"floor":6,"key":"GamblersBrew"},{"floor":13,"key":"Dexterity Potion"},{"floor":16,"key":"Poison Potion"},{"floor":20,"key":"SkillPotion"},{"floor":22,"key":"SkillPotion"}],"is_trial":false,"path_per_floor":["M","M","M","M","M","E","R","M","T","M","R","$","E","?","R","B",null,"M","?","M","?","M","E"],"character_chosen":"THE_SILENT","items_purchased":["Mind Blast","Apotheosis"],"campfire_rested":3,"item_purchase_floors":[12,12],"current_hp_per_floor":[70,70,70,64,55,29,52,40,40,24,47,47,29,9,32,2,77,65,65,40,40,24,0],"gold":229,"neow_bonus":"ONE_RANDOM_RARE_CARD","is_prod":false,"is_daily":false,"chose_seed":false,"campfire_upgraded":0,"win_rate":0.0,"timestamp":1562952479,"path_taken":["M","M","M","M","M","E","R","M","T","M","R","$","E","?","R","BOSS","M","?","M","?","M","E"],"build_version":"2019-07-05","purchased_purges":0,"victory":false,"max_hp_per_floor":[70,70,70,70,70,77,77,77,77,77,77,77,77,77,77,77,77,77,77,77,77,77,77],"card_choices":[{"not_picked":["Dagger Throw","Deflect"],"picked":"Blade Dance","floor":1},{"not_picked":["Sucker Punch","Cloak And Dagger"],"picked":"Infinite Blades","floor":2},{"not_picked":["PiercingWail","Well Laid Plans"],"picked":"Accuracy","floor":3},{"not_picked":["Flying Knee","Prepared"],"picked":"Corpse Explosion","floor":4},{"not_picked":["Quick Slash","Deadly Poison"],"picked":"Backstab","floor":5},{"not_picked":["Blur","Deflect"],"picked":"Accuracy","floor":6},{"not_picked":["Bouncing Flask","Prepared"],"picked":"All Out Attack","floor":8},{"not_picked":["Noxious Fumes","Endless Agony"],"picked":"Terror","floor":10},{"not_picked":["Slice","Dagger Throw"],"picked":"Accuracy","floor":13},{"not_picked":["Corpse Explosion","Masterful Stab"],"picked":"Cloak And Dagger","floor":14},{"not_picked":["Night Terror","Unload"],"picked":"A Thousand Cuts","floor":16},{"not_picked":["Underhanded Strike","Prepared"],"picked":"Blade Dance","floor":17},{"not_picked":["Dagger Spray","Footwork"],"picked":"Finisher","floor":17},{"not_picked":["Dodge and Roll","Distraction"],"picked":"Burst","floor":17},{"not_picked":["Eviscerate","Underhanded Strike"],"picked":"All Out Attack","floor":17},{"not_picked":["Footwork","Expertise"],"picked":"Underhanded Strike","floor":17},{"not_picked":["Sucker Punch","Poisoned Stab"],"picked":"Blur","floor":18},{"not_picked":["Deflect","Dodge and Roll"],"picked":"Deadly Poison","floor":20},{"not_picked":["Skewer","Deflect"],"picked":"Bane","floor":22}],"player_experience":124571,"relics_obtained":[{"floor":6,"key":"Strawberry"},{"floor":9,"key":"Potion Belt"},{"floor":13,"key":"Orichalcum"},{"floor":14,"key":"Odd Mushroom"}],"event_choices":[{"damage_healed":0,"gold_gain":0,"player_choice":"Fought Mushrooms","damage_taken":0,"max_hp_gain":0,"max_hp_loss":0,"event_name":"Mushrooms","floor":14,"gold_loss":0},{"damage_healed":0,"gold_gain":0,"player_choice":"Read","damage_taken":0,"max_hp_gain":0,"max_hp_loss":0,"event_name":"The Library","floor":19,"gold_loss":0,"cards_obtained":["Blade Dance"]},{"damage_healed":0,"gold_gain":0,"player_choice":"3 cards matched","damage_taken":0,"max_hp_gain":0,"max_hp_loss":0,"event_name":"Match and Keep!","floor":21,"gold_loss":0,"cards_obtained":["Night Terror","Prepared","Impatience"]}],"is_beta":false,"boss_relics":[{"not_picked":["Philosopher\u0027s Stone","Eternal Feather"],"picked":"Orrery"}],"items_purged_floors":[],"is_endless":false,"potions_floor_spawned":[1,2,5,6,13,16,20,22],"killed_by":"Slavers","ascension_level":0}