{"gold_per_floor":[115,135,153,153,165,165,182,182,208,208,227,192,28,28,28,152,152,176,23,44,68,68,68,68,68,68,88,122,122,141,175,175,175],"floor_reached":33,"playtime":2020,"items_purged":[],"score":277,"play_id":"a8ebc93a-1d41-48b8-aa33-6d3cfcdcb227","local_time":"20190704115306","is_ascension_mode":false,"campfire_choices":[{"data":"White Noise","floor":6,"key":"SMITH"},{"data":"Redo","floor":8,"key":"SMITH"},{"data":"White Noise","floor":15,"key":"SMITH"},{"floor":23,"key":"REST"},{"floor":25,"key":"REST"},{"floor":32,"key":"REST"}],"neow_cost":"NONE","seed_source_timestamp":806122742934435,"circlet_count":0,"master_deck":["Strike_B","Strike_B","Strike_B","Strike_B","Defend_B","Defend_B","Defend_B","Defend_B","Zap+1","Dualcast","White Noise+1","Melter","White Noise+1","Go for the Eyes","Redo+1","Auto Shields","Electrodynamics","Thunder Strike+1","Beam Cell+1","Lockon+1","Sweeping Beam+1","Self Repair","Lockon+1","Steam+1","RitualDagger+1","Double Energy","Streamline+1","Gash+1","Beam Cell+1","Tempest"],"relics":["Cracked Core","Boot","Strawberry","Golden Idol","Molten Egg 2","Nuclear Battery","Meat on the Bone","Oddly Smooth Stone","Centennial Puzzle"],"potions_floor_usage":[11,11,11,11,28,31,31,33],"damage_taken":[{"damage":0,"enemies":"Cultist","floor":1,"turns":3},{"damage":1,"enemies":"Jaw Worm","floor":2,"turns":3},{"damage":0,"enemies":"Small Slimes","floor":3,"turns":3},{"damage":7,"enemies":"Blue Slaver","floor":5,"turns":5},{"damage":5,"enemies":"2 Fungi Beasts","floor":7,"turns":3},{"damage":2,"enemies":"Exordium Wildlife","floor":11,"turns":3},{"damage":30,"enemies":"Slime Boss","floor":16,"turns":6},{"damage":4,"enemies":"3 Byrds","floor":18,"turns":4},{"damage":25,"enemies":"2 Thieves","floor":20,"turns":3},{"damage":10,"enemies":"Snake Plant","floor":21,"turns":4},{"damage":12,"enemies":"Snecko","floor":27,"turns":5},{"damage":40,"enemies":"Book of Stabbing","floor":28,"turns":5},{"damage":32,"enemies":"Centurion and Healer","floor":30,"turns":5},{"damage":24,"enemies":"Slavers","floor":31,"turns":3},{"damage":72,"enemies":"Champ","floor":33,"turns":7}],"seed_played":"-4755755957474178826","potions_obtained":[{"floor":3,"key":"Swift Potion"},{"floor":5,"key":"Block Potion"},{"floor":7,"key":"PowerPotion"},{"floor":11,"key":"Fruit Juice"},{"floor":20,"key":"Dexterity Potion"},{"floor":21,"key":"Block Potion"},{"floor":28,"key":"FearPotion"},{"floor":30,"key":"FearPotion"}],"is_trial":false,"path_per_floor":["M","M","M","T","M","R","M","R","T","?","M","?","$","T","R","B",null,"M","$","M","M","?","R","?","R","T","M","E","?","M","E","R","B"],"character_chosen":"DEFECT","items_purchased":["Electrodynamics","Lockon+1","Sweeping Beam+1","Self Repair"],"campfire_rested":3,"item_purchase_floors":[13,19,19,19],"current_hp_per_floor":[75,74,74,74,67,67,62,62,69,49,52,73,73,73,73,43,87,83,83,58,48,42,68,68,87,87,82,61,61,48,36,62,0],"gold":175,"neow_bonus":"UPGRADE_CARD","is_prod":false,"is_daily":false,"chose_seed":false,"campfire_upgraded":3,"win_rate":0.0,"timestamp":1562251986,"path_taken":["M","M","M","?","M","R","M","R","T","?","M","?","$","?","R","BOSS","M","$","M","M","?","R","?","R","T","M","E","?","M","E","R","BOSS"],"build_version":"2019-07-01","purchased_purges":0,"victory":false,"max_hp_per_floor":[75,75,75,75,75,75,75,75,82,82,87,87,87,87,87,87,87,87,87,87,87,87,87,87,87,87,87,87,87,87,87,87,87],"card_choices":[{"not_picked":["Ball Lightning","Barrage"],"picked":"White Noise","floor":1},{"not_picked":["Heatsinks","Darkness"],"picked":"Melter","floor":2},{"not_picked":["Rebound","Steam"],"picked":"White Noise","floor":3},{"not_picked":["Barrage","Storm"],"picked":"Go for the Eyes","floor":5},{"not_picked":["Undo","Doom and Gloom"],"picked":"Redo","floor":7},{"not_picked":["Cold Snap","Doom and Gloom"],"picked":"Auto Shields","floor":11},{"not_picked":["Reboot","Biased Cognition"],"picked":"Thunder Strike+1","floor":16},{"not_picked":["Rebound+1","Turbo"],"picked":"Beam Cell+1","floor":18},{"not_picked":["Redo","Double Energy"],"picked":"Lockon+1","floor":20},{"not_picked":["Stack","Barrage+1"],"picked":"Steam+1","floor":21},{"not_picked":["Thunder Strike+1","Darkness+1"],"picked":"Double Energy","floor":27},{"not_picked":["Rainbow","Aggregate"],"picked":"Streamline+1","floor":28},{"not_picked":["Fusion","Turbo"],"picked":"Beam Cell+1","floor":30},{"not_picked":["Scrape+1","Compile Driver+1"],"picked":"Tempest","floor":31}],"player_experience":84501,"relics_obtained":[{"floor":4,"key":"Boot"},{"floor":9,"key":"Strawberry"},{"floor":14,"key":"Molten Egg 2"},{"floor":26,"key":"Meat on the Bone"},{"floor":28,"key":"Oddly Smooth Stone"},{"floor":31,"key":"Centennial Puzzle"}],"event_choices":[{"damage_healed":0,"gold_gain":0,"player_choice":"Take Damage","damage_taken":20,"relics_obtained":["Golden Idol"],"max_hp_gain":0,"max_hp_loss":0,"event_name":"Golden Idol","floor":10,"gold_loss":0},{"damage_healed":21,"gold_gain":0,"player_choice":"Healed","damage_taken":0,"max_hp_gain":0,"max_hp_loss":0,"event_name":"The Cleric","floor":12,"gold_loss":35},{"damage_healed":0,"gold_gain":0,"player_choice":"Joined the Cult","damage_taken":6,"max_hp_gain":0,"max_hp_loss":0,"event_name":"Nest","floor":22,"gold_loss":0,"cards_obtained":["RitualDagger"]},{"damage_healed":0,"gold_gain":0,"player_choice":"Ignored","damage_taken":0,"max_hp_gain":0,"max_hp_loss":0,"event_name":"Ghosts","floor":24,"gold_loss":0},{"damage_healed":0,"gold_gain":0,"player_choice":"Read","damage_taken":0,"max_hp_gain":0,"max_hp_loss":0,"event_name":"The Library","floor":29,"gold_loss":0,"cards_obtained":["Gash"]}],"is_beta":false,"boss_relics":[{"not_picked":["Velvet Choker","Ectoplasm"],"picked":"Nuclear Battery"}],"items_purged_floors":[],"is_endless":false,"potions_floor_spawned":[3,5,7,11,20,21,28,30],"killed_by":"Champ","ascension_level":0}