{"gold_per_floor":[110,124,25,45,56,56,11,28,28,44,44,44,44,72,72,175,175,190,190,44,44,48,48,22,22,22,37,37,57,57,75,75,179,179,196,212,54,54],"floor_reached":38,"playtime":2316,"items_purged":[],"score":420,"play_id":"9b8cd01d-4262-459d-a7f8-21013c7ba4cd","local_time":"20190804140259","is_ascension_mode":true,"campfire_choices":[{"data":"Deadly Poison","floor":6,"key":"SMITH"},{"data":"Deadly Poison","floor":11,"key":"SMITH"},{"floor":13,"key":"REST"},{"floor":15,"key":"REST"},{"floor":23,"key":"REST"},{"data":"Accuracy","floor":25,"key":"SMITH"},{"floor":28,"key":"REST"},{"data":"Deadly Poison","floor":30,"key":"SMITH"},{"floor":32,"key":"REST"}],"neow_cost":"NONE","seed_source_timestamp":334431243049230,"circlet_count":0,"master_deck":["Strike_G","Strike_G","Strike_G","Strike_G","Strike_G","Defend_G+1","Defend_G","Defend_G","Defend_G","Defend_G","Survivor","Neutralize","Infinite Blades+1","Blur","Deadly Poison+1","Sucker Punch","Well Laid Plans","Cloak And Dagger","Deadly Poison+1","Deadly Poison+1","Cloak And Dagger","Dash","Die Die Die","Flying Knee","Accuracy+1","Cloak And Dagger","Flying Knee","RitualDagger","Terror","Quick Slash","Backflip","Endless Agony","Endless Agony","Adrenaline","Dagger Throw+1","Finisher+1","Dagger Spray","Dramatic Entrance","Outmaneuver"],"relics":["Ring of the Snake","Happy Flower","Smiling Mask","Lizard Tail","Bag of Preparation","Fusion Hammer"],"potions_floor_usage":[14,14,18,33],"damage_taken":[{"damage":0,"enemies":"2 Louse","floor":1,"turns":5},{"damage":2,"enemies":"Small Slimes","floor":2,"turns":6},{"damage":5,"enemies":"Jaw Worm","floor":4,"turns":4},{"damage":0,"enemies":"2 Fungi Beasts","floor":5,"turns":5},{"damage":2,"enemies":"Blue Slaver","floor":8,"turns":4},{"damage":6,"enemies":"Looter","floor":10,"turns":4},{"damage":19,"enemies":"Gremlin Nob","floor":14,"turns":4},{"damage":26,"enemies":"Hexaghost","floor":16,"turns":9},{"damage":8,"enemies":"Shell Parasite","floor":18,"turns":5},{"damage":14,"enemies":"2 Thieves","floor":22,"turns":4},{"damage":15,"enemies":"3 Cultists","floor":27,"turns":5},{"damage":8,"enemies":"Snake Plant","floor":29,"turns":5},{"damage":10,"enemies":"Chosen and Byrds","floor":31,"turns":4},{"damage":89,"enemies":"Champ","floor":33,"turns":14},{"damage":31,"enemies":"3 Darklings","floor":35,"turns":8},{"damage":28,"enemies":"3 Shapes","floor":36,"turns":2},{"damage":21,"enemies":"Sphere and 2 Shapes","floor":38,"turns":2}],"seed_played":"-5710574183039129501","potions_obtained":[{"floor":4,"key":"GamblersBrew"},{"floor":8,"key":"LiquidBronze"},{"floor":16,"key":"Regen Potion"},{"floor":29,"key":"Ancient Potion"},{"floor":35,"key":"Strength Potion"}],"is_trial":false,"path_per_floor":["M","M","$","M","M","R","$","M","T","M","R","?","R","E","R","B",null,"M","?","$","?","M","R","$","R","T","M","R","M","R","M","R","B",null,"M","M","$","M"],"character_chosen":"THE_SILENT","items_purchased":["Deadly Poison","Sucker Punch","Deadly Poison","Accuracy","Cloak And Dagger","Flying Knee","Quick Slash","Dagger Spray","Dramatic Entrance","Outmaneuver"],"campfire_rested":5,"item_purchase_floors":[3,3,7,20,20,20,24,37,37,37],"current_hp_per_floor":[77,75,75,70,70,70,70,68,68,62,62,47,70,51,74,48,77,77,77,77,71,57,77,77,77,77,62,77,69,69,59,77,38,77,46,18,18,0],"gold":54,"neow_bonus":"TEN_PERCENT_HP_BONUS","is_prod":false,"is_daily":false,"chose_seed":false,"campfire_upgraded":4,"win_rate":0,"timestamp":1564938179,"path_taken":["M","M","$","M","M","R","$","M","T","M","R","?","R","E","R","BOSS","M","?","$","?","M","R","$","R","T","M","R","M","R","M","R","BOSS","M","M","$","M"],"build_version":"2019-07-17","purchased_purges":0,"victory":false,"max_hp_per_floor":[77,77,77,77,77,77,77,77,77,77,77,77,77,77,77,77,77,77,77,77,77,77,77,77,77,77,77,77,77,77,77,77,77,77,77,77,77,77],"card_choices":[{"not_picked":["Deflect","Backstab"],"picked":"Infinite Blades","floor":1},{"not_picked":["Dagger Spray","Dodge and Roll"],"picked":"Blur","floor":2},{"not_picked":["Backflip","Sucker Punch"],"picked":"Well Laid Plans","floor":4},{"not_picked":["Eviscerate","Flechettes"],"picked":"Cloak And Dagger","floor":5},{"not_picked":["Quick Slash","Bane"],"picked":"Deadly Poison","floor":8},{"not_picked":["PiercingWail","Unload"],"picked":"Cloak And Dagger","floor":10},{"not_picked":["Bouncing Flask","Prepared"],"picked":"Dash","floor":14},{"not_picked":["Wraith Form v2","Night Terror"],"picked":"Die Die Die","floor":16},{"not_picked":["Footwork","Quick Slash"],"picked":"Flying Knee","floor":18},{"not_picked":["Quick Slash","Unload"],"picked":"Terror","floor":22},{"not_picked":["Concentrate","Reflex"],"picked":"Backflip","floor":27},{"not_picked":["Bane","Slice"],"picked":"Endless Agony","floor":29},{"not_picked":["Bane","Cloak And Dagger"],"picked":"Endless Agony","floor":31},{"not_picked":["Grand Finale","Night Terror"],"picked":"Adrenaline","floor":33},{"not_picked":["PiercingWail+1","Bane"],"picked":"Dagger Throw+1","floor":35},{"not_picked":["Skewer","Terror+1"],"picked":"Finisher+1","floor":36}],"player_experience":278407,"relics_obtained":[{"floor":9,"key":"Happy Flower"},{"floor":14,"key":"Smiling Mask"},{"floor":26,"key":"Bag of Preparation"}],"event_choices":[{"damage_healed":0,"gold_gain":0,"player_choice":"Entered Light","damage_taken":15,"max_hp_gain":0,"max_hp_loss":0,"event_name":"Shining Light","floor":12,"gold_loss":0,"cards_upgraded":["Defend_G","Infinite Blades"]},{"damage_healed":0,"gold_gain":0,"player_choice":"Ignored","damage_taken":0,"max_hp_gain":0,"max_hp_loss":0,"event_name":"Beggar","floor":19,"gold_loss":0},{"damage_healed":0,"gold_gain":0,"player_choice":"Joined the Cult","damage_taken":6,"max_hp_gain":0,"max_hp_loss":0,"event_name":"Nest","floor":21,"gold_loss":0,"cards_obtained":["RitualDagger"]}],"is_beta":false,"boss_relics":[{"not_picked":["Ectoplasm","Coffee Dripper"],"picked":"Lizard Tail"},{"not_picked":["Empty Cage","Runic Dome"],"picked":"Fusion Hammer"}],"items_purged_floors":[],"is_endless":false,"potions_floor_spawned":[4,8,16,29,31,35],"killed_by":"Sphere and 2 Shapes","ascension_level":1}