{"gold_per_floor":[114,131,151,151,163,197,197,197,265,284,302,312,41,52,52,52],"floor_reached":16,"playtime":692,"items_purged":[],"score":116,"play_id":"ad22d8bc-5e3d-4d6d-90af-38b2c8d4cda3","local_time":"20190716202219","is_ascension_mode":false,"campfire_choices":[{"floor":7,"key":"REST"},{"floor":15,"key":"REST"}],"neow_cost":"NONE","seed_source_timestamp":0,"circlet_count":0,"master_deck":["Strike_G","Strike_G","Strike_G","Strike_G","Defend_G","Defend_G","Defend_G","Defend_G","Defend_G","Survivor","Neutralize","Bouncing Flask","Blade Dance","Accuracy","Deflect","Masterful Stab","Deflect","Riddle With Holes","Dagger Spray","Slice","Dark Shackles","Crippling Poison","Cloak And Dagger"],"special_seed":0,"relics":["Ring of the Snake","NeowsBlessing","Anchor","Pear","Dream Catcher"],"potions_floor_usage":[8,10,10,11],"damage_taken":[{"damage":0.0,"enemies":"Cultist","floor":1.0,"turns":1.0},{"damage":0,"enemies":"Small Slimes","floor":2,"turns":1},{"damage":0,"enemies":"Jaw Worm","floor":3,"turns":1},{"damage":18,"enemies":"3 Louse","floor":5,"turns":3},{"damage":50,"enemies":"3 Sentries","floor":6,"turns":13},{"damage":0,"enemies":"Lagavulin","floor":8,"turns":1},{"damage":0,"enemies":"Exordium Wildlife","floor":10,"turns":4},{"damage":2,"enemies":"Exordium Thugs","floor":11,"turns":4},{"damage":4,"enemies":"Gremlin Gang","floor":12,"turns":5},{"damage":0,"enemies":"Looter","floor":14,"turns":2},{"damage":56,"enemies":"Slime Boss","floor":16,"turns":9}],"seed_played":"-3480476144718344343","potions_obtained":[{"floor":2,"key":"Energy Potion"},{"floor":5,"key":"SmokeBomb"},{"floor":6,"key":"Dexterity Potion"},{"floor":10,"key":"FearPotion"}],"is_trial":false,"path_per_floor":["M","M","M","?","M","E","R","E","T","M","M","M","$","M","R","B"],"character_chosen":"THE_SILENT","items_purchased":["Dream Catcher","Slice","Dark Shackles"],"campfire_rested":2,"item_purchase_floors":[13,13,13],"current_hp_per_floor":[70,70,70,70,52,2,23,23,33,33,31,27,27,27,51,0],"gold":52,"neow_bonus":"THREE_ENEMY_KILL","is_prod":false,"is_daily":false,"chose_seed":false,"campfire_upgraded":0,"win_rate":0.0,"timestamp":1563319339,"path_taken":["M","M","?","?","?","E","R","E","T","M","M","M","$","?","R","BOSS"],"build_version":"2019-07-05","purchased_purges":0,"victory":false,"max_hp_per_floor":[70,70,70,70,70,70,70,70,80,80,80,80,80,80,80,80],"card_choices":[{"not_picked":["Dagger Spray","Cloak And Dagger"],"picked":"Bouncing Flask","floor":1},{"not_picked":["Infinite Blades","Dash"],"picked":"Blade Dance","floor":2},{"not_picked":["Dash","Eviscerate"],"picked":"Accuracy","floor":3},{"not_picked":["Sucker Punch","Leg Sweep"],"picked":"Deflect","floor":5},{"not_picked":["Night Terror","Heel Hook"],"picked":"Masterful Stab","floor":6},{"not_picked":["Bane","Escape Plan"],"picked":"Deflect","floor":10},{"not_picked":["Leg Sweep","Tactician"],"picked":"Riddle With Holes","floor":11},{"not_picked":["Expertise","Slice"],"picked":"Dagger Spray","floor":12},{"not_picked":["Leg Sweep","Flechettes"],"picked":"Crippling Poison","floor":14},{"not_picked":["Underhanded Strike","Distraction"],"picked":"Cloak And Dagger","floor":15}],"player_experience":174944,"relics_obtained":[{"floor":6,"key":"Anchor"},{"floor":9,"key":"Pear"}],"event_choices":[{"cards_removed":["Strike_G"],"damage_healed":0,"gold_gain":0,"player_choice":"Purged","damage_taken":0,"max_hp_gain":0,"max_hp_loss":0,"event_name":"Purifier","floor":4,"gold_loss":0}],"is_beta":false,"boss_relics":[],"items_purged_floors":[],"is_endless":false,"potions_floor_spawned":[2,5,6,8,10],"killed_by":"Slime Boss","ascension_level":0}