{"gold_per_floor":[116,116,127,140,154,154,168,15,97,116,148,27,27,44,44,118,118,129,129,142,142,74,74,94,94],"floor_reached":25,"playtime":2208,"items_purged":["Strike_G"],"score":349,"play_id":"476e619b-d6e6-4053-a515-1be793451b00","local_time":"20190105014304","is_ascension_mode":true,"campfire_choices":[{"floor":6.0,"key":"REST"},{"floor":13.0,"key":"REST"},{"floor":15,"key":"REST"},{"floor":23,"key":"REST"}],"neow_cost":"NONE","seed_source_timestamp":279800021731619,"circlet_count":0,"master_deck":["AscendersBane","Defend_G","Defend_G","Defend_G","Defend_G","Strike_G+1","Strike_G","Survivor","Neutralize+1","Well Laid Plans+1","Noxious Fumes","Infinite Blades","Glass Knife","Deadly Poison","Dagger Spray","Trip","Backflip","Bouncing Flask","Leg Sweep","Slice","Corpse Explosion","Flying Knee+1","Poisoned Stab+1","Dash+1","Infinite Blades","Purity","Noxious Fumes","Quick Slash"],"special_seed":0,"relics":["Ring of the Snake","Whetstone","Singing Bowl","Gambling Chip","Astrolabe"],"potions_floor_usage":[16,25,25],"damage_taken":[{"damage":4.0,"enemies":"Jaw Worm","floor":1.0,"turns":5.0},{"damage":0.0,"enemies":"Cultist","floor":3.0,"turns":4.0},{"damage":7.0,"enemies":"Small Slimes","floor":4.0,"turns":4.0},{"damage":17.0,"enemies":"Exordium Thugs","floor":5.0,"turns":5.0},{"damage":12.0,"enemies":"Lots of Slimes","floor":7.0,"turns":4.0},{"damage":0.0,"enemies":"2 Fungi Beasts","floor":10.0,"turns":5.0},{"damage":10.0,"enemies":"Gremlin Nob","floor":11.0,"turns":3.0},{"damage":19.0,"enemies":"Exordium Thugs","floor":14.0,"turns":5.0},{"damage":14,"enemies":"Hexaghost","floor":16,"turns":8},{"damage":13,"enemies":"2 Thieves","floor":18,"turns":5},{"damage":12,"enemies":"Spheric Guardian","floor":20,"turns":5},{"damage":37,"enemies":"Snake Plant","floor":24,"turns":6},{"damage":11,"enemies":"Centurion and Healer","floor":25,"turns":6}],"seed_played":"1923252300576355135","potions_obtained":[{"floor":4.0,"key":"PowerPotion"},{"floor":7.0,"key":"Weak Potion"},{"floor":16,"key":"FearPotion"},{"floor":20,"key":"EssenceOfSteel"},{"floor":21,"key":"GhostInAJar"}],"is_trial":false,"path_per_floor":["M","?","M","M","M","R","M","$","T","M","E","$","R","M","R","B",null,"M","?","M","?","$","R","M","M"],"character_chosen":"THE_SILENT","items_purchased":["Dagger Spray","Trip","Backflip","Slice","Noxious Fumes"],"campfire_rested":4,"item_purchase_floors":[8,8,8,12,22],"current_hp_per_floor":[55,55,55,48,31,50,38,38,38,38,28,28,47,30,50,36,60,47,35,25,25,25,46,9,0],"gold":94,"neow_bonus":"RANDOM_COMMON_RELIC","is_prod":false,"is_daily":false,"chose_seed":false,"campfire_upgraded":0,"win_rate":0,"timestamp":1546670584,"path_taken":["M","?","M","M","M","R","?","$","T","M","E","$","R","M","R","BOSS","M","?","?","?","$","R","M","M"],"build_version":"2019-01-03v4","purchased_purges":1,"victory":false,"max_hp_per_floor":[66,66,66,66,66,66,66,66,66,66,66,66,66,68,68,68,68,68,68,70,70,70,70,70,70],"card_choices":[{"not_picked":["Dodge and Roll","Dagger Spray"],"picked":"Well Laid Plans","floor":1.0},{"not_picked":["Finisher","Bane"],"picked":"Noxious Fumes","floor":3.0},{"not_picked":["Caltrops","Deadly Poison"],"picked":"Infinite Blades","floor":4.0},{"not_picked":["Dagger Throw","Slice"],"picked":"Glass Knife","floor":5.0},{"not_picked":["PiercingWail","Calculated Gamble"],"picked":"Deadly Poison","floor":7.0},{"not_picked":["Blade Dance","Sucker Punch"],"picked":"Bouncing Flask","floor":10.0},{"not_picked":["Expertise","Phantasmal Killer"],"picked":"Leg Sweep","floor":11.0},{"not_picked":["Sucker Punch","Skewer","Leg Sweep"],"picked":"Singing Bowl","floor":14.0},{"not_picked":["Doppelganger","Phantasmal Killer"],"picked":"Corpse Explosion","floor":16},{"not_picked":["All Out Attack","Crippling Poison"],"picked":"Infinite Blades","floor":18},{"not_picked":["Concentrate","Crippling Poison","Finisher"],"picked":"Singing Bowl","floor":20},{"not_picked":["Bane","Prepared"],"picked":"Quick Slash","floor":24}],"player_experience":2161530,"relics_obtained":[{"floor":9.0,"key":"Singing Bowl"},{"floor":11.0,"key":"Gambling Chip"}],"event_choices":[{"damage_healed":0.0,"max_hp_gain":0.0,"max_hp_loss":0.0,"gold_gain":0.0,"event_name":"Accursed Blacksmith","player_choice":"Forge","floor":2.0,"gold_loss":0.0,"damage_taken":0.0,"cards_upgraded":["Well Laid Plans"]},{"damage_healed":0,"gold_gain":0,"player_choice":"CARD ","damage_taken":12,"max_hp_gain":0,"max_hp_loss":0,"event_name":"Knowing Skull","floor":19,"potions_obtained":[],"gold_loss":0,"cards_obtained":["Purity"]},{"damage_healed":0,"gold_gain":0,"player_choice":"Got Potions","damage_taken":0,"max_hp_gain":0,"max_hp_loss":0,"event_name":"Lab","floor":21,"gold_loss":0}],"is_beta":false,"boss_relics":[{"not_picked":["Orrery","Ring of the Serpent"],"picked":"Astrolabe"}],"items_purged_floors":[12],"is_endless":false,"potions_floor_spawned":[4,7,16,20,24],"killed_by":"Centurion and Healer","ascension_level":14}