{"gold_per_floor":[17,31,44,64,64,64,91,91,91,109,121,136,153,172,172,250,250,260,13,28,42,55,55,55,81,81,99,99],"floor_reached":28,"playtime":2836,"items_purged":[],"score":546,"play_id":"241fac15-b8dc-4483-8dfb-94bb44ee7426","local_time":"20190923221459","is_ascension_mode":true,"campfire_choices":[{"data":"Neutralize","floor":6.0,"key":"SMITH"},{"floor":8.0,"key":"REST"},{"floor":15.0,"key":"REST"},{"floor":23.0,"key":"REST"}],"neow_cost":"NO_GOLD","seed_source_timestamp":1413884201028334,"circlet_count":0,"master_deck":["AscendersBane","Defend_G","Defend_G","Defend_G","Defend_G","Defend_G","Strike_G","Strike_G","Strike_G","Strike_G","Strike_G","Survivor","Neutralize+1","Flechettes","Dash","Poisoned Stab","Leg Sweep","Die Die Die","Dagger Throw","Slice","Calculated Gamble","Wraith Form v2+1","Infinite Blades+1","Infinite Blades+1","Deflect+1","Blade Dance+1","Blade Dance+1","Backstab","Dagger Spray+1"],"special_seed":0,"relics":["Ring of the Snake","Bag of Preparation","Kunai","Frozen Egg 2","Fusion Hammer","Vajra","Bottled Lightning","Blue Candle"],"potions_floor_usage":[25,25],"damage_taken":[{"damage":4.0,"enemies":"Small Slimes","floor":1.0,"turns":5.0},{"damage":6.0,"enemies":"Cultist","floor":2.0,"turns":5.0},{"damage":0.0,"enemies":"2 Louse","floor":3.0,"turns":3.0},{"damage":6.0,"enemies":"Lots of Slimes","floor":4.0,"turns":5.0},{"damage":33.0,"enemies":"3 Sentries","floor":7.0,"turns":16.0},{"damage":0.0,"enemies":"Exordium Wildlife","floor":10.0,"turns":3.0},{"damage":8.0,"enemies":"Blue Slaver","floor":11.0,"turns":3.0},{"damage":2.0,"enemies":"3 Louse","floor":12.0,"turns":3.0},{"damage":0.0,"enemies":"Exordium Thugs","floor":13.0,"turns":5.0},{"damage":6.0,"enemies":"Large Slime","floor":14.0,"turns":6.0},{"damage":41.0,"enemies":"Hexaghost","floor":16.0,"turns":16.0},{"damage":27.0,"enemies":"Spheric Guardian","floor":18.0,"turns":6.0},{"damage":0.0,"enemies":"Chosen","floor":20.0,"turns":3.0},{"damage":14.0,"enemies":"Centurion and Healer","floor":21.0,"turns":8.0},{"damage":4.0,"enemies":"Cultist and Chosen","floor":22.0,"turns":8.0},{"damage":0,"enemies":"Gremlin Leader","floor":25,"turns":6},{"damage":26,"enemies":"Shelled Parasite and Fungi","floor":27,"turns":5},{"damage":29,"enemies":"Snecko","floor":28,"turns":3}],"seed_played":"-1028608120133430820","potions_obtained":[{"floor":3.0,"key":"SpeedPotion"},{"floor":4.0,"key":"GhostInAJar"},{"floor":11.0,"key":"Energy Potion"},{"floor":13.0,"key":"Poison Potion"},{"floor":16.0,"key":"EssenceOfSteel"},{"floor":18.0,"key":"Strength Potion"},{"floor":22.0,"key":"Dexterity Potion"}],"is_trial":false,"path_per_floor":["M","M","M","M","?","R","E","R","T","M","M","M","M","M","R","B",null,"M","$","M","M","M","R","?","E","T","M","M"],"character_chosen":"THE_SILENT","items_purchased":["Infinite Blades+1","Vajra"],"campfire_rested":3,"item_purchase_floors":[19,19],"current_hp_per_floor":[67,61,61,55,55,55,22,45,45,45,37,35,35,29,52,11,61,34,34,34,20,16,39,39,39,39,13,0],"gold":99,"neow_bonus":"TWENTY_PERCENT_HP_BONUS","is_prod":false,"is_daily":false,"chose_seed":false,"campfire_upgraded":1,"win_rate":0,"timestamp":1569291299,"path_taken":["M","M","M","M","?","R","E","R","T","M","M","M","M","M","R","BOSS","M","$","M","M","M","R","?","E","T","M","M"],"build_version":"2019-01-23","purchased_purges":0,"victory":false,"max_hp_per_floor":[78,78,78,78,78,78,78,78,78,78,78,78,78,78,78,78,78,78,78,78,78,78,78,78,78,78,78,78],"card_choices":[{"not_picked":["Cloak And Dagger","Backflip"],"picked":"Flechettes","floor":1.0},{"not_picked":["Dagger Throw","Flechettes"],"picked":"Dash","floor":2.0},{"not_picked":["Outmaneuver","Backflip"],"picked":"Poisoned Stab","floor":3.0},{"not_picked":["Backflip","Cloak And Dagger"],"picked":"Leg Sweep","floor":4.0},{"not_picked":["Outmaneuver","Riddle With Holes"],"picked":"Die Die Die","floor":7.0},{"not_picked":["Underhanded Strike","Accuracy+1"],"picked":"Dagger Throw","floor":10.0},{"not_picked":["Outmaneuver","Dagger Throw","Underhanded Strike"],"picked":"SKIP","floor":11.0},{"not_picked":["Reflex","Flying Knee","Accuracy+1"],"picked":"SKIP","floor":12.0},{"not_picked":["Underhanded Strike","Dagger Spray"],"picked":"Slice","floor":13.0},{"not_picked":["Grand Finale","Outmaneuver"],"picked":"Calculated Gamble","floor":14.0},{"not_picked":["Bullet Time","Burst"],"picked":"Wraith Form v2+1","floor":16.0},{"not_picked":["Catalyst+1","PiercingWail"],"picked":"Infinite Blades+1","floor":18.0},{"not_picked":["Tactician","Expertise","Reflex"],"picked":"SKIP","floor":20.0},{"not_picked":["Prepared","Dodge and Roll"],"picked":"Deflect+1","floor":21.0},{"not_picked":["Expertise","Infinite Blades+1"],"picked":"Blade Dance+1","floor":22.0},{"not_picked":["Deflect","Acrobatics"],"picked":"Backstab","floor":25},{"not_picked":["Choke","Acrobatics"],"picked":"Dagger Spray+1","floor":27}],"player_experience":2978540,"relics_obtained":[{"floor":5.0,"key":"Bag of Preparation"},{"floor":7.0,"key":"Kunai"},{"floor":9.0,"key":"Frozen Egg 2"},{"floor":25,"key":"Bottled Lightning"},{"floor":26,"key":"Blue Candle"}],"event_choices":[{"damage_healed":0.0,"max_hp_gain":0.0,"max_hp_loss":0.0,"gold_gain":0.0,"event_name":"Wheel of Change","player_choice":"Relic","floor":5.0,"gold_loss":0.0,"damage_taken":0.0},{"damage_healed":0.0,"max_hp_gain":0.0,"max_hp_loss":0.0,"gold_gain":0.0,"event_name":"Duplicator","player_choice":"Copied","floor":24.0,"gold_loss":0.0,"damage_taken":0.0,"cards_obtained":["Blade Dance"]}],"is_beta":false,"boss_relics":[{"not_picked":["Runic Dome","Coffee Dripper"],"picked":"Fusion Hammer"}],"items_purged_floors":[],"is_endless":false,"potions_floor_spawned":[3,4,11,13,16,18,22],"killed_by":"Snecko","ascension_level":20}