{"gold_per_floor":[128,167,193,57,67,67,13,24,24,124,124,143,155,165,165,262,262,282,295,310,328,328],"floor_reached":22,"playtime":1399,"items_purged":[],"score":182,"play_id":"11eb55fb-fba5-4e3e-9732-72466a920171","local_time":"20191021135752","is_ascension_mode":false,"campfire_choices":[{"data":"Eruption","floor":6,"key":"SMITH"},{"data":"ClearTheMind","floor":11,"key":"SMITH"},{"floor":15,"key":"REST"}],"neow_cost":"NONE","seed_source_timestamp":62939932171514,"circlet_count":0,"master_deck":["Strike_P","Strike_P","Strike_P","Strike_P","Defend_P","Defend_P","Defend_P","Defend_P","Eruption+1","Vigilance","DeceiveReality","LikeWater","BowlingBash","ClearTheMind+1","BattleHymn","BowlingBash","CrushJoints","Indignation","Judgement","Weave","SashWhip","DevaForm","EmptyBody+1","CrushJoints","CrushJoints","Prostrate"],"relics":["HolyWater","MawBank","White Beast Statue"],"potions_floor_usage":[14,16,16,16,21,21,21,22],"damage_taken":[{"damage":3,"enemies":"Cultist","floor":1,"turns":5},{"damage":0,"enemies":"Small Slimes","floor":3,"turns":3},{"damage":0,"enemies":"2 Louse","floor":5,"turns":3},{"damage":3,"enemies":"Blue Slaver","floor":8,"turns":4},{"damage":0,"enemies":"Large Slime","floor":12,"turns":3},{"damage":0,"enemies":"3 Louse","floor":13,"turns":2},{"damage":5,"enemies":"Lots of Slimes","floor":14,"turns":4},{"damage":63,"enemies":"The Guardian","floor":16,"turns":10},{"damage":10,"enemies":"Shell Parasite","floor":18,"turns":5},{"damage":28,"enemies":"3 Byrds","floor":19,"turns":5},{"damage":29,"enemies":"3 Cultists","floor":20,"turns":5},{"damage":0,"enemies":"Snake Plant","floor":21,"turns":2},{"damage":15,"enemies":"Shelled Parasite and Fungi","floor":22,"turns":2}],"seed_played":"5480899719239057022","potions_obtained":[{"floor":3,"key":"Explosive Potion"},{"floor":5,"key":"Energy Potion"},{"floor":12,"key":"EssenceOfSteel"},{"floor":13,"key":"BottledMiracle"},{"floor":14,"key":"LiquidBronze"},{"floor":16,"key":"SteroidPotion"},{"floor":18,"key":"CultistPotion"},{"floor":19,"key":"FearPotion"},{"floor":21,"key":"AttackPotion"}],"is_trial":false,"path_per_floor":["M","T","M","$","M","R","$","M","T","?","R","M","M","M","R","B",null,"M","M","M","M","M"],"character_chosen":"WATCHER","items_purchased":["BowlingBash","ClearTheMind","BattleHymn","CrushJoints"],"campfire_rested":1,"item_purchase_floors":[4,4,4,7],"current_hp_per_floor":[69,69,69,69,69,69,69,66,66,66,66,66,66,61,72,9,72,62,34,5,5,0],"gold":328,"neow_bonus":"RANDOM_COMMON_RELIC","is_prod":false,"is_daily":false,"chose_seed":false,"campfire_upgraded":2,"win_rate":0.0,"timestamp":1571677072,"path_taken":["M","?","M","$","M","R","$","M","T","?","R","M","M","M","R","BOSS","M","M","M","M","M"],"build_version":"2019-10-18","purchased_purges":0,"victory":false,"max_hp_per_floor":[72,72,72,72,72,72,72,72,72,72,72,72,72,72,72,72,72,72,72,72,72,72],"card_choices":[{"not_picked":["FlyingSleeves","Crescendo"],"picked":"DeceiveReality","floor":1},{"not_picked":["PathToVictory","Halt"],"picked":"LikeWater","floor":3},{"not_picked":["JustLucky","Prostrate"],"picked":"BowlingBash","floor":5},{"not_picked":["Evaluate","JustLucky"],"picked":"Indignation","floor":8},{"not_picked":["Fasting2","BowlingBash"],"picked":"Judgement","floor":12},{"not_picked":["Halt","Sanctity"],"picked":"Weave","floor":13},{"not_picked":["Consecrate","Swivel"],"picked":"SashWhip","floor":14},{"not_picked":["Vault","Omniscience"],"picked":"DevaForm","floor":16},{"not_picked":["SpiritShield","Crescendo"],"picked":"EmptyBody+1","floor":18},{"not_picked":["Fasting2","ClearTheMind"],"picked":"CrushJoints","floor":19},{"not_picked":["FlyingSleeves","CutThroughFate+1"],"picked":"CrushJoints","floor":20},{"not_picked":["WreathOfFlame","FlyingSleeves+1"],"picked":"Prostrate","floor":21}],"player_experience":464775,"relics_obtained":[{"floor":9,"key":"White Beast Statue"}],"event_choices":[{"damage_healed":0,"gold_gain":100,"player_choice":"Gold","damage_taken":0,"max_hp_gain":0,"max_hp_loss":0,"event_name":"Wheel of Change","floor":10,"gold_loss":0}],"is_beta":true,"boss_relics":[{"not_picked":["Pandora\u0027s Box","SacredBark"],"picked":"HolyWater"}],"items_purged_floors":[],"is_endless":false,"potions_floor_spawned":[3,5,12,13,14,16,18,19,20,21],"killed_by":"Shelled Parasite and Fungi","ascension_level":0}