{"gold_per_floor":[361,373,448,108,126,161,161,161,161,176,166,166,176,193,193,288,288,307,307,325,36,36,66,76,76,76,105,105,120,131,148,148,148],"floor_reached":33,"playtime":3818,"items_purged":[],"score":296,"play_id":"77778965-54a0-4e4b-826f-3d35db8fc5fd","local_time":"20190923202756","is_ascension_mode":false,"campfire_choices":[{"floor":7,"key":"REST"},{"data":"Mayhem","floor":12,"key":"SMITH"},{"data":"Pommel Strike","floor":15,"key":"SMITH"},{"floor":25,"key":"REST"},{"floor":32,"key":"REST"}],"neow_cost":"PERCENT_DAMAGE","seed_source_timestamp":90630030661500,"circlet_count":0,"master_deck":["Strike_R","Strike_R","Strike_R","Strike_R","Defend_R","Defend_R","Defend_R","Defend_R","Bash","Clash","Warcry","Mayhem+1","Infernal Blade","Bloodletting","Flex","Metallicize","Bash","Anger","Ghostly Armor","Headbutt","Anger","Pommel Strike+1","Feed","Flex","Iron Wave","Dramatic Entrance","Pummel","Inflame","Pommel Strike+1","Armaments","Impervious","Ghostly Armor","Hemokinesis","Thunderclap+1","Shrug It Off","Perfected Strike"],"relics":["Burning Blood","Bronze Scales","Meat on the Bone","Empty Cage","Nilry\u0027s Codex","Omamori","Thread and Needle","Red Mask","Boot"],"potions_floor_usage":[16,23,24,33,33],"damage_taken":[{"damage":6,"enemies":"Jaw Worm","floor":1,"turns":5},{"damage":0,"enemies":"2 Louse","floor":2,"turns":2},{"damage":1,"enemies":"Cultist","floor":5,"turns":3},{"damage":38,"enemies":"3 Sentries","floor":6,"turns":9},{"damage":0,"enemies":"Large Slime","floor":10,"turns":4},{"damage":23,"enemies":"Exordium Thugs","floor":11,"turns":4},{"damage":11,"enemies":"3 Louse","floor":13,"turns":2},{"damage":1,"enemies":"2 Fungi Beasts","floor":14,"turns":3},{"damage":54,"enemies":"The Guardian","floor":16,"turns":8},{"damage":0,"enemies":"Spheric Guardian","floor":18,"turns":3},{"damage":8,"enemies":"3 Byrds","floor":20,"turns":3},{"damage":41,"enemies":"Slavers","floor":23,"turns":4},{"damage":31,"enemies":"Sentry and Sphere","floor":24,"turns":5},{"damage":19,"enemies":"Masked Bandits","floor":27,"turns":4},{"damage":13,"enemies":"Snecko","floor":29,"turns":4},{"damage":9,"enemies":"Snake Plant","floor":30,"turns":3},{"damage":6,"enemies":"Shelled Parasite and Fungi","floor":31,"turns":6},{"damage":95,"enemies":"Champ","floor":33,"turns":9}],"seed_played":"8817965886050381077","potions_obtained":[{"floor":6,"key":"AttackPotion"},{"floor":14,"key":"Explosive Potion"},{"floor":16,"key":"Strength Potion"},{"floor":18,"key":"Fire Potion"},{"floor":24,"key":"SmokeBomb"},{"floor":27,"key":"PowerPotion"},{"floor":31,"key":"Poison Potion"}],"is_trial":false,"path_per_floor":["M","M","?","$","M","E","R","?","T","M","M","R","M","M","R","B",null,"M","?","M","$","?","E","M","R","T","?","?","M","M","M","R","B"],"character_chosen":"IRONCLAD","items_purchased":["Mayhem","Infernal Blade","Bloodletting","Dramatic Entrance","Pummel","Inflame","Pommel Strike","Armaments"],"campfire_rested":3,"item_purchase_floors":[4,4,4,21,21,21,21,21],"current_hp_per_floor":[56,62,51,51,56,24,48,48,48,54,49,49,56,61,61,25,80,80,64,62,62,62,39,26,50,50,49,49,54,51,51,75,0],"gold":148,"neow_bonus":"TWO_FIFTY_GOLD","is_prod":false,"is_daily":false,"chose_seed":false,"campfire_upgraded":2,"win_rate":0.0,"timestamp":1569263276,"path_taken":["M","M","?","$","M","E","R","?","T","M","M","R","M","M","R","BOSS","M","?","M","$","?","E","?","R","T","?","?","M","M","M","R","BOSS"],"build_version":"2019-07-17","purchased_purges":0,"victory":false,"max_hp_per_floor":[80,80,80,80,80,80,80,80,80,80,80,80,80,80,80,80,80,80,80,80,80,80,80,80,80,80,80,80,80,80,80,80,80],"card_choices":[{"not_picked":["Thunderclap","Burning Pact"],"picked":"Clash","floor":1},{"not_picked":["Thunderclap","Clash"],"picked":"Warcry","floor":2},{"not_picked":["Warcry","Blood for Blood"],"picked":"Flex","floor":5},{"not_picked":["Flex","Headbutt"],"picked":"Metallicize","floor":6},{"not_picked":["Clothesline","Corruption"],"picked":"Ghostly Armor","floor":10},{"not_picked":["Second Wind","Body Slam"],"picked":"Headbutt","floor":11},{"not_picked":["Limit Break","Clash"],"picked":"Anger","floor":13},{"not_picked":["Cleave","Bloodletting"],"picked":"Pommel Strike","floor":14},{"not_picked":["Impervious","Limit Break"],"picked":"Feed","floor":16},{"not_picked":["Clash","True Grit"],"picked":"Flex","floor":18},{"not_picked":["Corruption+1","Blood for Blood"],"picked":"Iron Wave","floor":20},{"not_picked":["Clash","Clothesline"],"picked":"Impervious","floor":23},{"not_picked":["Cleave","True Grit"],"picked":"Ghostly Armor","floor":24},{"not_picked":["True Grit","Reckless Charge+1"],"picked":"Hemokinesis","floor":27},{"not_picked":["Cleave+1","Shrug It Off"],"picked":"Thunderclap+1","floor":29},{"not_picked":["True Grit","Brutality"],"picked":"Shrug It Off","floor":30},{"not_picked":["Body Slam","Flex"],"picked":"Perfected Strike","floor":31}],"player_experience":24669,"relics_obtained":[{"floor":6,"key":"Bronze Scales"},{"floor":9,"key":"Meat on the Bone"},{"floor":19,"key":"Nilry\u0027s Codex"},{"floor":23,"key":"Omamori"},{"floor":26,"key":"Thread and Needle"},{"floor":27,"key":"Red Mask"}],"event_choices":[{"damage_healed":0,"gold_gain":75,"player_choice":"Gather Gold","damage_taken":11,"max_hp_gain":0,"max_hp_loss":0,"event_name":"World of Goop","floor":3,"gold_loss":0},{"damage_healed":0,"gold_gain":0,"player_choice":"3 cards matched","damage_taken":0,"max_hp_gain":0,"max_hp_loss":0,"event_name":"Match and Keep!","floor":8,"gold_loss":0,"cards_obtained":["Bash","Clumsy","Anger"]},{"damage_healed":0,"gold_gain":0,"player_choice":"Obtained Book","damage_taken":16,"max_hp_gain":0,"max_hp_loss":0,"event_name":"Cursed Tome","floor":19,"gold_loss":0},{"damage_healed":0,"gold_gain":0,"player_choice":"Upgraded","damage_taken":0,"max_hp_gain":0,"max_hp_loss":0,"event_name":"Upgrade Shrine","floor":22,"gold_loss":0,"cards_upgraded":["Pommel Strike"]},{"damage_healed":0,"gold_gain":0,"player_choice":"Fought Bandits","damage_taken":0,"max_hp_gain":0,"max_hp_loss":0,"event_name":"Masked Bandits","floor":27,"gold_loss":0},{"damage_healed":0,"gold_gain":0,"player_choice":"Stole Relic","damage_taken":0,"relics_obtained":["Boot"],"max_hp_gain":0,"max_hp_loss":0,"event_name":"Addict","floor":28,"gold_loss":0,"cards_obtained":["Shame"]}],"is_beta":false,"boss_relics":[{"not_picked":["Busted Crown","Philosopher\u0027s Stone"],"picked":"Empty Cage"}],"items_purged_floors":[],"is_endless":false,"potions_floor_spawned":[6,14,16,18,24,27,29,31],"killed_by":"Champ","ascension_level":0}