{"gold_per_floor":[118,136,151,169,56,56,84,98,98,98,114,133,133,70,70,144,144,160,176,187,202,213,213,226,226,252,252],"floor_reached":27,"playtime":1596,"items_purged":["Defend_B"],"score":387,"play_id":"a44b5858-0c17-4cbd-b568-a08f861493a2","local_time":"20190309214401","is_ascension_mode":true,"campfire_choices":[{"data":"Genetic Algorithm","floor":6,"key":"SMITH"},{"data":"Dualcast","floor":10,"key":"SMITH"},{"data":"Hologram","floor":13,"key":"SMITH"},{"floor":15,"key":"REST"},{"data":"Capacitor","floor":23,"key":"SMITH"},{"data":"Go for the Eyes","floor":25,"key":"SMITH"}],"neow_cost":"NONE","seed_source_timestamp":1191066936114704,"circlet_count":0,"master_deck":["AscendersBane","Strike_B","Strike_B","Strike_B","Strike_B","Defend_B","Defend_B","Defend_B","Zap","Dualcast+1","Conserve Battery","Genetic Algorithm+1","Ball Lightning","Electrodynamics","Reinforced Body","Doom and Gloom","Stack","Hologram+1","BootSequence","Glacier","Echo Form","Go for the Eyes+1","Lockon","BootSequence","Capacitor+1","Compile Driver","Redo+1"],"relics":["Cracked Core","Dream Catcher","PreservedInsect","Question Card","Nuclear Battery","Smiling Mask"],"potions_floor_usage":[7,7,16,19,20],"damage_taken":[{"damage":7,"enemies":"Small Slimes","floor":1,"turns":3},{"damage":1,"enemies":"2 Louse","floor":2,"turns":3},{"damage":6,"enemies":"Jaw Worm","floor":3,"turns":4},{"damage":8,"enemies":"Red Slaver","floor":4,"turns":4},{"damage":21,"enemies":"Gremlin Nob","floor":7,"turns":5},{"damage":0,"enemies":"Large Slime","floor":8,"turns":4},{"damage":0,"enemies":"Gremlin Gang","floor":11,"turns":1},{"damage":0,"enemies":"2 Fungi Beasts","floor":12,"turns":2},{"damage":11,"enemies":"The Guardian","floor":16,"turns":16},{"damage":11,"enemies":"Spheric Guardian","floor":18,"turns":5},{"damage":0,"enemies":"Chosen","floor":19,"turns":3},{"damage":3,"enemies":"Snake Plant","floor":20,"turns":9},{"damage":0,"enemies":"3 Cultists","floor":21,"turns":2},{"damage":14,"enemies":"Snecko","floor":22,"turns":6},{"damage":0,"enemies":"Chosen and Byrds","floor":24,"turns":5},{"damage":38,"enemies":"Slavers","floor":27,"turns":3}],"seed_played":"-4059085735417058306","potions_obtained":[{"floor":3,"key":"SpeedPotion"},{"floor":4,"key":"SkillPotion"},{"floor":8,"key":"SkillPotion"},{"floor":18,"key":"EntropicBrew"},{"floor":20,"key":"Ancient Potion"}],"is_trial":false,"path_per_floor":["M","M","M","M","$","R","E","M","T","R","M","M","R","?","R","B",null,"M","M","M","M","M","R","M","R","T","E"],"character_chosen":"DEFECT","items_purchased":["Reinforced Body"],"campfire_rested":1,"item_purchase_floors":[5],"current_hp_per_floor":[57,56,50,42,42,42,21,21,21,21,21,21,21,21,42,31,61,50,50,47,47,33,33,33,33,33,0],"gold":252,"neow_bonus":"RANDOM_COMMON_RELIC","is_prod":false,"is_daily":false,"chose_seed":false,"campfire_upgraded":5,"win_rate":0,"timestamp":1552185841,"path_taken":["M","M","M","M","$","R","E","M","T","R","M","M","R","?","R","BOSS","M","M","M","M","M","R","M","R","T","E"],"build_version":"2019-01-23","purchased_purges":1,"victory":false,"max_hp_per_floor":[71,71,71,71,71,71,71,71,71,71,71,71,71,71,71,71,71,71,71,71,71,71,71,71,71,71,71],"card_choices":[{"not_picked":["Barrage","Blizzard"],"picked":"Conserve Battery","floor":1},{"not_picked":["Coolheaded","White Noise"],"picked":"Genetic Algorithm","floor":2},{"not_picked":["Reinforced Body","Cold Snap"],"picked":"Ball Lightning","floor":3},{"not_picked":["Aggregate","Conserve Battery"],"picked":"Electrodynamics","floor":4},{"not_picked":["Rebound","Redo"],"picked":"Doom and Gloom","floor":7},{"not_picked":["Barrage","Leap"],"picked":"Stack","floor":8},{"not_picked":["Stack","Leap","Redo"],"picked":"Hologram","floor":11},{"not_picked":["Scrape","Barrage","Melter"],"picked":"BootSequence","floor":12},{"not_picked":["Capacitor","Redo","Undo"],"picked":"Glacier","floor":15},{"not_picked":["Hyperbeam","Buffer","Seek"],"picked":"Echo Form","floor":16},{"not_picked":["Coolheaded","Doom and Gloom","Beam Cell"],"picked":"Go for the Eyes","floor":18},{"not_picked":["Blizzard","Fusion","Stack"],"picked":"Lockon","floor":19},{"not_picked":["Undo+1","Leap","BootSequence","Stack"],"picked":"SKIP","floor":20},{"not_picked":["Undo+1","Leap","Stack"],"picked":"BootSequence","floor":20},{"not_picked":["Beam Cell","Compile Driver","Go for the Eyes"],"picked":"Capacitor","floor":21},{"not_picked":["Ball Lightning","Cold Snap","Force Field"],"picked":"Compile Driver","floor":22},{"not_picked":["Go for the Eyes","Conserve Battery","Glacier"],"picked":"Redo+1","floor":24}],"player_experience":2358236,"relics_obtained":[{"floor":7,"key":"PreservedInsect"},{"floor":9,"key":"Question Card"},{"floor":26,"key":"Smiling Mask"}],"event_choices":[{"damage_healed":0,"gold_gain":0,"player_choice":"Left Gold","damage_taken":0,"max_hp_gain":0,"max_hp_loss":0,"event_name":"World of Goop","floor":14,"gold_loss":63}],"is_beta":false,"boss_relics":[{"not_picked":["Velvet Choker","Eternal Feather"],"picked":"Nuclear Battery"}],"items_purged_floors":[5],"is_endless":false,"potions_floor_spawned":[3,4,8,18,20,22],"killed_by":"Slavers","ascension_level":15}