{"gold_per_floor":[112,127,142,153,163,163,194,155,181,199,230,230,4,30,30,107,107,123,48,67,117,117,117],"floor_reached":23,"playtime":1624,"items_purged":[],"score":422,"play_id":"9722348c-c891-490b-8b02-78b0b1ff5326","local_time":"20190822193834","is_ascension_mode":true,"campfire_choices":[{"data":"Uppercut","floor":6.0,"key":"SMITH"},{"floor":12.0,"key":"REST"},{"floor":15.0,"key":"REST"}],"neow_cost":"NONE","seed_source_timestamp":720162133408845,"circlet_count":0,"master_deck":["AscendersBane","Strike_R","Strike_R+1","Strike_R","Strike_R+1","Defend_R","Defend_R","Defend_R","Defend_R","Bash","Cleave","Uppercut+1","Iron Wave","Pommel Strike","Ghostly Armor","Intimidate","Clothesline","Combust","Seeing Red","Bludgeon","Armaments"],"special_seed":0,"relics":["Burning Blood","Whetstone","WingedGreaves","Happy Flower","Pen Nib","ClockworkSouvenir","Ancient Tea Set","Velvet Choker"],"potions_floor_usage":[20],"damage_taken":[{"damage":4.0,"enemies":"Small Slimes","floor":1.0,"turns":4.0},{"damage":4.0,"enemies":"2 Louse","floor":2.0,"turns":2.0},{"damage":2.0,"enemies":"Jaw Worm","floor":3.0,"turns":3.0},{"damage":11.0,"enemies":"Large Slime","floor":4.0,"turns":5.0},{"damage":13.0,"enemies":"3 Louse","floor":5.0,"turns":4.0},{"damage":18.0,"enemies":"Lagavulin","floor":7.0,"turns":7.0},{"damage":2.0,"enemies":"2 Fungi Beasts","floor":10.0,"turns":4.0},{"damage":26.0,"enemies":"3 Sentries","floor":11.0,"turns":7.0},{"damage":35.0,"enemies":"Lagavulin","floor":14.0,"turns":7.0},{"damage":49.0,"enemies":"Slime Boss","floor":16.0,"turns":11.0},{"damage":20,"enemies":"Spheric Guardian","floor":18,"turns":4},{"damage":19,"enemies":"2 Thieves","floor":20,"turns":3},{"damage":37,"enemies":"Slavers","floor":23,"turns":3}],"seed_played":"6583336979825138887","potions_obtained":[{"floor":2.0,"key":"EssenceOfSteel"},{"floor":4.0,"key":"SkillPotion"},{"floor":7.0,"key":"SpeedPotion"},{"floor":10.0,"key":"AttackPotion"},{"floor":18,"key":"Explosive Potion"}],"is_trial":false,"path_per_floor":["M","M","M","M","M","R","E","?","T","M","E","R","$","E","R","B",null,"M","?","M","?","?","E"],"character_chosen":"IRONCLAD","items_purchased":["ClockworkSouvenir"],"campfire_rested":2,"item_purchase_floors":[13],"current_hp_per_floor":[70,72,75,70,63,63,51,51,51,55,35,57,57,28,50,7,58,44,44,31,31,31,0],"gold":117,"neow_bonus":"RANDOM_COMMON_RELIC","is_prod":false,"is_daily":false,"chose_seed":false,"campfire_upgraded":1,"win_rate":0,"timestamp":1566517114,"path_taken":["M","M","M","M","M","R","E","?","T","M","E","R","$","E","R","BOSS","M","?","M","?","?","E"],"build_version":"2019-01-23","purchased_purges":0,"victory":false,"max_hp_per_floor":[75,75,75,75,75,75,75,75,75,75,75,75,75,75,75,75,75,75,75,75,75,75,75],"card_choices":[{"not_picked":["Twin Strike","Body Slam"],"picked":"Cleave","floor":1.0},{"not_picked":["Entrench","Sever Soul"],"picked":"Uppercut","floor":2.0},{"not_picked":["Reckless Charge","Whirlwind"],"picked":"Iron Wave","floor":3.0},{"not_picked":["Entrench","Clash"],"picked":"Pommel Strike","floor":4.0},{"not_picked":["Rupture","Clothesline"],"picked":"Ghostly Armor","floor":5.0},{"not_picked":["Searing Blow","Cleave"],"picked":"Intimidate","floor":7.0},{"not_picked":["Wild Strike","Rupture"],"picked":"Clothesline","floor":10.0},{"not_picked":["Infernal Blade","Feed"],"picked":"Combust","floor":11.0},{"not_picked":["Clothesline","Body Slam"],"picked":"Seeing Red","floor":14.0},{"not_picked":["Limit Break","Juggernaut"],"picked":"Bludgeon","floor":16.0},{"not_picked":["Warcry","Body Slam","Flex"],"picked":"SKIP","floor":18},{"not_picked":["Warcry","Uppercut"],"picked":"Armaments","floor":20}],"player_experience":2832238,"relics_obtained":[{"floor":7.0,"key":"WingedGreaves"},{"floor":9.0,"key":"Happy Flower"},{"floor":11.0,"key":"Pen Nib"},{"floor":14.0,"key":"Ancient Tea Set"}],"event_choices":[{"damage_healed":0.0,"max_hp_gain":0.0,"max_hp_loss":0.0,"gold_gain":0.0,"event_name":"World of Goop","player_choice":"Left Gold","floor":8.0,"gold_loss":39.0,"damage_taken":0.0},{"cards_removed":["Strike_R"],"damage_healed":0,"gold_gain":0,"player_choice":"Gave Gold","damage_taken":0,"max_hp_gain":0,"max_hp_loss":0,"event_name":"Beggar","floor":19,"gold_loss":75},{"damage_healed":0,"gold_gain":50,"player_choice":"Stole From Cult","damage_taken":0,"max_hp_gain":0,"max_hp_loss":0,"event_name":"Nest","floor":21,"gold_loss":0},{"damage_healed":0,"gold_gain":0,"player_choice":"Ignored","damage_taken":0,"max_hp_gain":0,"max_hp_loss":0,"event_name":"Ghosts","floor":22,"gold_loss":0}],"is_beta":false,"boss_relics":[{"not_picked":["Fusion Hammer","Runic Pyramid"],"picked":"Velvet Choker"}],"items_purged_floors":[],"is_endless":false,"potions_floor_spawned":[2,4,5,7,10,18],"killed_by":"Slavers","ascension_level":20}