{"gold_per_floor":[109,129,129,4,20,54,54,89,89,89,99,13,13,31,31,107,107,125,139,151,170,190,190,190],"floor_reached":24,"playtime":1525,"items_purged":["Clumsy"],"score":378,"play_id":"89a5f96d-6463-4118-9afd-c3115216b818","local_time":"20190304202200","is_ascension_mode":true,"campfire_choices":[{"floor":7.0,"key":"REST"},{"data":"Neutralize","floor":10.0,"key":"SMITH"},{"data":"Sucker Punch","floor":13.0,"key":"SMITH"},{"data":"Bouncing Flask","floor":15.0,"key":"SMITH"},{"floor":23,"key":"REST"}],"neow_cost":"CURSE","seed_source_timestamp":1116311168335774,"circlet_count":0,"master_deck":["AscendersBane","Defend_G","Defend_G","Defend_G","Defend_G","Defend_G","Strike_G","Strike_G","Strike_G","Strike_G","Strike_G","Survivor","Neutralize+1","Riddle With Holes","Poisoned Stab","Sucker Punch+1","Footwork","Bouncing Flask+1","After Image","Terror","Blur","Envenom","Dagger Spray","Deadly Poison","Dodge and Roll","Backflip+1","Burst"],"special_seed":0,"relics":["Ring of the Snake","Unceasing Top","Pantograph","Kunai","Art of War","Bottled Flame","Lizard Tail"],"potions_floor_usage":[21,24],"damage_taken":[{"damage":1.0,"enemies":"Cultist","floor":1.0,"turns":4.0},{"damage":2.0,"enemies":"Jaw Worm","floor":2.0,"turns":6.0},{"damage":4.0,"enemies":"Small Slimes","floor":5.0,"turns":4.0},{"damage":24.0,"enemies":"Lagavulin","floor":6.0,"turns":6.0},{"damage":6.0,"enemies":"Gremlin Nob","floor":8.0,"turns":5.0},{"damage":7.0,"enemies":"Exordium Wildlife","floor":11.0,"turns":4.0},{"damage":1.0,"enemies":"Blue Slaver","floor":14.0,"turns":4.0},{"damage":4.0,"enemies":"Hexaghost","floor":16.0,"turns":9.0},{"damage":8.0,"enemies":"Shell Parasite","floor":18.0,"turns":7.0},{"damage":25.0,"enemies":"3 Byrds","floor":19.0,"turns":6.0},{"damage":10.0,"enemies":"Snake Plant","floor":20.0,"turns":5.0},{"damage":5,"enemies":"Snecko","floor":21,"turns":3},{"damage":43,"enemies":"Sentry and Sphere","floor":22,"turns":10},{"damage":33,"enemies":"Book of Stabbing","floor":24,"turns":6}],"seed_played":"8927173979990448523","potions_obtained":[{"floor":5.0,"key":"Poison Potion"},{"floor":6.0,"key":"Block Potion"},{"floor":8.0,"key":"Swift Potion"},{"floor":11.0,"key":"EssenceOfSteel"},{"floor":16.0,"key":"SteroidPotion"},{"floor":19.0,"key":"FearPotion"},{"floor":22,"key":"Block Potion"}],"is_trial":false,"path_per_floor":["M","M","?","$","M","E","R","E","T","R","M","$","R","M","R","B",null,"M","M","M","M","M","R","E"],"character_chosen":"THE_SILENT","items_purchased":["Poisoned Stab","Terror"],"campfire_rested":2,"item_purchase_floors":[4,12],"current_hp_per_floor":[58,56,56,56,52,28,47,41,41,41,34,34,34,33,33,54,63,55,30,20,15,8,27,0],"gold":190,"neow_bonus":"ONE_RARE_RELIC","is_prod":false,"is_daily":false,"chose_seed":false,"campfire_upgraded":3,"win_rate":0,"timestamp":1551748920,"path_taken":["M","?","?","$","M","E","R","E","T","R","?","$","R","M","R","BOSS","M","M","M","M","M","R","E"],"build_version":"2019-01-23","purchased_purges":1,"victory":false,"max_hp_per_floor":[66,66,66,66,66,66,66,66,66,66,66,66,66,66,66,66,66,66,66,66,66,66,66,66],"card_choices":[{"not_picked":["Blade Dance","Outmaneuver"],"picked":"Riddle With Holes","floor":1.0},{"not_picked":["Escape Plan","Flying Knee"],"picked":"Deflect","floor":2.0},{"not_picked":["Acrobatics","Blur"],"picked":"Sucker Punch","floor":5.0},{"not_picked":["Cloak And Dagger","Underhanded Strike"],"picked":"Footwork","floor":6.0},{"not_picked":["Blade Dance","Catalyst"],"picked":"Bouncing Flask","floor":8.0},{"not_picked":["Underhanded Strike","Cloak And Dagger"],"picked":"After Image","floor":11.0},{"not_picked":["Blade Dance","Backflip"],"picked":"Blur","floor":14.0},{"not_picked":["A Thousand Cuts","Doppelganger"],"picked":"Envenom","floor":16.0},{"not_picked":["Dagger Throw","Outmaneuver"],"picked":"Dagger Spray","floor":18.0},{"not_picked":["Blade Dance","Sucker Punch"],"picked":"Deadly Poison","floor":19.0},{"not_picked":["Flechettes","Poisoned Stab"],"picked":"Dodge and Roll","floor":20.0},{"not_picked":["All Out Attack","Prepared"],"picked":"Backflip+1","floor":21},{"not_picked":["Blade Dance","Concentrate"],"picked":"Burst","floor":22}],"player_experience":2340971,"relics_obtained":[{"floor":6.0,"key":"Kunai"},{"floor":8.0,"key":"Art of War"},{"floor":9.0,"key":"Bottled Flame"}],"event_choices":[{"cards_removed":["Deflect"],"damage_healed":0.0,"max_hp_gain":0.0,"max_hp_loss":0.0,"gold_gain":0.0,"event_name":"WeMeetAgain","player_choice":"Gave Card","floor":3.0,"gold_loss":0.0,"damage_taken":0.0,"relics_obtained":["Pantograph"]}],"is_beta":false,"boss_relics":[{"not_picked":["Busted Crown","Coffee Dripper"],"picked":"Lizard Tail"}],"items_purged_floors":[4],"is_endless":false,"potions_floor_spawned":[5,6,8,11,16,19,22],"killed_by":"Book of Stabbing","ascension_level":16}