{"gold_per_floor":[15,34,53,69,81,138,138,156,179,179,195,195,195,213,213,213],"floor_reached":16,"playtime":1294,"items_purged":[],"score":191,"play_id":"02fd0fed-692c-4ce4-a0e4-7353263c2a49","local_time":"20190314172324","is_ascension_mode":true,"campfire_choices":[{"floor":7.0,"key":"REST"},{"data":"Neutralize","floor":10.0,"key":"SMITH"},{"data":"Burst","floor":12.0,"key":"SMITH"},{"floor":15,"key":"REST"}],"neow_cost":"NO_GOLD","seed_source_timestamp":1425778195482288,"circlet_count":0,"master_deck":["AscendersBane","Defend_G","Defend_G","Defend_G","Defend_G","Defend_G","Strike_G","Strike_G","Strike_G","Strike_G","Strike_G","Survivor","Neutralize+1","Poisoned Stab","Quick Slash","Blur","Bouncing Flask","Bane","Burst+1","Flying Knee","Poisoned Stab","Flying Knee"],"special_seed":0,"relics":["Ring of the Snake","Tiny Chest","Smiling Mask"],"potions_floor_usage":[14],"damage_taken":[{"damage":2.0,"enemies":"Cultist","floor":1.0,"turns":5.0},{"damage":0.0,"enemies":"2 Louse","floor":2.0,"turns":4.0},{"damage":2.0,"enemies":"Jaw Worm","floor":3.0,"turns":4.0},{"damage":1.0,"enemies":"Looter","floor":4.0,"turns":4.0},{"damage":5.0,"enemies":"Red Slaver","floor":5.0,"turns":4.0},{"damage":41.0,"enemies":"3 Sentries","floor":6.0,"turns":14.0},{"damage":19.0,"enemies":"Large Slime","floor":8.0,"turns":6.0},{"damage":0.0,"enemies":"2 Fungi Beasts","floor":11.0,"turns":4.0},{"damage":7,"enemies":"Exordium Thugs","floor":14,"turns":5},{"damage":40,"enemies":"Hexaghost","floor":16,"turns":10}],"seed_played":"-8188064167456700933","potions_obtained":[{"floor":4.0,"key":"GamblersBrew"},{"floor":5.0,"key":"Weak Potion"},{"floor":8.0,"key":"Explosive Potion"},{"floor":14,"key":"Explosive Potion"}],"is_trial":false,"path_per_floor":["M","M","M","M","M","E","R","M","T","R","M","R","?","M","R","B"],"character_chosen":"THE_SILENT","items_purchased":[],"campfire_rested":2,"item_purchase_floors":[],"current_hp_per_floor":[69,69,67,66,61,20,43,24,24,24,24,24,24,17,40,0],"gold":213,"neow_bonus":"TWENTY_PERCENT_HP_BONUS","is_prod":false,"is_daily":false,"chose_seed":false,"campfire_upgraded":2,"win_rate":0,"timestamp":1552598604,"path_taken":["M","M","M","M","M","E","R","M","T","R","?","R","?","M","R","BOSS"],"build_version":"2019-01-23","purchased_purges":0,"victory":false,"max_hp_per_floor":[78,78,78,78,78,78,78,78,78,78,78,78,78,78,78,78],"card_choices":[{"not_picked":["Bane","Slice"],"picked":"Poisoned Stab","floor":1.0},{"not_picked":["Dagger Throw","Dash"],"picked":"Quick Slash","floor":2.0},{"not_picked":["Outmaneuver","Calculated Gamble"],"picked":"Blur","floor":3.0},{"not_picked":["Cloak And Dagger","Accuracy"],"picked":"Bouncing Flask","floor":4.0},{"not_picked":["Sucker Punch","Eviscerate"],"picked":"Bane","floor":5.0},{"not_picked":["Dodge and Roll","Poisoned Stab"],"picked":"Burst","floor":6.0},{"not_picked":["Underhanded Strike","Backflip"],"picked":"Flying Knee","floor":8.0},{"not_picked":["Deflect","Backflip"],"picked":"Poisoned Stab","floor":11.0},{"not_picked":["Tactician","Choke"],"picked":"Flying Knee","floor":14}],"player_experience":2372132,"relics_obtained":[{"floor":6.0,"key":"Tiny Chest"},{"floor":9.0,"key":"Smiling Mask"}],"event_choices":[{"damage_healed":0.0,"max_hp_gain":0.0,"max_hp_loss":0.0,"gold_gain":0.0,"event_name":"Liars Game","player_choice":"Ignored","floor":13.0,"gold_loss":0.0,"damage_taken":0.0}],"is_beta":false,"boss_relics":[],"items_purged_floors":[],"is_endless":false,"potions_floor_spawned":[4,5,8,14],"killed_by":"Hexaghost","ascension_level":16}