{"gold_per_floor":[111,91,105,105,121,153,153,171,171,14,26,26,26,57,57,129,129,141,155,155,155,16,16,51,51,51,83,28,39,39,57,57,135,135,148,166,179,104,104,104,74,100,100,120,120,137,147,182,182,182],"floor_reached":50,"playtime":4247,"items_purged":["Strike_G+1"],"score":1089,"play_id":"9457b298-c663-45d1-a2de-4bb0c51c4048","local_time":"20191008150157","is_ascension_mode":true,"campfire_choices":[{"floor":7.0,"key":"REST"},{"floor":13.0,"key":"REST"},{"floor":15.0,"key":"REST"},{"data":"Bouncing Flask","floor":23.0,"key":"SMITH"},{"floor":25.0,"key":"REST"},{"floor":32.0,"key":"REST"},{"data":"Neutralize","floor":40.0,"key":"SMITH"},{"floor":45.0,"key":"REST"},{"floor":49,"key":"REST"}],"neow_cost":"NONE","seed_source_timestamp":1722138549440366,"circlet_count":0,"master_deck":["AscendersBane","Defend_G+1","Defend_G+1","Defend_G+1","Defend_G+1","Defend_G+1","Survivor","Neutralize+1","Backstab","Poisoned Stab","Deadly Poison","Deadly Poison","Escape Plan","Noxious Fumes","Bane","Backflip","Poisoned Stab","Dagger Spray","Corpse Explosion","Deadly Poison","Deflect","Bouncing Flask+1","Deflect","PiercingWail","Well Laid Plans+1","PiercingWail","Deflect","Noxious Fumes","Adrenaline","Footwork+1","Crippling Poison","PiercingWail","Venomology","Backflip+1","Terror","Escape Plan","Infinite Blades+1"],"special_seed":0,"relics":["Ring of the Snake","NeowsBlessing","Ancient Tea Set","Ornamental Fan","Ninja Scroll","Empty Cage","MutagenicStrength","Sundial","Kunai","Red Mask","Lizard Tail","Snake Skull","Letter Opener","Pantograph"],"potions_floor_usage":[47,47,47,48,50,50],"damage_taken":[{"damage":0.0,"enemies":"Small Slimes","floor":1.0,"turns":1.0},{"damage":0.0,"enemies":"Cultist","floor":3.0,"turns":1.0},{"damage":0.0,"enemies":"Jaw Worm","floor":5.0,"turns":1.0},{"damage":42.0,"enemies":"3 Sentries","floor":6.0,"turns":12.0},{"damage":3.0,"enemies":"Blue Slaver","floor":8.0,"turns":3.0},{"damage":10.0,"enemies":"Exordium Wildlife","floor":11.0,"turns":4.0},{"damage":17.0,"enemies":"Lagavulin","floor":14.0,"turns":5.0},{"damage":25.0,"enemies":"Hexaghost","floor":16.0,"turns":9.0},{"damage":2.0,"enemies":"Chosen","floor":18.0,"turns":4.0},{"damage":2.0,"enemies":"3 Byrds","floor":19.0,"turns":5.0},{"damage":39.0,"enemies":"Book of Stabbing","floor":24.0,"turns":5.0},{"damage":0.0,"enemies":"Masked Bandits","floor":27.0,"turns":2.0},{"damage":9.0,"enemies":"Sentry and Sphere","floor":29.0,"turns":4.0},{"damage":14.0,"enemies":"3 Cultists","floor":30.0,"turns":4.0},{"damage":3.0,"enemies":"Snake Plant","floor":31.0,"turns":4.0},{"damage":78.0,"enemies":"Automaton","floor":33.0,"turns":10.0},{"damage":2.0,"enemies":"Orb Walker","floor":35.0,"turns":4.0},{"damage":0.0,"enemies":"3 Shapes","floor":36.0,"turns":5.0},{"damage":1.0,"enemies":"Jaw Worm Horde","floor":37.0,"turns":2.0},{"damage":21.0,"enemies":"Nemesis","floor":42.0,"turns":9.0},{"damage":2.0,"enemies":"4 Shapes","floor":44.0,"turns":5.0},{"damage":15.0,"enemies":"Maw","floor":46.0,"turns":8.0},{"damage":13,"enemies":"Jaw Worm Horde","floor":47,"turns":6},{"damage":45,"enemies":"Reptomancer","floor":48,"turns":6},{"damage":60,"enemies":"Awakened One","floor":50,"turns":10}],"seed_played":"-5046031215636278625","potions_obtained":[{"floor":1.0,"key":"SkillPotion"},{"floor":2.0,"key":"GhostInAJar"},{"floor":5.0,"key":"Ancient Potion"},{"floor":14.0,"key":"Weak Potion"},{"floor":16.0,"key":"PowerPotion"},{"floor":18.0,"key":"FairyPotion"},{"floor":27.0,"key":"SmokeBomb"},{"floor":31.0,"key":"SkillPotion"},{"floor":33.0,"key":"Block Potion"},{"floor":35.0,"key":"Energy Potion"},{"floor":42.0,"key":"Ancient Potion"},{"floor":44.0,"key":"FearPotion"},{"floor":47,"key":"Fire Potion"},{"floor":48,"key":"GhostInAJar"}],"is_trial":false,"path_per_floor":["M","?","M","?","M","E","R","M","T","$","M","$","R","E","R","B",null,"M","M","?","?","$","R","E","R","T","?","$","M","M","M","R","B",null,"M","M","M","$","?","R","$","E","T","M","R","M","M","E","R","B"],"character_chosen":"THE_SILENT","items_purchased":["Noxious Fumes","Bane","Backflip","Bouncing Flask","Deflect","PiercingWail","PiercingWail"],"campfire_rested":7,"item_purchase_floors":[10,10,10,22,22,28,41],"current_hp_per_floor":[59,59,59,52,52,10,29,26,26,26,16,16,35,18,37,12,53,51,49,49,49,49,49,10,29,29,29,29,20,6,3,22,6,51,49,49,48,48,48,48,48,27,27,25,44,29,16,15,34,0],"gold":182,"neow_bonus":"THREE_ENEMY_KILL","is_prod":false,"is_daily":false,"chose_seed":false,"campfire_upgraded":2,"win_rate":0,"timestamp":1570561317,"path_taken":["M","?","?","?","M","E","R","M","T","$","M","?","R","E","R","BOSS","M","M","?","?","$","R","E","R","T","?","?","?","M","M","R","BOSS","M","M","M","$","?","R","$","E","T","M","R","M","M","E","R","BOSS"],"build_version":"2019-01-23","purchased_purges":1,"victory":false,"max_hp_per_floor":[66,66,66,66,66,66,66,66,66,66,66,66,66,66,66,66,66,66,66,66,66,66,66,66,66,66,66,66,66,66,66,66,66,66,66,66,66,66,66,66,66,66,66,66,66,66,66,66,66,66],"card_choices":[{"not_picked":["Backflip","Acrobatics"],"picked":"Backstab","floor":1.0},{"not_picked":["Flying Knee","Bane"],"picked":"Poisoned Stab","floor":3.0},{"not_picked":["Cloak And Dagger","Outmaneuver"],"picked":"Deadly Poison","floor":5.0},{"not_picked":["Caltrops","Cloak And Dagger"],"picked":"Deadly Poison","floor":6.0},{"not_picked":["Phantasmal Killer","Acrobatics"],"picked":"Escape Plan","floor":8.0},{"not_picked":["Dagger Spray","Prepared"],"picked":"Poisoned Stab","floor":11.0},{"not_picked":["Flechettes","Outmaneuver"],"picked":"Dagger Spray","floor":14.0},{"not_picked":["Malaise","Grand Finale"],"picked":"Corpse Explosion","floor":16.0},{"not_picked":["Slice","Dash"],"picked":"Deadly Poison","floor":18.0},{"not_picked":["Setup","Endless Agony"],"picked":"Deflect","floor":19.0},{"not_picked":["Expertise","Quick Slash"],"picked":"PiercingWail","floor":24.0},{"not_picked":["Underhanded Strike","Sucker Punch"],"picked":"Well Laid Plans+1","floor":27.0},{"not_picked":["Dagger Throw","Deadly Poison"],"picked":"Deflect","floor":29.0},{"not_picked":["Setup","Backflip"],"picked":"Noxious Fumes","floor":31.0},{"not_picked":["Phantasmal Killer","Glass Knife"],"picked":"Adrenaline","floor":33.0},{"not_picked":["PiercingWail+1","Sucker Punch"],"picked":"Footwork+1","floor":35.0},{"not_picked":["Poisoned Stab","Flying Knee","Skewer"],"picked":"SKIP","floor":36.0},{"not_picked":["Slice","Acrobatics"],"picked":"Crippling Poison","floor":37.0},{"not_picked":["Tactician","Acrobatics"],"picked":"Venomology","floor":42.0},{"not_picked":["Deadly Poison","Distraction"],"picked":"Backflip+1","floor":44.0},{"not_picked":["Acrobatics","Slice"],"picked":"Terror","floor":46.0},{"not_picked":["Masterful Stab","Flying Knee"],"picked":"Escape Plan","floor":47},{"not_picked":["Calculated Gamble+1","Flying Knee"],"picked":"Infinite Blades+1","floor":48}],"player_experience":3018644,"relics_obtained":[{"floor":6.0,"key":"Ancient Tea Set"},{"floor":9.0,"key":"Ornamental Fan"},{"floor":14.0,"key":"Ninja Scroll"},{"floor":24.0,"key":"Sundial"},{"floor":26.0,"key":"Kunai"},{"floor":27.0,"key":"Red Mask"},{"floor":42.0,"key":"Snake Skull"},{"floor":43.0,"key":"Letter Opener"},{"floor":48,"key":"Pantograph"}],"event_choices":[{"damage_healed":0.0,"max_hp_gain":0.0,"max_hp_loss":0.0,"gold_gain":0.0,"event_name":"The Woman in Blue","player_choice":"Bought 1 Potion","floor":2.0,"gold_loss":0.0,"damage_taken":0.0},{"cards_removed":["Strike_G"],"damage_healed":0.0,"max_hp_gain":0.0,"max_hp_loss":0.0,"gold_gain":0.0,"event_name":"Golden Wing","player_choice":"Card Removal","floor":4.0,"gold_loss":0.0,"damage_taken":7.0},{"damage_healed":0.0,"max_hp_gain":0.0,"max_hp_loss":0.0,"gold_gain":0.0,"event_name":"Drug Dealer","player_choice":"Inject Mutagens","floor":20.0,"gold_loss":0.0,"damage_taken":0.0,"relics_obtained":["MutagenicStrength"]},{"damage_healed":0.0,"max_hp_gain":0.0,"max_hp_loss":0.0,"gold_gain":0.0,"event_name":"Back to Basics","player_choice":"Simplicity","floor":21.0,"gold_loss":0.0,"damage_taken":0.0,"cards_upgraded":["Defend_G","Defend_G","Defend_G","Defend_G","Defend_G","Strike_G","Strike_G"]},{"damage_healed":0.0,"max_hp_gain":0.0,"max_hp_loss":0.0,"gold_gain":0.0,"event_name":"Masked Bandits","player_choice":"Fought Bandits","floor":27.0,"gold_loss":0.0,"damage_taken":0.0},{"cards_removed":["Strike_G"],"damage_healed":0.0,"max_hp_gain":0.0,"max_hp_loss":0.0,"gold_gain":0.0,"event_name":"Purifier","player_choice":"Purged","floor":39.0,"gold_loss":0.0,"damage_taken":0.0}],"is_beta":false,"boss_relics":[{"not_picked":["Runic Pyramid","Philosopher\u0027s Stone"],"picked":"Empty Cage"},{"not_picked":["Calling Bell","Tiny House"],"picked":"Lizard Tail"}],"items_purged_floors":[38],"is_endless":false,"potions_floor_spawned":[1,5,14,16,18,27,31,33,35,42,44,46,47,48],"killed_by":"Awakened One","ascension_level":20}