{"gold_per_floor":[110,127,137,156,156,156,181,181,208,22,42,71,71,91,91,162,162,173,13,13,29,29],"floor_reached":22,"playtime":1957,"items_purged":[],"score":392,"play_id":"0e7c90bd-1fcb-4810-8561-91743709f847","local_time":"20191021205240","is_ascension_mode":true,"campfire_choices":[{"data":"Bouncing Flask","floor":6.0,"key":"SMITH"},{"floor":8.0,"key":"REST"},{"data":"Riddle With Holes","floor":13.0,"key":"SMITH"},{"floor":15,"key":"REST"}],"neow_cost":"NONE","seed_source_timestamp":2090060443023654,"circlet_count":0,"master_deck":["AscendersBane","Defend_G","Defend_G","Defend_G","Defend_G","Defend_G","Strike_G","Strike_G","Strike_G","Strike_G","Survivor","Neutralize+1","Terror","Poisoned Stab","Bouncing Flask+1","Quick Slash","Riddle With Holes+1","Cloak And Dagger","Poisoned Stab","Escape Plan","Dagger Spray","Dodge and Roll","Burst","Catalyst","Malaise","Decay","Leg Sweep"],"special_seed":0,"relics":["Ring of the Snake","Strawberry","Dream Catcher","PreservedInsect","Bag of Preparation","Black Star"],"potions_floor_usage":[16,18,22],"damage_taken":[{"damage":2.0,"enemies":"Small Slimes","floor":1.0,"turns":5.0},{"damage":0.0,"enemies":"Cultist","floor":2.0,"turns":4.0},{"damage":3.0,"enemies":"2 Louse","floor":3.0,"turns":3.0},{"damage":8.0,"enemies":"Exordium Wildlife","floor":4.0,"turns":4.0},{"damage":21.0,"enemies":"Gremlin Nob","floor":7.0,"turns":4.0},{"damage":1.0,"enemies":"2 Fungi Beasts","floor":11.0,"turns":3.0},{"damage":10.0,"enemies":"Lagavulin","floor":12.0,"turns":3.0},{"damage":3.0,"enemies":"Large Slime","floor":14.0,"turns":5.0},{"damage":26,"enemies":"Slime Boss","floor":16,"turns":8},{"damage":18,"enemies":"Chosen","floor":18,"turns":4},{"damage":19,"enemies":"3 Byrds","floor":21,"turns":6},{"damage":36,"enemies":"3 Cultists","floor":22,"turns":5}],"seed_played":"-6909030992383355649","potions_obtained":[{"floor":2.0,"key":"SkillPotion"},{"floor":3.0,"key":"Energy Potion"},{"floor":11.0,"key":"AttackPotion"},{"floor":14.0,"key":"LiquidBronze"},{"floor":18,"key":"Fruit Juice"},{"floor":21,"key":"Dexterity Potion"}],"is_trial":false,"path_per_floor":["M","M","M","M","?","R","E","R","T","$","M","E","R","M","R","B",null,"M","$","?","M","M"],"character_chosen":"THE_SILENT","items_purchased":["PreservedInsect","Cloak And Dagger","Malaise"],"campfire_rested":2,"item_purchase_floors":[10,10,19],"current_hp_per_floor":[57,57,54,46,39,39,25,46,46,46,45,35,35,32,53,27,62,49,49,49,30,0],"gold":29,"neow_bonus":"UPGRADE_CARD","is_prod":false,"is_daily":false,"chose_seed":false,"campfire_upgraded":2,"win_rate":0,"timestamp":1571705560,"path_taken":["M","M","M","M","?","R","E","R","T","$","M","E","R","M","R","BOSS","M","$","?","?","?"],"build_version":"2019-01-23","purchased_purges":0,"victory":false,"max_hp_per_floor":[66,66,66,66,66,66,73,73,73,73,73,73,73,73,73,73,73,78,78,78,78,78],"card_choices":[{"not_picked":["Sucker Punch","Reflex"],"picked":"Terror","floor":1.0},{"not_picked":["Dagger Throw","Backflip"],"picked":"Poisoned Stab","floor":2.0},{"not_picked":["Dagger Spray","Slice"],"picked":"Bouncing Flask","floor":3.0},{"not_picked":["Storm of Steel","Dagger Throw"],"picked":"Quick Slash","floor":4.0},{"not_picked":["Reflex","Quick Slash"],"picked":"Riddle With Holes","floor":7.0},{"not_picked":["Slice","Blur"],"picked":"Poisoned Stab","floor":11.0},{"not_picked":["Expertise","Slice"],"picked":"Escape Plan","floor":12.0},{"not_picked":["Flechettes","Night Terror"],"picked":"Dagger Spray","floor":14.0},{"not_picked":["Slice","Blade Dance"],"picked":"Dodge and Roll","floor":15},{"not_picked":["Phantasmal Killer","Doppelganger"],"picked":"Burst","floor":16},{"not_picked":["Blade Dance","Slice+1"],"picked":"Catalyst","floor":18},{"not_picked":["Deadly Poison","Sucker Punch+1"],"picked":"Leg Sweep","floor":21}],"player_experience":3031013,"relics_obtained":[{"floor":7.0,"key":"Strawberry"},{"floor":9.0,"key":"Dream Catcher"},{"floor":12.0,"key":"Bag of Preparation"}],"event_choices":[{"cards_removed":["Strike_G"],"damage_healed":0.0,"max_hp_gain":0.0,"max_hp_loss":0.0,"gold_gain":0.0,"event_name":"Golden Wing","player_choice":"Card Removal","floor":5.0,"gold_loss":0.0,"damage_taken":7.0},{"damage_healed":0,"gold_gain":0,"player_choice":"Cursed","damage_taken":0,"max_hp_gain":0,"max_hp_loss":0,"event_name":"Wheel of Change","floor":20,"gold_loss":0,"cards_obtained":["Decay"]}],"is_beta":false,"boss_relics":[{"not_picked":["Runic Pyramid","White Beast Statue"],"picked":"Black Star"}],"items_purged_floors":[],"is_endless":false,"potions_floor_spawned":[2,3,11,14,18,21],"killed_by":"3 Cultists","ascension_level":20}