{"gold_per_floor":[110,125,145,155,174,174,207,47,95,95,127,141,3,14,14,88,88,107,107,51,62,62,62,124,124,124,49,74,32,32,32,32,109,109,124,30,30,56,56,56],"floor_reached":40,"playtime":2636,"items_purged":["Shame"],"score":820,"play_id":"713f3f27-96ca-4c7b-a1e3-42b86357fdcd","local_time":"20191028153227","is_ascension_mode":true,"campfire_choices":[{"data":"Neutralize","floor":6.0,"key":"SMITH"},{"floor":10.0,"key":"REST"},{"data":"Bouncing Flask","floor":15.0,"key":"SMITH"},{"data":"Footwork","floor":23.0,"key":"SMITH"},{"data":"Well Laid Plans","floor":25.0,"key":"SMITH"},{"data":"Leg Sweep","floor":32.0,"key":"SMITH"}],"neow_cost":"NONE","seed_source_timestamp":2202500290233440,"circlet_count":0,"master_deck":["AscendersBane","Defend_G","Defend_G","Defend_G","Defend_G","Defend_G","Strike_G","Strike_G","Strike_G","Survivor","Neutralize+1","Endless Agony","Footwork+1","Finisher","Masterful Stab","Cloak And Dagger","Corpse Explosion","Bouncing Flask+1","Backstab","Well Laid Plans+1","Deflect","Die Die Die","Poisoned Stab+1","Acrobatics","Leg Sweep+1","Endless Agony","Phantasmal Killer","Deflect+1","Panacea","Good Instincts"],"special_seed":0,"relics":["Ring of the Snake","Blue Candle","Art of War","Pantograph","Eternal Feather","Vajra","Tiny Chest","Darkstone Periapt","Juzu Bracelet","Empty Cage","Snake Skull","Dodecahedron"],"potions_floor_usage":[33,35],"damage_taken":[{"damage":1.0,"enemies":"Cultist","floor":1.0,"turns":5.0},{"damage":0.0,"enemies":"Jaw Worm","floor":2.0,"turns":4.0},{"damage":0.0,"enemies":"2 Louse","floor":3.0,"turns":2.0},{"damage":0.0,"enemies":"Lots of Slimes","floor":4.0,"turns":6.0},{"damage":5.0,"enemies":"Large Slime","floor":5.0,"turns":6.0},{"damage":26.0,"enemies":"Lagavulin","floor":7.0,"turns":7.0},{"damage":30.0,"enemies":"Gremlin Nob","floor":11.0,"turns":4.0},{"damage":7.0,"enemies":"Exordium Wildlife","floor":12.0,"turns":3.0},{"damage":6.0,"enemies":"Blue Slaver","floor":14.0,"turns":3.0},{"damage":15.0,"enemies":"The Guardian","floor":16.0,"turns":7.0},{"damage":3.0,"enemies":"Chosen","floor":18.0,"turns":4.0},{"damage":12.0,"enemies":"Shell Parasite","floor":21.0,"turns":5.0},{"damage":42.0,"enemies":"Gremlin Leader","floor":24.0,"turns":7.0},{"damage":64,"enemies":"Automaton","floor":33,"turns":15},{"damage":12,"enemies":"3 Shapes","floor":35,"turns":5},{"damage":47,"enemies":"Giant Head","floor":40,"turns":7}],"seed_played":"7539704085108880577","potions_obtained":[{"floor":1.0,"key":"Swift Potion"},{"floor":5.0,"key":"SkillPotion"},{"floor":11.0,"key":"GhostInAJar"},{"floor":14.0,"key":"AttackPotion"},{"floor":21.0,"key":"Strength Potion"},{"floor":24.0,"key":"Block Potion"},{"floor":33,"key":"Weak Potion"}],"is_trial":false,"path_per_floor":["M","M","M","M","M","R","E","$","T","R","E","M","$","M","R","B",null,"M","?","$","M","?","R","E","R","T","$","T","$","?","$","R","B",null,"M","$","?","T","T","E"],"character_chosen":"THE_SILENT","items_purchased":["Corpse Explosion","Well Laid Plans","PowerPotion","Block Potion","Leg Sweep","Panacea"],"campfire_rested":1,"item_purchase_floors":[8,13,13,20,29,36],"current_hp_per_floor":[64,64,64,64,59,59,33,33,33,54,24,17,17,11,11,21,59,56,56,56,44,44,59,17,32,32,32,32,32,32,32,47,8,56,44,44,44,44,44,0],"gold":56,"neow_bonus":"TEN_PERCENT_HP_BONUS","is_prod":false,"is_daily":false,"chose_seed":false,"campfire_upgraded":5,"win_rate":0,"timestamp":1572291147,"path_taken":["M","M","M","M","?","R","E","$","T","R","E","M","$","M","R","BOSS","M","?","$","M","?","R","E","R","T","?","?","$","?","?","R","BOSS","M","$","?","?","?","E"],"build_version":"2019-01-23","purchased_purges":1,"victory":false,"max_hp_per_floor":[72,72,72,72,72,72,72,72,72,72,72,72,72,72,72,72,72,72,72,72,72,72,72,72,72,72,72,72,72,72,72,72,72,72,72,72,72,72,72,72],"card_choices":[{"not_picked":["Deadly Poison","Prepared"],"picked":"Masterful Stab","floor":1.0},{"not_picked":["Dodge and Roll","Slice"],"picked":"Endless Agony","floor":2.0},{"not_picked":["Bane","All Out Attack"],"picked":"Footwork","floor":3.0},{"not_picked":["Infinite Blades","Sucker Punch"],"picked":"Finisher","floor":4.0},{"not_picked":["Underhanded Strike","Heel Hook"],"picked":"Masterful Stab","floor":5.0},{"not_picked":["Dash","Setup"],"picked":"Cloak And Dagger","floor":7.0},{"not_picked":["Reflex","Noxious Fumes"],"picked":"Bouncing Flask","floor":11.0},{"not_picked":["Poisoned Stab","Unload"],"picked":"Backstab","floor":12.0},{"not_picked":["Distraction","Acrobatics"],"picked":"Deflect","floor":14.0},{"not_picked":["Glass Knife","Storm of Steel"],"picked":"Die Die Die","floor":16.0},{"not_picked":["Masterful Stab","Concentrate","Slice"],"picked":"SKIP","floor":18.0},{"not_picked":["Endless Agony","Prepared"],"picked":"Poisoned Stab+1","floor":21.0},{"not_picked":["Acrobatics","Masterful Stab","Caltrops"],"picked":"SKIP","floor":24.0},{"not_picked":["Masterful Stab","Caltrops"],"picked":"Acrobatics","floor":24.0},{"not_picked":["Night Terror","Bullet Time"],"picked":"Phantasmal Killer","floor":33},{"not_picked":["Slice","Tactician+1"],"picked":"Deflect+1","floor":35},{"not_picked":["Violence","Finesse"],"picked":"Good Instincts","floor":37}],"player_experience":3086351,"relics_obtained":[{"floor":7.0,"key":"Blue Candle"},{"floor":9.0,"key":"Art of War"},{"floor":11.0,"key":"Pantograph"},{"floor":24.0,"key":"Tiny Chest"},{"floor":26.0,"key":"Darkstone Periapt"},{"floor":28.0,"key":"Juzu Bracelet"},{"floor":38,"key":"Snake Skull"},{"floor":39,"key":"Dodecahedron"}],"event_choices":[{"damage_healed":0.0,"max_hp_gain":0.0,"max_hp_loss":0.0,"gold_gain":0.0,"event_name":"The Mausoleum","player_choice":"Ignored","floor":19.0,"gold_loss":0.0,"damage_taken":0.0},{"damage_healed":0.0,"max_hp_gain":0.0,"max_hp_loss":0.0,"gold_gain":0.0,"event_name":"Addict","player_choice":"Stole Relic","floor":22.0,"gold_loss":0.0,"damage_taken":0.0,"relics_obtained":["Vajra"],"cards_obtained":["Shame"]},{"damage_healed":0.0,"max_hp_gain":0.0,"max_hp_loss":0.0,"gold_gain":0.0,"cards_transformed":["Masterful Stab"],"event_name":"Transmorgrifier","player_choice":"Transformed","floor":30.0,"gold_loss":0.0,"damage_taken":0.0,"cards_obtained":["Endless Agony"]},{"damage_healed":0,"gold_gain":0,"player_choice":"Memory 1","damage_taken":0,"max_hp_gain":0,"max_hp_loss":0,"event_name":"SensoryStone","floor":37,"gold_loss":0}],"is_beta":false,"boss_relics":[{"not_picked":["Velvet Choker","Tiny House"],"picked":"Eternal Feather"},{"not_picked":["Runic Dome","Lizard Tail"],"picked":"Empty Cage"}],"items_purged_floors":[27],"is_endless":false,"potions_floor_spawned":[1,5,11,14,21,24,33],"killed_by":"Giant Head","ascension_level":20}