{"gold_per_floor":[117,134,53,64,75,75,110,126,149,9,9,27,47,62,62,155,155,172,185,95,105,141,141,170,181,259,272,57,57,57,76,76,149,149,163,198,198,44,44],"floor_reached":39,"playtime":4144,"items_purged":["Strike_B"],"score":675,"play_id":"6c93d5bc-0bb4-4134-8558-809af105a04b","local_time":"20190123230652","is_ascension_mode":true,"campfire_choices":[{"data":"Darkness","floor":6.0,"key":"SMITH"},{"floor":11.0,"key":"REST"},{"floor":15.0,"key":"REST"},{"floor":23.0,"key":"REST"},{"floor":29.0,"key":"REST"},{"floor":32.0,"key":"REST"}],"neow_cost":"NONE","seed_source_timestamp":480282491259772,"circlet_count":0,"master_deck":["AscendersBane","Strike_B","Strike_B","Defend_B","Defend_B","Defend_B","Defend_B","Zap","Dualcast","Steam","Darkness+1","Streamline","Chaos+1","Doom and Gloom","Skim","Turbo","Go for the Eyes","HandOfGreed","Ball Lightning","Steam","Go for the Eyes","Echo Form","Leap","Hologram","Undo","Sweeping Beam+1","Rebound","Beam Cell","Sunder","Electrodynamics","Compile Driver"],"special_seed":0,"relics":["Cracked Core","The Courier","Centennial Puzzle","Velvet Choker","Ancient Tea Set","Pantograph","Bag of Marbles","Runic Pyramid","Pen Nib"],"potions_floor_usage":[39,39],"damage_taken":[{"damage":1.0,"enemies":"Cultist","floor":1.0,"turns":3.0},{"damage":2.0,"enemies":"Jaw Worm","floor":2.0,"turns":4.0},{"damage":0.0,"enemies":"Small Slimes","floor":4.0,"turns":3.0},{"damage":22.0,"enemies":"Gremlin Gang","floor":5.0,"turns":3.0},{"damage":14.0,"enemies":"3 Sentries","floor":7.0,"turns":4.0},{"damage":24.0,"enemies":"Lots of Slimes","floor":8.0,"turns":3.0},{"damage":7.0,"enemies":"Looter","floor":12.0,"turns":4.0},{"damage":0.0,"enemies":"Exordium Wildlife","floor":13.0,"turns":3.0},{"damage":12.0,"enemies":"Large Slime","floor":14.0,"turns":4.0},{"damage":24.0,"enemies":"Slime Boss","floor":16.0,"turns":8.0},{"damage":7.0,"enemies":"Chosen","floor":18.0,"turns":3.0},{"damage":1.0,"enemies":"3 Byrds","floor":19.0,"turns":4.0},{"damage":48.0,"enemies":"Snake Plant","floor":21.0,"turns":5.0},{"damage":13.0,"enemies":"Centurion and Healer","floor":22.0,"turns":7.0},{"damage":21.0,"enemies":"Gremlin Leader","floor":24.0,"turns":7.0},{"damage":11.0,"enemies":"Sentry and Sphere","floor":25.0,"turns":5.0},{"damage":0.0,"enemies":"Chosen and Byrds","floor":27.0,"turns":4.0},{"damage":14.0,"enemies":"Centurion and Healer","floor":31.0,"turns":5.0},{"damage":74.0,"enemies":"Automaton","floor":33.0,"turns":11.0},{"damage":54.0,"enemies":"3 Darklings","floor":35.0,"turns":4.0},{"damage":4.0,"enemies":"3 Shapes","floor":36.0,"turns":3.0},{"damage":6,"enemies":"Transient","floor":39,"turns":3}],"seed_played":"-8622809504444913192","potions_obtained":[{"floor":1.0,"key":"PowerPotion"},{"floor":5.0,"key":"Dexterity Potion"},{"floor":8.0,"key":"SteroidPotion"},{"floor":18.0,"key":"Energy Potion"},{"floor":21.0,"key":"Regen Potion"},{"floor":22.0,"key":"Block Potion"},{"floor":31.0,"key":"Regen Potion"},{"floor":33.0,"key":"LiquidBronze"},{"floor":36.0,"key":"Swift Potion"}],"is_trial":false,"path_per_floor":["M","M","$","M","M","R","E","M","T","$","R","M","M","M","R","B",null,"M","M","?","M","M","R","E","M","T","M","$","R","$","M","R","B",null,"M","M","?","$","M"],"character_chosen":"DEFECT","items_purchased":["Streamline","Chaos","HandOfGreed","Sunder","Bag of Marbles","Pen Nib","SpeedPotion"],"campfire_rested":5,"item_purchase_floors":[3,3,10,28,28,38,38],"current_hp_per_floor":[74,72,72,72,50,50,36,12,12,12,36,29,29,17,41,17,66,59,58,58,10,9,33,12,1,1,1,1,25,25,11,35,1,62,8,4,4,4,0],"gold":44,"neow_bonus":"TEN_PERCENT_HP_BONUS","is_prod":false,"is_daily":false,"chose_seed":false,"campfire_upgraded":1,"win_rate":0,"timestamp":1548302812,"path_taken":["M","M","$","?","?","R","E","M","T","$","R","M","M","M","R","BOSS","M","M","?","M","M","R","E","M","T","M","$","R","?","M","R","BOSS","M","M","?","$","M"],"build_version":"2019-01-23","purchased_purges":1,"victory":false,"max_hp_per_floor":[82,82,82,82,82,82,82,82,82,82,82,82,82,82,82,82,82,82,82,82,82,82,82,82,82,82,82,82,82,82,82,82,82,82,82,82,82,82,82],"card_choices":[{"not_picked":["Blizzard","Barrage"],"picked":"Steam","floor":1.0},{"not_picked":["Barrage","Capacitor"],"picked":"Darkness","floor":2.0},{"not_picked":["Ball Lightning","Streamline"],"picked":"Doom and Gloom","floor":4.0},{"not_picked":["Aggregate","Thunder Strike"],"picked":"Skim","floor":5.0},{"not_picked":["BootSequence","Leap"],"picked":"Turbo","floor":7.0},{"not_picked":["Rebound","Hologram"],"picked":"Go for the Eyes","floor":8.0},{"not_picked":["Stack","Go for the Eyes"],"picked":"Ball Lightning","floor":12.0},{"not_picked":["Meteor Strike","Rebound"],"picked":"Steam","floor":13.0},{"not_picked":["Sweeping Beam","Barrage"],"picked":"Go for the Eyes","floor":14.0},{"not_picked":["Reboot","Core Surge"],"picked":"Echo Form","floor":16.0},{"not_picked":["Steam","Streamline"],"picked":"Leap","floor":18.0},{"not_picked":["Redo","Go for the Eyes"],"picked":"Hologram","floor":19.0},{"not_picked":["Genetic Algorithm","Stack"],"picked":"Undo","floor":21.0},{"not_picked":["Blizzard","Lockon"],"picked":"Sweeping Beam+1","floor":22.0},{"not_picked":["Go for the Eyes","Redo"],"picked":"Rebound","floor":24.0},{"not_picked":["Meteor Strike","Coolheaded","Redo"],"picked":"SKIP","floor":25.0},{"not_picked":["Genetic Algorithm","Streamline"],"picked":"Beam Cell","floor":27.0},{"not_picked":["Steam Power","Reprogram","White Noise"],"picked":"SKIP","floor":31.0},{"not_picked":["Meteor Strike","Amplify"],"picked":"Electrodynamics","floor":33.0},{"not_picked":["Chaos","Rip and Tear"],"picked":"Turbo","floor":35.0},{"not_picked":["Sweeping Beam+1","Force Field"],"picked":"Compile Driver","floor":36.0}],"player_experience":2223497,"relics_obtained":[{"floor":7.0,"key":"The Courier"},{"floor":9.0,"key":"Centennial Puzzle"},{"floor":24.0,"key":"Ancient Tea Set"},{"floor":26.0,"key":"Pantograph"}],"event_choices":[{"cards_removed":["Strike_B"],"damage_healed":0.0,"max_hp_gain":0.0,"max_hp_loss":0.0,"gold_gain":0.0,"event_name":"Designer","player_choice":"Upgrade and Remove","floor":20.0,"gold_loss":90.0,"damage_taken":0.0,"cards_upgraded":["Chaos"]},{"cards_removed":["Turbo"],"damage_healed":0.0,"max_hp_gain":0.0,"max_hp_loss":0.0,"gold_gain":0.0,"event_name":"Falling","player_choice":"Removed Skill","floor":37.0,"gold_loss":0.0,"damage_taken":0.0}],"is_beta":false,"boss_relics":[{"not_picked":["Eternal Feather","FrozenCore"],"picked":"Velvet Choker"},{"not_picked":["Runic Dome","Snecko Eye"],"picked":"Runic Pyramid"}],"items_purged_floors":[28],"is_endless":false,"potions_floor_spawned":[1,5,7,8,18,21,22,31,33,36],"killed_by":"Transient","ascension_level":13}