{"gold_per_floor":[114,129,144,144,159,189,219,219,269,284,299,299,23,38,38,138,138,153,153,153,168,168],"floor_reached":22,"playtime":1333,"items_purged":[],"score":198,"play_id":"fdf5c715-2732-45ab-9994-a545ef88f4cc","local_time":"20190721105315","daily_mods":["Chimera","Uncertain Future","DeadlyEvents"],"is_ascension_mode":false,"campfire_choices":[{"floor":8,"key":"REST"},{"data":"Stack","floor":12,"key":"SMITH"},{"data":"FTL","floor":15,"key":"SMITH"}],"neow_cost":"","seed_source_timestamp":0,"circlet_count":0,"master_deck":["Bash","Survivor","Zap","Strike_R","Strike_G","Strike_B","Defend_R","Defend_G","Defend_B","Cold Snap","Leap","Stack","Gash","Auto Shields","Stack+1","Undo","Gash","Loop","Static Discharge","Leap","Rebound","Turbo","Blizzard","FTL+1","Amplify","Normality","Decay","Regret","Capacitor","Capacitor","Rip and Tear+1"],"special_seed":18098,"relics":["Cracked Core","Dream Catcher","Regal Pillow","PreservedInsect","Calling Bell","Art of War","Toxic Egg 2","Nunchaku"],"potions_floor_usage":[6,10,21,21],"damage_taken":[{"damage":0,"enemies":"Jaw Worm","floor":1,"turns":4},{"damage":0,"enemies":"Cultist","floor":2,"turns":5},{"damage":2,"enemies":"Small Slimes","floor":3,"turns":3},{"damage":1,"enemies":"2 Fungi Beasts","floor":5,"turns":5},{"damage":23,"enemies":"Gremlin Nob","floor":6,"turns":4},{"damage":17,"enemies":"Lagavulin","floor":7,"turns":7},{"damage":8,"enemies":"Lots of Slimes","floor":10,"turns":4},{"damage":0,"enemies":"Large Slime","floor":11,"turns":8},{"damage":5,"enemies":"3 Louse","floor":14,"turns":4},{"damage":14,"enemies":"The Guardian","floor":16,"turns":17},{"damage":8,"enemies":"Shell Parasite","floor":18,"turns":9},{"damage":36,"enemies":"Chosen","floor":21,"turns":7},{"damage":22,"enemies":"Book of Stabbing","floor":22,"turns":3}],"seed_played":"-4166405544974942499","potions_obtained":[{"floor":2,"key":"Regen Potion"},{"floor":7,"key":"LiquidBronze"},{"floor":11,"key":"Poison Potion"},{"floor":16,"key":"LiquidBronze"},{"floor":21,"key":"Strength Potion"}],"is_trial":false,"path_per_floor":["M","M","M","?","M","E","E","R","T","M","M","R","$","M","R","B",null,"M","?","?","M","E"],"character_chosen":"DEFECT","items_purchased":["Static Discharge","Leap","Rebound","Turbo","Blizzard"],"campfire_rested":1,"item_purchase_floors":[13,13,13,13,13],"current_hp_per_floor":[75,75,73,73,72,54,37,74,74,66,66,66,66,61,61,47,75,67,53,53,17,0],"gold":168,"neow_bonus":"","is_prod":false,"is_daily":true,"chose_seed":false,"campfire_upgraded":2,"win_rate":0.0,"timestamp":1563717195,"path_taken":["M","M","M","?","?","E","?","R","T","M","M","R","$","M","R","BOSS","M","?","?","M","?"],"build_version":"2019-07-17","purchased_purges":0,"victory":false,"max_hp_per_floor":[75,75,75,75,75,75,75,75,75,75,75,75,75,75,75,75,75,75,80,80,80,80],"card_choices":[{"not_picked":["Rebound","Barrage"],"picked":"Cold Snap","floor":1},{"not_picked":["Rebound","Ball Lightning"],"picked":"Leap","floor":2},{"not_picked":["Barrage","Beam Cell"],"picked":"Coolheaded","floor":3},{"not_picked":["Sweeping Beam","Leap"],"picked":"Gash","floor":5},{"not_picked":["Rainbow","Storm"],"picked":"Auto Shields","floor":6},{"not_picked":["Streamline","Turbo"],"picked":"Stack","floor":7},{"not_picked":["Reinforced Body","Leap"],"picked":"Undo","floor":8},{"not_picked":["Compile Driver","Beam Cell"],"picked":"Gash","floor":10},{"not_picked":["Double Energy","Go for the Eyes"],"picked":"Loop","floor":11},{"not_picked":["Beam Cell","Heatsinks"],"picked":"FTL","floor":14},{"not_picked":["Core Surge","Seek"],"picked":"Amplify","floor":16},{"not_picked":["Ball Lightning","Coolheaded+1"],"picked":"Capacitor","floor":18},{"not_picked":["Barrage","Cold Snap"],"picked":"Rip and Tear+1","floor":21}],"player_experience":211233,"relics_obtained":[{"floor":6,"key":"Dream Catcher"},{"floor":7,"key":"Regal Pillow"},{"floor":9,"key":"PreservedInsect"},{"floor":17,"key":"Art of War"},{"floor":17,"key":"Toxic Egg 2"},{"floor":17,"key":"Nunchaku"}],"event_choices":[{"damage_healed":0,"gold_gain":0,"cards_transformed":["Coolheaded"],"player_choice":"Transformed","damage_taken":0,"max_hp_gain":0,"max_hp_loss":0,"event_name":"Transmorgrifier","floor":4,"gold_loss":0,"cards_obtained":["Stack"]},{"damage_healed":0,"gold_gain":0,"player_choice":"Shed Blood","damage_taken":19,"max_hp_gain":5,"max_hp_loss":0,"event_name":"Forgotten Altar","floor":19,"gold_loss":0},{"damage_healed":0,"gold_gain":0,"player_choice":"Copied","damage_taken":0,"max_hp_gain":0,"max_hp_loss":0,"event_name":"Duplicator","floor":20,"gold_loss":0,"cards_obtained":["Capacitor"]}],"is_beta":false,"boss_relics":[{"not_picked":["Eternal Feather","Velvet Choker"],"picked":"Calling Bell"}],"items_purged_floors":[],"is_endless":false,"potions_floor_spawned":[2,7,11,16,21],"killed_by":"Book of Stabbing","ascension_level":0}