{"gold_per_floor":[137,137,175,140,140,140,215,253,253,63,101,139,139,202,202,202],"floor_reached":16,"playtime":1171,"items_purged":[],"score":100,"play_id":"6d42085c-0760-4952-af3a-b729bf338a04","local_time":"20181029000536","daily_mods":["Heirloom","Diverse","MonsterHunter"],"is_ascension_mode":false,"campfire_choices":[{"data":"Neutralize","floor":6,"key":"SMITH"},{"floor":13,"key":"REST"},{"floor":15,"key":"REST"}],"neow_cost":"","seed_source_timestamp":0,"circlet_count":0,"master_deck":["Defend_G","Defend_G","Defend_G","Defend_G","Defend_G","Strike_G","Strike_G","Strike_G","Strike_G","Strike_G","Survivor","Neutralize+1","Clash","Rebound","Bloodletting","Cloak And Dagger","Thinking Ahead","Conserve Battery","Warcry"],"special_seed":17833,"relics":["Ring of the Snake","Peace Pipe","Kunai","Centennial Puzzle","Anchor","Dodecahedron"],"potions_floor_usage":[16,16,16],"damage_taken":[{"damage":23,"enemies":"Cultist","floor":1,"turns":7},{"damage":1,"enemies":"Small Slimes","floor":3,"turns":4},{"damage":40,"enemies":"Gremlin Nob","floor":7,"turns":7},{"damage":0,"enemies":"2 Louse","floor":8,"turns":3},{"damage":8,"enemies":"Lots of Slimes","floor":11,"turns":6},{"damage":3,"enemies":"Blue Slaver","floor":12,"turns":5},{"damage":52,"enemies":"Slime Boss","floor":16,"turns":16}],"seed_played":"-1143866258771799124","potions_obtained":[{"floor":7,"key":"Dexterity Potion"},{"floor":8,"key":"Energy Potion"},{"floor":12,"key":"GhostInAJar"}],"is_trial":false,"path_per_floor":["M","T","M","?","?","R","E","M","T","$","M","M","R","?","R"],"character_chosen":"THE_SILENT","items_purchased":["Thinking Ahead"],"campfire_rested":2,"item_purchase_floors":[10],"current_hp_per_floor":[47,47,46,63,60,60,20,20,20,20,12,9,30,30,51,0],"gold":202,"neow_bonus":"","is_prod":false,"is_daily":true,"chose_seed":false,"campfire_upgraded":1,"win_rate":0,"timestamp":1540785936,"path_taken":["M","?","M","?","?","R","E","M","T","$","M","?","R","?","R","BOSS"],"build_version":"2018-10-25v2","purchased_purges":0,"victory":false,"max_hp_per_floor":[70,70,70,70,70,70,70,70,70,70,70,70,70,70,70,70],"card_choices":[{"not_picked":["Compile Driver","Noxious Fumes"],"picked":"Clash","floor":1},{"not_picked":["Sentinel","Dodge and Roll"],"picked":"Rebound","floor":3},{"not_picked":["Warcry","Defragment"],"picked":"Bloodletting","floor":7},{"not_picked":["Underhanded Strike","Capacitor"],"picked":"Cloak And Dagger","floor":8},{"not_picked":["Catalyst","Outmaneuver"],"picked":"Conserve Battery","floor":11},{"not_picked":["Bane","Poisoned Stab"],"picked":"Warcry","floor":12}],"player_experience":1907260,"relics_obtained":[{"floor":2,"key":"Kunai"},{"floor":7,"key":"Anchor"},{"floor":9,"key":"Dodecahedron"}],"event_choices":[{"damage_healed":17,"gold_gain":0,"player_choice":"Healed","damage_taken":0,"max_hp_gain":0,"max_hp_loss":0,"event_name":"The Cleric","floor":4,"gold_loss":35},{"damage_healed":0,"gold_gain":0,"player_choice":"Success","damage_taken":3,"relics_obtained":["Centennial Puzzle"],"max_hp_gain":0,"max_hp_loss":0,"event_name":"Scrap Ooze","floor":5,"gold_loss":0},{"damage_healed":0,"gold_gain":63,"player_choice":"Gained Gold","damage_taken":0,"max_hp_gain":0,"max_hp_loss":0,"event_name":"Golden Wing","floor":14,"gold_loss":0}],"is_beta":false,"boss_relics":[],"items_purged_floors":[],"is_endless":false,"potions_floor_spawned":[7,8,12],"killed_by":"Slime Boss","ascension_level":0}