{"gold_per_floor":[112,125,125,146,164,199,199,199,199,237,262,63,63,84,84,214,214,227,227,227,304,317,351,351,351,376,178,203,203,228,70,70,201,201,215,215,24,40,60,96,96,116,188,207,207,223,262,262],"floor_reached":48,"playtime":4144,"items_purged":["Regret","Strike_B","Strike_B","Pain"],"score":577,"play_id":"99600b1d-a61a-4a5b-b8e2-1a764cca8647","local_time":"20191006170140","is_ascension_mode":false,"campfire_choices":[{"data":"Rebound","floor":8,"key":"SMITH"},{"data":"Electrodynamics","floor":13,"key":"SMITH"},{"data":"Biased Cognition","floor":15,"key":"SMITH"},{"floor":24,"key":"REST"},{"floor":29,"key":"REST"},{"floor":32,"key":"REST"},{"floor":41,"key":"REST"}],"neow_cost":"NONE","seed_source_timestamp":580327225927800,"circlet_count":0,"master_deck":["Defend_B","Defend_B","Defend_B","Defend_B","Zap","Dualcast","Cold Snap","Sweeping Beam","Rebound+1","Electrodynamics+1","Genetic Algorithm","Steam","Hologram","Loop","Biased Cognition+1","Reboot","Conserve Battery","Defragment","Chaos","Undo+1","Defragment","Defragment","Darkness","Capacitor","Rainbow","Thunder Strike","Hello World+1","Skim+1","Skim+1","Barrage+1","Panacea","Beam Cell+1","Coolheaded+1","Steam+1","Self Repair+1","Blizzard+1"],"special_seed":0,"relics":["Sozu","Golden Idol","Meat on the Bone","Ginger","Bottled Tornado","Bag of Marbles","Fusion Hammer","Dream Catcher","MutagenicStrength","The Courier","Red Mask","Art of War","Centennial Puzzle","Astrolabe","WarpedTongs","Ornamental Fan","Shuriken","Toxic Egg 2"],"potions_floor_usage":[],"damage_taken":[{"damage":1.0,"enemies":"Jaw Worm","floor":1.0,"turns":3.0},{"damage":0.0,"enemies":"2 Louse","floor":2.0,"turns":2.0},{"damage":3.0,"enemies":"Small Slimes","floor":4.0,"turns":3.0},{"damage":1.0,"enemies":"2 Fungi Beasts","floor":5.0,"turns":3.0},{"damage":14.0,"enemies":"Gremlin Nob","floor":6.0,"turns":4.0},{"damage":8,"enemies":"3 Sentries","floor":10,"turns":3},{"damage":19,"enemies":"Exordium Thugs","floor":11,"turns":4},{"damage":4,"enemies":"Looter","floor":14,"turns":3},{"damage":0,"enemies":"Slime Boss","floor":16,"turns":5},{"damage":5,"enemies":"Spheric Guardian","floor":18,"turns":3},{"damage":0,"enemies":"3 Byrds","floor":22,"turns":3},{"damage":0,"enemies":"Masked Bandits","floor":23,"turns":2},{"damage":17,"enemies":"Snake Plant","floor":28,"turns":4},{"damage":1,"enemies":"Cultist and Chosen","floor":30,"turns":4},{"damage":49,"enemies":"Champ","floor":33,"turns":11},{"damage":14,"enemies":"3 Darklings","floor":35,"turns":3},{"damage":3,"enemies":"Orb Walker","floor":38,"turns":3},{"damage":15,"enemies":"Transient","floor":39,"turns":5},{"damage":15,"enemies":"Reptomancer","floor":40,"turns":5},{"damage":7,"enemies":"Sphere and 2 Shapes","floor":42,"turns":3},{"damage":29,"enemies":"Writhing Mass","floor":44,"turns":4},{"damage":23,"enemies":"Transient","floor":46,"turns":5},{"damage":25,"enemies":"Nemesis","floor":47,"turns":9},{"damage":27,"enemies":"3 Darklings","floor":48,"turns":2}],"seed_played":"219127929751440613","potions_obtained":[],"is_trial":false,"path_per_floor":["M","M","?","M","M","E","?","R","T","E","M","$","R","M","R","B",null,"M","?","?","T","M","?","R","?","T","$","M","R","M","$","R","B",null,"M","?","$","M","M","E","R","M","T","M","?","M","E","M"],"character_chosen":"DEFECT","items_purchased":["Hologram","Loop","Centennial Puzzle","Rainbow","Panacea"],"campfire_rested":4,"item_purchase_floors":[12,12,27,31,37],"current_hp_per_floor":[74,74,69,66,65,51,51,51,51,43,36,36,36,44,44,44,69,64,64,64,64,64,64,69,69,69,69,52,69,68,68,69,32,69,55,55,55,52,37,34,54,47,47,40,40,29,26,0],"gold":262,"neow_bonus":"BOSS_RELIC","is_prod":false,"is_daily":false,"chose_seed":false,"campfire_upgraded":3,"win_rate":0.0,"timestamp":1570352500,"path_taken":["M","M","?","M","M","E","?","R","T","E","M","$","R","M","R","BOSS","M","?","?","?","M","?","R","?","T","?","M","R","M","$","R","BOSS","M","?","?","M","M","E","R","M","T","M","?","M","E","M"],"build_version":"2019-07-17","purchased_purges":4,"victory":false,"max_hp_per_floor":[75,75,69,69,69,69,69,69,69,69,69,69,69,69,69,69,69,69,69,69,69,69,69,69,69,69,69,69,69,69,69,69,69,69,69,69,69,69,69,69,69,69,69,69,69,69,69,69],"card_choices":[{"not_picked":["Gash","BootSequence"],"picked":"Cold Snap","floor":1.0},{"not_picked":["Cold Snap","Redo"],"picked":"Sweeping Beam","floor":2.0},{"not_picked":["Sweeping Beam","Skim"],"picked":"Rebound","floor":4.0},{"not_picked":["Beam Cell","Stack"],"picked":"Electrodynamics","floor":5.0},{"not_picked":["Rebound","Scrape"],"picked":"Coolheaded","floor":6.0},{"not_picked":["Redo","Go for the Eyes"],"picked":"Genetic Algorithm","floor":10},{"not_picked":["Leap","Aggregate"],"picked":"Steam","floor":11},{"not_picked":["Storm","Redo"],"picked":"Biased Cognition","floor":14},{"not_picked":["Multi-Cast","All For One"],"picked":"Reboot","floor":16},{"not_picked":["Coolheaded","Gash"],"picked":"Conserve Battery","floor":18},{"not_picked":["Go for the Eyes+1","Leap+1"],"picked":"Defragment","floor":22},{"not_picked":["Reprogram","Hologram"],"picked":"Chaos","floor":23},{"not_picked":["Static Discharge","Consume+1"],"picked":"Undo+1","floor":24},{"not_picked":["Static Discharge","Leap"],"picked":"Defragment","floor":28},{"not_picked":["Buffer","Tempest+1"],"picked":"Darkness","floor":29},{"not_picked":["Redo","Beam Cell+1"],"picked":"Capacitor","floor":30},{"not_picked":["All For One","Multi-Cast"],"picked":"Thunder Strike","floor":33},{"not_picked":["Aggregate+1","Hologram"],"picked":"Barrage+1","floor":35},{"not_picked":["Leap+1","Ball Lightning+1"],"picked":"Beam Cell+1","floor":38},{"not_picked":["Gash+1","Stack"],"picked":"Coolheaded+1","floor":39},{"not_picked":["Cold Snap+1","Electrodynamics"],"picked":"Steam+1","floor":40},{"not_picked":["Hello World","Rebound"],"picked":"Self Repair+1","floor":42},{"not_picked":["Ball Lightning+1","Hologram"],"picked":"Blizzard+1","floor":44},{"not_picked":["Go for the Eyes+1","Rebound+1","Ball Lightning+1"],"picked":"SKIP","floor":46},{"not_picked":["Undo","Beam Cell+1","Loop"],"picked":"SKIP","floor":47}],"player_experience":107244,"relics_obtained":[{"floor":6.0,"key":"Meat on the Bone"},{"floor":9,"key":"Bottled Tornado"},{"floor":10,"key":"Bag of Marbles"},{"floor":21,"key":"The Courier"},{"floor":23,"key":"Red Mask"},{"floor":26,"key":"Art of War"},{"floor":40,"key":"Ornamental Fan"},{"floor":43,"key":"Shuriken"},{"floor":47,"key":"Toxic Egg 2"}],"event_choices":[{"damage_healed":0.0,"max_hp_gain":0.0,"max_hp_loss":6.0,"gold_gain":0.0,"event_name":"Golden Idol","player_choice":"Lose Max HP","floor":3.0,"gold_loss":0.0,"damage_taken":0.0,"relics_obtained":["Golden Idol"]},{"damage_healed":0.0,"max_hp_gain":0.0,"max_hp_loss":0.0,"gold_gain":0.0,"event_name":"Big Fish","player_choice":"Box","floor":7.0,"gold_loss":0.0,"damage_taken":0.0,"relics_obtained":["Ginger"],"cards_obtained":["Regret"]},{"damage_healed":0,"gold_gain":0,"player_choice":"Opened","damage_taken":0,"relics_obtained":["Dream Catcher"],"max_hp_gain":0,"max_hp_loss":0,"event_name":"The Mausoleum","floor":19,"gold_loss":0},{"damage_healed":0,"gold_gain":0,"player_choice":"Inject Mutagens","damage_taken":0,"relics_obtained":["MutagenicStrength"],"max_hp_gain":0,"max_hp_loss":0,"event_name":"Drug Dealer","floor":20,"gold_loss":0},{"damage_healed":0,"gold_gain":0,"player_choice":"Fought Bandits","damage_taken":0,"max_hp_gain":0,"max_hp_loss":0,"event_name":"Masked Bandits","floor":23,"gold_loss":0},{"damage_healed":0,"gold_gain":0,"player_choice":"Read","damage_taken":0,"max_hp_gain":0,"max_hp_loss":0,"event_name":"The Library","floor":25,"gold_loss":0,"cards_obtained":["Defragment"]},{"damage_healed":0,"gold_gain":0,"player_choice":"Rummage","damage_taken":0,"relics_obtained":["WarpedTongs"],"max_hp_gain":0,"max_hp_loss":0,"event_name":"Accursed Blacksmith","floor":36,"gold_loss":0,"cards_obtained":["Pain"]},{"damage_healed":0,"gold_gain":0,"player_choice":"Ignored","damage_taken":0,"max_hp_gain":0,"max_hp_loss":0,"event_name":"The Moai Head","floor":45,"gold_loss":0}],"is_beta":false,"boss_relics":[{"not_picked":["Velvet Choker","Pandora\u0027s Box"],"picked":"Fusion Hammer"},{"not_picked":["Lizard Tail","Runic Dome"],"picked":"Astrolabe"}],"items_purged_floors":[12,27,31,37],"is_endless":false,"potions_floor_spawned":[4,10,14,28,33,38,39,46,47],"killed_by":"3 Darklings","ascension_level":0}