{"gold_per_floor":[369,8,26,26,39,39,55,66,118,152,152,152,152,165,165,264,264,283,297,297,318,342,411,61,101,101,101,101,119,119,160,160,250,250,265,11,30,53,72,72],"floor_reached":40,"playtime":2811,"items_purged":["Normality"],"score":1050,"play_id":"b30976b9-a5cf-4331-9f35-aa4c18709e44","local_time":"20190925224020","is_ascension_mode":true,"campfire_choices":[{"data":"Eruption","floor":6.0,"key":"SMITH"},{"data":"TalkToTheHand","floor":13.0,"key":"SMITH"},{"data":"Crescendo","floor":15.0,"key":"SMITH"},{"floor":27,"key":"REST"},{"floor":30,"key":"REST"},{"floor":32,"key":"RECALL"}],"neow_cost":"CURSE","seed_source_timestamp":0,"circlet_count":0,"master_deck":["AscendersBane","Strike_P","Strike_P","Strike_P","Strike_P","Defend_P","Defend_P","Defend_P","Eruption+1","Vigilance+1","TalkToTheHand+1","FollowUp+1","Crescendo+1","CrushJoints+1","Consecrate+1","Vault+1","BowlingBash+1","Ragnarok+1","EmptyBody+1","TalkToTheHand+1","Protect+1","SandsOfTime+1","Protect+1","ThirdEye+1","Wish+1","ThirdEye+1","Sanctity+1"],"special_seed":0,"relics":["PureWater","Molten Egg 2","Happy Flower","The Courier","Golden Idol","PreservedInsect","Cursed Key","MutagenicStrength","Tiny Chest","Toxic Egg 2","Pen Nib","Bottled Flame","Art of War","Black Star","TungstenRod"],"potions_floor_usage":[16,33,38,40],"damage_taken":[{"damage":13.0,"enemies":"Small Slimes","floor":1.0,"turns":5.0},{"damage":1.0,"enemies":"Cultist","floor":3.0,"turns":4.0},{"damage":16.0,"enemies":"2 Louse","floor":5.0,"turns":2.0},{"damage":3.0,"enemies":"Blue Slaver","floor":7.0,"turns":3.0},{"damage":4.0,"enemies":"2 Fungi Beasts","floor":8.0,"turns":3.0},{"damage":5.0,"enemies":"Lagavulin","floor":10.0,"turns":5.0},{"damage":0.0,"enemies":"Exordium Wildlife","floor":14.0,"turns":2.0},{"damage":0,"enemies":"Slime Boss","floor":16,"turns":3},{"damage":7,"enemies":"3 Byrds","floor":18,"turns":3},{"damage":0,"enemies":"2 Thieves","floor":19,"turns":1},{"damage":0,"enemies":"Centurion and Healer","floor":21,"turns":2},{"damage":8,"enemies":"Snecko","floor":22,"turns":4},{"damage":0,"enemies":"Gremlin Leader","floor":23,"turns":2},{"damage":2,"enemies":"Book of Stabbing","floor":25,"turns":3},{"damage":0,"enemies":"Snake Plant","floor":29,"turns":1},{"damage":4,"enemies":"Gremlin Leader","floor":31,"turns":3},{"damage":33,"enemies":"Automaton","floor":33,"turns":7},{"damage":0,"enemies":"Orb Walker","floor":35,"turns":1},{"damage":0,"enemies":"3 Darklings","floor":37,"turns":2},{"damage":18,"enemies":"4 Shapes","floor":38,"turns":1},{"damage":0,"enemies":"Maw","floor":39,"turns":5},{"damage":36,"enemies":"Reptomancer","floor":40,"turns":3}],"seed_played":"8102040532875642348","potions_obtained":[{"floor":1.0,"key":"Energy Potion"},{"floor":3.0,"key":"AttackPotion"},{"floor":7.0,"key":"Fire Potion"},{"floor":14.0,"key":"AttackPotion"},{"floor":19,"key":"Strength Potion"},{"floor":21,"key":"Energy Potion"},{"floor":33,"key":"Fire Potion"}],"is_trial":false,"path_per_floor":["M","$","M","?","M","R","M","M","T","E","?","?","R","M","R","B",null,"M","M","?","M","M","E","$","E","T","R","?","M","R","E","R","B",null,"M","$","M","M","M","E"],"character_chosen":"WATCHER","items_purchased":["Molten Egg 2","Toxic Egg 2","Pen Nib","TungstenRod"],"campfire_rested":2,"item_purchase_floors":[2,24,24,36],"current_hp_per_floor":[42,42,41,34,18,18,15,11,11,6,6,6,6,6,6,6,43,36,36,36,36,28,28,28,26,26,42,42,42,55,51,51,18,46,46,46,46,28,28,0],"gold":72,"neow_bonus":"TWO_FIFTY_GOLD","is_prod":false,"is_daily":false,"chose_seed":false,"campfire_upgraded":3,"win_rate":0,"timestamp":1569408020,"path_taken":["M","$","M","?","M","R","M","M","T","E","?","?","R","M","R","BOSS","M","?","?","M","M","E","$","E","T","R","?","?","R","E","R","BOSS","M","$","M","M","M","E"],"build_version":"2019-09-24","purchased_purges":1,"victory":false,"max_hp_per_floor":[61,61,61,61,61,61,61,61,61,61,55,55,55,55,55,55,55,55,55,55,55,55,55,55,55,55,55,55,55,55,55,55,55,55,55,55,55,55,55,55],"card_choices":[{"not_picked":["EmptyBody","JustLucky"],"picked":"TalkToTheHand","floor":1.0},{"not_picked":["Evaluate","ThirdEye"],"picked":"FollowUp+1","floor":3.0},{"not_picked":["Fasting","Sanctity"],"picked":"Crescendo","floor":5.0},{"not_picked":["JustLucky+1","FollowUp+1"],"picked":"CrushJoints+1","floor":7.0},{"not_picked":["FlyingSleeves+1","CleanseEvil"],"picked":"Consecrate+1","floor":8.0},{"not_picked":["WindmillStrike+1","Weave+1"],"picked":"Vault+1","floor":10.0},{"not_picked":["SashWhip+1","Sanctity"],"picked":"BowlingBash+1","floor":14.0},{"not_picked":["Adaptation","DeusExMachina"],"picked":"Ragnarok+1","floor":16},{"not_picked":["Evaluate","Crescendo","FlurryOfBlows+1"],"picked":"SKIP","floor":18},{"not_picked":["SandsOfTime+1","WreathOfFlame"],"picked":"EmptyBody+1","floor":19},{"not_picked":["EmptyFist+1","Scrawl"],"picked":"TalkToTheHand+1","floor":21},{"not_picked":["FollowUp+1","Halt"],"picked":"Protect+1","floor":22},{"not_picked":["Prostrate","Halt"],"picked":"SandsOfTime+1","floor":23},{"not_picked":["Prostrate+1","Consecrate+1","WheelKick+1"],"picked":"SKIP","floor":25},{"not_picked":["CutThroughFate+1","Crescendo+1"],"picked":"Protect+1","floor":29},{"not_picked":["EmptyFist+1","BowlingBash+1"],"picked":"ThirdEye+1","floor":31},{"not_picked":["Pray+1","DeusExMachina+1"],"picked":"Wish+1","floor":33},{"not_picked":["CrushJoints+1","Swivel+1","MentalFortress"],"picked":"SKIP","floor":35},{"not_picked":["ClearTheMind+1","ForeignInfluence+1"],"picked":"ThirdEye+1","floor":37},{"not_picked":["JustLucky+1","CutThroughFate+1"],"picked":"Sanctity+1","floor":38},{"not_picked":["Sanctity+1","Weave+1","ThirdEye+1"],"picked":"SKIP","floor":39}],"player_experience":1246647,"relics_obtained":[{"floor":9.0,"key":"Happy Flower"},{"floor":10.0,"key":"The Courier"},{"floor":23,"key":"Tiny Chest"},{"floor":25,"key":"Bottled Flame"},{"floor":31,"key":"Art of War"}],"event_choices":[{"cards_removed":["Defend_P"],"damage_healed":0.0,"max_hp_gain":0.0,"max_hp_loss":0.0,"gold_gain":0.0,"event_name":"Golden Wing","player_choice":"Card Removal","floor":4.0,"gold_loss":0.0,"damage_taken":7.0},{"damage_healed":0.0,"max_hp_gain":0.0,"max_hp_loss":6.0,"gold_gain":0.0,"event_name":"Golden Idol","player_choice":"Lose Max HP","floor":11.0,"gold_loss":0.0,"damage_taken":0.0,"relics_obtained":["Golden Idol"]},{"damage_healed":0.0,"max_hp_gain":0.0,"max_hp_loss":0.0,"gold_gain":0.0,"event_name":"WeMeetAgain","player_choice":"Gave Potion","floor":12.0,"gold_loss":0.0,"damage_taken":0.0,"relics_obtained":["PreservedInsect"]},{"damage_healed":0,"gold_gain":0,"player_choice":"Inject Mutagens","damage_taken":0,"relics_obtained":["MutagenicStrength"],"max_hp_gain":0,"max_hp_loss":0,"event_name":"Drug Dealer","floor":20,"gold_loss":0},{"damage_healed":0,"gold_gain":0,"player_choice":"Upgraded","damage_taken":0,"max_hp_gain":0,"max_hp_loss":0,"event_name":"Upgrade Shrine","floor":28,"gold_loss":0,"cards_upgraded":["Vigilance"]}],"is_beta":true,"boss_relics":[{"not_picked":["Busted Crown","Tiny House"],"picked":"Cursed Key"},{"not_picked":["Astrolabe","VioletLotus"],"picked":"Black Star"}],"items_purged_floors":[2],"is_endless":false,"potions_floor_spawned":[1,3,7,14,19,21,33,37],"killed_by":"Reptomancer","ascension_level":20}