{"path_per_floor":["M","M","$","M","?","M","M","R","T","R","?","?","T","E","R","B",null,"M","?","?","M","M","$","?","E","T","M"],"character_chosen":"DEFECT","items_purchased":["Doom and Gloom+1","Double Energy","Defragment"],"gold_per_floor":[112,122,47,59,59,71,87,87,87,87,87,87,165,190,190,293,293,309,309,309,319,339,52,52,85,85,103,103],"floor_reached":28,"campfire_rested":2,"playtime":2678,"item_purchase_floors":[23,23,23],"current_hp_per_floor":[36,36,36,33,33,33,29,51,51,51,36,36,36,37,59,23,75,53,39,80,64,51,51,51,33,33,17,0],"items_purged":["Strike_B","Strike_B"],"gold":103,"score":250,"play_id":"8081a3c5-6f68-4663-a286-c049d48777b4","local_time":"20180612010639","is_prod":false,"is_daily":false,"chose_seed":false,"is_ascension_mode":true,"campfire_upgraded":1,"win_rate":0.0,"timestamp":1528779999,"campfire_choices":[{"floor":8,"key":"REST"},{"data":"Dualcast","floor":10,"key":"SMITH"},{"floor":15,"key":"REST"}],"path_taken":["M","M","$","M","?","?","M","R","T","R","?","?","?","E","R","BOSS","M","?","?","M","M","$","?","E","T","?","M"],"build_version":"2018-06-07v3","seed_source_timestamp":940816994907534,"purchased_purges":2,"victory":false,"master_deck":["Defend_B+1","Defend_B","Zap","Dualcast+1","Scrape","BootSequence","Cold Snap","Compile Driver+1","Conserve Battery","Sunder","Conserve Battery","Chaos","Machine Learning","Ball Lightning+1","Ball Lightning+1","Leap+1","Doom and Gloom+1","Double Energy","Defragment","Sunder+1","Undo+1"],"max_hp_per_floor":[75,75,75,75,75,75,75,75,75,75,75,75,75,75,75,75,75,75,80,80,80,80,80,80,80,80,80,80],"relics":["Cracked Core","Orichalcum","Molten Egg 2","Vajra","Sozu","Kunai","Mummified Hand"],"card_choices":[{"not_picked":["Static Discharge","Chaos"],"picked":"Cold Snap","floor":1},{"not_picked":["Leap","Redo"],"picked":"Compile Driver","floor":2},{"not_picked":["Rebound","Sweeping Beam"],"picked":"Conserve Battery","floor":4},{"not_picked":["Redo","Barrage"],"picked":"Sunder","floor":6},{"not_picked":["Hello World","Compile Driver"],"picked":"Conserve Battery","floor":7},{"not_picked":["Stack","Leap"],"picked":"Chaos","floor":14},{"not_picked":["Amplify","Thunder Strike+1"],"picked":"Machine Learning","floor":16},{"not_picked":["Compile Driver+1","Beam Cell+1"],"picked":"Ball Lightning+1","floor":18},{"not_picked":["Storm","Gash+1"],"picked":"Ball Lightning+1","floor":21},{"not_picked":["Lockon+1","Hologram"],"picked":"Leap+1","floor":22},{"not_picked":["Multi-Cast","Ball Lightning+1"],"picked":"Sunder+1","floor":25},{"not_picked":["Gash+1","Sunder+1"],"picked":"Undo+1","floor":27}],"player_experience":587396,"potions_floor_usage":[14],"damage_taken":[{"damage":2,"enemies":"Jaw Worm","floor":1,"turns":3},{"damage":0,"enemies":"2 Louse","floor":2,"turns":2},{"damage":3,"enemies":"Small Slimes","floor":4,"turns":3},{"damage":0,"enemies":"Red Slaver","floor":6,"turns":3},{"damage":4,"enemies":"2 Fungi Beasts","floor":7,"turns":3},{"damage":11,"enemies":"Gremlin Nob","floor":14,"turns":4},{"damage":36,"enemies":"The Guardian","floor":16,"turns":12},{"damage":22,"enemies":"Chosen","floor":18,"turns":5},{"damage":16,"enemies":"3 Byrds","floor":21,"turns":4},{"damage":13,"enemies":"Centurion and Healer","floor":22,"turns":4},{"damage":18,"enemies":"Slavers","floor":25,"turns":5},{"damage":16,"enemies":"Snake Plant","floor":27,"turns":3},{"damage":19,"enemies":"Cultist and Chosen","floor":28,"turns":4}],"relics_obtained":[{"floor":9,"key":"Orichalcum"},{"floor":13,"key":"Molten Egg 2"},{"floor":14,"key":"Vajra"},{"floor":25,"key":"Kunai"},{"floor":26,"key":"Mummified Hand"}],"event_choices":[{"event_name":"Living Wall","player_choice":"Forget","floor":5,"damage_taken":0},{"event_name":"Shining Light","player_choice":"Entered Light","floor":11,"damage_taken":0},{"event_name":"The Lab","player_choice":"Got Potions","floor":12,"damage_taken":0},{"event_name":"Forgotten Altar","player_choice":"Shed Blood","floor":19,"damage_taken":0},{"event_name":"Wheel of Change","player_choice":"Full Heal","floor":20,"damage_taken":0},{"event_name":"Back to Basics","player_choice":"Elegance","floor":24,"damage_taken":0}],"boss_relics":[{"not_picked":["Velvet Choker","Philosopher\u0027s Stone"],"picked":"Sozu"}],"items_purged_floors":[3,23],"potions_floor_spawned":[1,6,7,21,25,27],"seed_played":"-1600986702287732646","killed_by":"Cultist and Chosen","ascension_level":1,"potions_obtained":[{"floor":1,"key":"Regen Potion"},{"floor":6,"key":"LiquidBronze"},{"floor":7,"key":"Poison Potion"},{"floor":12,"key":"Energy Potion"},{"floor":12,"key":"SpeedPotion"}],"is_trial":false}