{"gold_per_floor":[15,29,47,64,82,82,113,113,113,113,138,138,63,89,89,160,160,180,95,113,130,130],"floor_reached":22,"playtime":1880,"items_purged":["Strike_R"],"score":353,"play_id":"4682d704-01aa-4b87-a536-e10644d6b89b","local_time":"20190406210931","is_ascension_mode":true,"campfire_choices":[{"data":"Intimidate","floor":6,"key":"SMITH"},{"data":"Flame Barrier","floor":8,"key":"SMITH"},{"data":"Demon Form","floor":10,"key":"SMITH"},{"data":"Iron Wave","floor":12,"key":"SMITH"},{"data":"Blood for Blood","floor":15,"key":"SMITH"}],"neow_cost":"NO_GOLD","seed_source_timestamp":2080456942988627,"circlet_count":0,"master_deck":["AscendersBane","Strike_R","Strike_R","Strike_R","Strike_R","Defend_R","Defend_R","Defend_R","Defend_R","Bash","Intimidate+1","Cleave","Iron Wave+1","Flame Barrier+1","Demon Form+1","Thunderclap","Blood for Blood+1","Offering","Rampage","Seeing Red+1","Pummel+1"],"relics":["Burning Blood","Calipers","Pantograph","Ginger","Odd Mushroom","Ornamental Fan","Runic Cube","Peace Pipe"],"potions_floor_usage":[7,7,11,14,20],"damage_taken":[{"damage":8,"enemies":"Jaw Worm","floor":1,"turns":6},{"damage":5,"enemies":"2 Louse","floor":2,"turns":3},{"damage":6,"enemies":"Small Slimes","floor":3,"turns":4},{"damage":12,"enemies":"Red Slaver","floor":4,"turns":4},{"damage":1,"enemies":"2 Fungi Beasts","floor":5,"turns":4},{"damage":13,"enemies":"3 Sentries","floor":7,"turns":8},{"damage":6,"enemies":"The Mushroom Lair","floor":11,"turns":6},{"damage":14,"enemies":"Gremlin Nob","floor":14,"turns":6},{"damage":52,"enemies":"Hexaghost","floor":16,"turns":10},{"damage":24,"enemies":"Spheric Guardian","floor":18,"turns":4},{"damage":14,"enemies":"Chosen","floor":20,"turns":3},{"damage":32,"enemies":"Centurion and Healer","floor":21,"turns":6},{"damage":12,"enemies":"3 Cultists","floor":22,"turns":3}],"seed_played":"1417035146973342485","potions_obtained":[{"floor":1,"key":"PowerPotion"},{"floor":2,"key":"SkillPotion"},{"floor":7,"key":"SteroidPotion"},{"floor":11,"key":"Block Potion"},{"floor":18,"key":"Ancient Potion"}],"is_trial":false,"path_per_floor":["M","M","M","M","M","R","E","R","T","R","?","R","$","E","R","B",null,"M","?","M","M","M"],"character_chosen":"IRONCLAD","items_purchased":[],"campfire_rested":0,"item_purchase_floors":[],"current_hp_per_floor":[66,67,67,61,66,66,59,59,59,59,59,59,59,51,51,29,64,46,46,38,12,0],"gold":130,"neow_bonus":"ONE_RARE_RELIC","is_prod":false,"is_daily":false,"chose_seed":false,"campfire_upgraded":5,"win_rate":0,"timestamp":1554599371,"path_taken":["M","M","M","M","M","R","E","R","T","R","?","R","$","E","R","BOSS","M","?","M","M","M"],"build_version":"2019-01-23","purchased_purges":1,"victory":false,"max_hp_per_floor":[75,75,75,75,75,75,75,75,75,75,75,75,75,75,75,75,75,75,75,75,75,75],"card_choices":[{"not_picked":["Second Wind","Corruption"],"picked":"Intimidate","floor":1},{"not_picked":["Twin Strike","Battle Trance"],"picked":"Cleave","floor":2},{"not_picked":["Warcry","Dual Wield"],"picked":"Iron Wave","floor":3},{"not_picked":["Cleave","Pommel Strike"],"picked":"Flame Barrier","floor":4},{"not_picked":["Corruption","Blood for Blood","Flex"],"picked":"SKIP","floor":5},{"not_picked":["Corruption","Blood for Blood","Flex"],"picked":"SKIP","floor":5},{"not_picked":["Dark Embrace","Perfected Strike"],"picked":"Demon Form","floor":7},{"not_picked":["Reckless Charge","Perfected Strike"],"picked":"Thunderclap","floor":11},{"not_picked":["Warcry","Combust"],"picked":"Blood for Blood","floor":14},{"not_picked":["Double Tap","Dark Embrace"],"picked":"Offering","floor":16},{"not_picked":["Flex","Infernal Blade"],"picked":"Rampage","floor":18},{"not_picked":["Clothesline","Heavy Blade"],"picked":"Seeing Red+1","floor":20},{"not_picked":["Clash","Reckless Charge"],"picked":"Pummel+1","floor":21}],"player_experience":2456411,"relics_obtained":[{"floor":7,"key":"Pantograph"},{"floor":9,"key":"Ginger"},{"floor":11,"key":"Odd Mushroom"},{"floor":14,"key":"Ornamental Fan"}],"event_choices":[{"damage_healed":0,"gold_gain":0,"player_choice":"Fought Mushrooms","damage_taken":0,"max_hp_gain":0,"max_hp_loss":0,"event_name":"Mushrooms","floor":11,"gold_loss":0},{"damage_healed":0,"gold_gain":0,"player_choice":"Obtained Relic","damage_taken":0,"relics_obtained":["Peace Pipe"],"max_hp_gain":0,"max_hp_loss":0,"event_name":"Addict","floor":19,"gold_loss":85}],"is_beta":false,"boss_relics":[{"not_picked":["Runic Pyramid","Orrery"],"picked":"Runic Cube"}],"items_purged_floors":[13],"is_endless":false,"potions_floor_spawned":[1,2,7,11,18],"killed_by":"3 Cultists","ascension_level":16}