{"gold_per_floor":[219,15,28,48,58,58,92,110,192,192,208,208,208,236,236,340,340,351,13,24,35,35,35],"floor_reached":23,"playtime":879,"items_purged":[],"score":223,"play_id":"9456a2a3-6dfc-46ae-a721-c8742fce20ad","local_time":"20191014172603","is_ascension_mode":true,"campfire_choices":[{"floor":6,"key":"RECALL"},{"floor":10,"key":"REST"},{"floor":13,"key":"REST"},{"data":"Perfected Strike","floor":15,"key":"SMITH"}],"neow_cost":"NONE","seed_source_timestamp":179776538676800,"circlet_count":0,"master_deck":["Strike_R","Strike_R","Strike_R","Strike_R","Strike_R","Defend_R+1","Defend_R","Defend_R","Defend_R+1","Bash","Anger","Perfected Strike","Iron Wave","Shrug It Off+1","Wild Strike","Power Through","Thunderclap","Shrug It Off+1","Perfected Strike+1","Barricade","Infernal Blade","Whirlwind","Combust+1","Flame Barrier","Shame"],"relics":["Burning Blood","Blood Vial","PreservedInsect","CaptainsWheel","Velvet Choker","Lantern","ClockworkSouvenir","War Paint"],"potions_floor_usage":[5,8,16,18,20],"damage_taken":[{"damage":12,"enemies":"2 Louse","floor":1,"turns":4},{"damage":0,"enemies":"Small Slimes","floor":3,"turns":2},{"damage":2,"enemies":"Jaw Worm","floor":4,"turns":3},{"damage":6,"enemies":"Red Slaver","floor":5,"turns":2},{"damage":30,"enemies":"3 Sentries","floor":7,"turns":8},{"damage":11,"enemies":"Large Slime","floor":8,"turns":4},{"damage":5,"enemies":"Gremlin Gang","floor":11,"turns":3},{"damage":10,"enemies":"Gremlin Nob","floor":14,"turns":4},{"damage":75,"enemies":"Hexaghost","floor":16,"turns":11},{"damage":14,"enemies":"2 Thieves","floor":18,"turns":4},{"damage":12,"enemies":"Shell Parasite","floor":20,"turns":6},{"damage":18,"enemies":"Snake Plant","floor":21,"turns":4},{"damage":65,"enemies":"Gremlin Leader","floor":23,"turns":2}],"seed_played":"1957183560699051427","potions_obtained":[{"floor":3,"key":"Fire Potion"},{"floor":5,"key":"ElixirPotion"},{"floor":7,"key":"Explosive Potion"},{"floor":14,"key":"Ancient Potion"},{"floor":16,"key":"Fire Potion"},{"floor":18,"key":"Weak Potion"}],"is_trial":false,"path_per_floor":["M","$","M","M","M","R","E","M","T","R","M","?","R","E","R","B",null,"M","$","M","M","?","E"],"character_chosen":"IRONCLAD","items_purchased":["Blood Vial","Perfected Strike","Lantern","ClockworkSouvenir","Whirlwind"],"campfire_rested":2,"item_purchase_floors":[2,2,19,19,19],"current_hp_per_floor":[74,74,80,80,80,80,56,53,53,77,80,64,80,76,76,9,80,72,72,68,58,58,0],"gold":35,"neow_bonus":"HUNDRED_GOLD","is_prod":false,"is_daily":false,"chose_seed":false,"campfire_upgraded":1,"win_rate":0,"timestamp":1571084763,"path_taken":["M","$","M","M","M","R","E","M","T","R","M","?","R","E","R","BOSS","M","$","M","M","?","E"],"build_version":"2019-10-14","purchased_purges":0,"victory":false,"max_hp_per_floor":[80,80,80,80,80,80,80,80,80,80,80,80,80,80,80,80,80,80,80,80,80,80,80],"card_choices":[{"not_picked":["Thunderclap","Iron Wave"],"picked":"Anger","floor":1},{"not_picked":["Warcry","Sword Boomerang"],"picked":"Iron Wave","floor":3},{"not_picked":["Evolve","Armaments"],"picked":"Shrug It Off","floor":4},{"not_picked":["Rupture","Warcry"],"picked":"Wild Strike","floor":5},{"not_picked":["Sword Boomerang","Berserk"],"picked":"Power Through","floor":7},{"not_picked":["Body Slam","Second Wind"],"picked":"Thunderclap","floor":8},{"not_picked":["Clash","Heavy Blade"],"picked":"Shrug It Off","floor":11},{"not_picked":["Sentinel","Combust"],"picked":"Perfected Strike","floor":14},{"not_picked":["Reaper","Fiend Fire"],"picked":"Barricade","floor":16},{"not_picked":["True Grit","Clash+1"],"picked":"Infernal Blade","floor":18},{"not_picked":["Twin Strike","Hemokinesis"],"picked":"Combust+1","floor":20},{"not_picked":["Blood for Blood+1","Thunderclap"],"picked":"Flame Barrier","floor":21}],"player_experience":454239,"relics_obtained":[{"floor":7,"key":"PreservedInsect"},{"floor":14,"key":"CaptainsWheel"}],"event_choices":[{"damage_healed":0,"gold_gain":0,"player_choice":"Entered Light","damage_taken":16,"max_hp_gain":0,"max_hp_loss":0,"event_name":"Shining Light","floor":12,"gold_loss":0,"cards_upgraded":["Defend_R","Defend_R"]},{"damage_healed":0,"gold_gain":0,"player_choice":"Stole Relic","damage_taken":0,"relics_obtained":["War Paint"],"max_hp_gain":0,"max_hp_loss":0,"event_name":"Addict","floor":22,"gold_loss":0,"cards_obtained":["Shame"]}],"is_beta":true,"boss_relics":[{"not_picked":["Cursed Key","Astrolabe"],"picked":"Velvet Choker"}],"items_purged_floors":[],"is_endless":false,"potions_floor_spawned":[3,5,7,14,16,18],"killed_by":"Gremlin Leader","ascension_level":2}