{"gold_per_floor":[116,66,66,66,85,85,85,118,118,37,37,37,62,78,78,201,201,219,235,235,14,32,32,32,32,103,137,137,162,162,16,16,16],"floor_reached":33,"playtime":1961,"items_purged":["Strike_B"],"score":430,"play_id":"eda7132f-b6b5-4210-bbc5-d6de4cf0ce25","local_time":"20181120212019","is_ascension_mode":true,"campfire_choices":[{"floor":6.0,"key":"REST"},{"floor":11.0,"key":"REST"},{"floor":15.0,"key":"REST"},{"floor":23,"key":"REST"},{"floor":25,"key":"REST"},{"floor":28,"key":"REST"},{"data":"Go for the Eyes","floor":32,"key":"SMITH"}],"neow_cost":"NONE","seed_source_timestamp":0,"circlet_count":0,"master_deck":["AscendersBane","Strike_B","Strike_B+1","Defend_B","Defend_B","Defend_B+1","Defend_B","Zap","Dualcast","Turbo","Steam","Gash","Streamline","Rebound","Gash","Undo","Electrodynamics","Steam","Chaos","Consume","Go for the Eyes+1","Sweeping Beam","Beam Cell","Hologram+1","Streamline+1","Ghostly","Ghostly","Ghostly","Ghostly","Ghostly","Apotheosis"],"special_seed":0,"relics":["Cracked Core","Golden Idol","Letter Opener","The Courier","Bag of Marbles","Nuclear Battery","Happy Flower","Bottled Tornado","Question Card"],"potions_floor_usage":[24,27],"damage_taken":[{"damage":0.0,"enemies":"2 Louse","floor":1.0,"turns":3.0},{"damage":8.0,"enemies":"Jaw Worm","floor":5.0,"turns":4.0},{"damage":38.0,"enemies":"Gremlin Nob","floor":8.0,"turns":5.0},{"damage":6.0,"enemies":"Small Slimes","floor":13.0,"turns":3.0},{"damage":4.0,"enemies":"3 Louse","floor":14.0,"turns":2.0},{"damage":14.0,"enemies":"The Guardian","floor":16.0,"turns":11.0},{"damage":0.0,"enemies":"Chosen","floor":18.0,"turns":5.0},{"damage":26.0,"enemies":"3 Byrds","floor":19.0,"turns":5.0},{"damage":23,"enemies":"Snecko","floor":22,"turns":5},{"damage":10,"enemies":"Colosseum Slavers","floor":24,"turns":3},{"damage":28,"enemies":"Slavers","floor":27,"turns":4},{"damage":18,"enemies":"Shelled Parasite and Fungi","floor":29,"turns":5},{"damage":31,"enemies":"Champ","floor":33,"turns":7}],"seed_played":"8493586428008671593","potions_obtained":[{"floor":14.0,"key":"SteroidPotion"},{"floor":16.0,"key":"FocusPotion"},{"floor":22,"key":"Block Potion"}],"is_trial":false,"path_per_floor":["M","?","$","?","M","R","?","E","T","$","R","?","M","M","R","B",null,"M","M","?","$","M","R","?","R","T","E","R","M","?","$","R","B"],"character_chosen":"DEFECT","items_purchased":["Rebound","Consume","Go for the Eyes","Happy Flower","Sweeping Beam","Apotheosis"],"campfire_rested":6,"item_purchase_floors":[10,21,21,21,21,31],"current_hp_per_floor":[68,68,68,50,42,64,49,11,11,11,33,15,9,5,27,13,60,60,34,34,34,11,33,23,45,45,17,39,21,21,21,21,0],"gold":16,"neow_bonus":"THREE_CARDS","is_prod":false,"is_daily":false,"chose_seed":false,"campfire_upgraded":1,"win_rate":0,"timestamp":1542766819,"path_taken":["M","?","?","?","M","R","?","E","T","$","R","?","M","M","R","BOSS","M","M","?","?","M","R","?","R","T","E","R","M","?","$","R","BOSS"],"build_version":"2018-11-15","purchased_purges":1,"victory":false,"max_hp_per_floor":[75,75,75,75,75,75,75,75,75,75,75,75,75,75,75,75,75,75,75,75,75,75,75,75,75,75,75,75,75,37,37,37,37],"card_choices":[{"not_picked":["Redo","Consume"],"picked":"Turbo","floor":0.0},{"not_picked":["Redo","Storm"],"picked":"Steam","floor":1.0},{"not_picked":["Leap","Coolheaded"],"picked":"Gash","floor":5.0},{"not_picked":["Hello World","White Noise"],"picked":"Streamline","floor":8.0},{"not_picked":["Genetic Algorithm","Leap"],"picked":"Gash","floor":13.0},{"not_picked":["Chaos","Leap"],"picked":"Undo","floor":14.0},{"not_picked":["Seek","Rainbow"],"picked":"Electrodynamics","floor":16.0},{"not_picked":["Double Energy+1","Barrage"],"picked":"Steam","floor":18.0},{"not_picked":["Stack","Hello World"],"picked":"Chaos","floor":19.0},{"not_picked":["Coolheaded+1","Turbo"],"picked":"Beam Cell","floor":22},{"not_picked":["Ball Lightning","Sweeping Beam"],"picked":"Hologram+1","floor":27},{"not_picked":["Rebound","Hello World","Barrage"],"picked":"Streamline+1","floor":29}],"player_experience":1999575,"relics_obtained":[{"floor":8.0,"key":"Letter Opener"},{"floor":9.0,"key":"The Courier"},{"floor":26,"key":"Bottled Tornado"},{"floor":27,"key":"Question Card"}],"event_choices":[{"cards_removed":["Strike_B"],"damage_healed":0.0,"max_hp_gain":0.0,"max_hp_loss":0.0,"gold_gain":0.0,"event_name":"The Cleric","player_choice":"Card Removal","floor":2.0,"gold_loss":50.0,"damage_taken":0.0},{"damage_healed":0.0,"max_hp_gain":0.0,"max_hp_loss":0.0,"gold_gain":0.0,"event_name":"Golden Idol","player_choice":"Take Damage","floor":4.0,"gold_loss":0.0,"damage_taken":18.0,"relics_obtained":["Golden Idol"]},{"damage_healed":0.0,"max_hp_gain":0.0,"max_hp_loss":0.0,"gold_gain":0.0,"event_name":"Shining Light","player_choice":"Entered Light","floor":7.0,"gold_loss":0.0,"damage_taken":15.0,"cards_upgraded":["Defend_B","Strike_B"]},{"damage_healed":0.0,"max_hp_gain":0.0,"max_hp_loss":0.0,"gold_gain":0.0,"event_name":"Scrap Ooze","player_choice":"Success","floor":12.0,"gold_loss":0.0,"damage_taken":18.0,"relics_obtained":["Bag of Marbles"]},{"damage_healed":0.0,"max_hp_gain":0.0,"max_hp_loss":0.0,"gold_gain":0.0,"event_name":"The Woman in Blue","player_choice":"Bought 0 Potions","floor":20.0,"gold_loss":0.0,"damage_taken":0.0},{"damage_healed":0,"gold_gain":0,"player_choice":"Fight","damage_taken":0,"max_hp_gain":0,"max_hp_loss":0,"event_name":"Colosseum","floor":24,"gold_loss":0},{"damage_healed":0,"gold_gain":0,"player_choice":"Fled From Nobs","damage_taken":0,"max_hp_gain":0,"max_hp_loss":0,"event_name":"Colosseum","floor":24,"gold_loss":0},{"damage_healed":0,"gold_gain":0,"player_choice":"Became a Ghost","damage_taken":0,"max_hp_gain":0,"max_hp_loss":38,"event_name":"Ghosts","floor":30,"gold_loss":0,"cards_obtained":["Ghostly","Ghostly","Ghostly","Ghostly","Ghostly"]}],"is_beta":false,"boss_relics":[{"not_picked":["Coffee Dripper","Velvet Choker"],"picked":"Nuclear Battery"}],"items_purged_floors":[10],"is_endless":false,"potions_floor_spawned":[14,16,19,22,24],"killed_by":"Champ","ascension_level":11}