{"gold_per_floor":[112,132,132,148,160,160,173,191,191,37,37,55,66,94,94,189,189,201,221,221,221,221,221,241,83,130,130,140,153,153],"floor_reached":30,"playtime":1663,"items_purged":[],"score":344,"play_id":"5c754801-4349-4b48-a1b5-846e52033754","local_time":"20180903230010","is_ascension_mode":true,"campfire_choices":[{"data":"Sunder","floor":6,"key":"SMITH"},{"data":"Genetic Algorithm","floor":11,"key":"SMITH"},{"floor":15,"key":"REST"},{"floor":23,"key":"REST"},{"floor":27,"key":"REST"}],"neow_cost":"NONE","seed_source_timestamp":417159503157608,"circlet_count":0,"master_deck":["Defend_B+1","Defend_B+1","Defend_B+1","Defend_B+1","Zap","Dualcast","Beam Cell","Sweeping Beam","Self Repair","Sunder+1","Genetic Algorithm+1","Ball Lightning","Electrodynamics","Hologram","Reinforced Body","Double Energy","Thunder Strike","Decay","Parasite","Injury","Recycle+1","Darkness+1","Bite","Bite","Bite","Bite","Bite","Beam Cell","Turbo+1","Hologram+1","Defragment","Leap+1","Fusion+1"],"relics":["Cracked Core","Blue Candle","Calipers","Calling Bell","Lantern","Toxic Egg 2","Incense Burner","Mummified Hand","Blood Vial"],"potions_floor_usage":[16,19,29,29,30],"damage_taken":[{"damage":2,"enemies":"Jaw Worm","floor":1,"turns":3},{"damage":7,"enemies":"2 Louse","floor":2,"turns":4},{"damage":3,"enemies":"Small Slimes","floor":4,"turns":2},{"damage":7,"enemies":"Looter","floor":5,"turns":3},{"damage":11,"enemies":"Blue Slaver","floor":7,"turns":3},{"damage":9,"enemies":"3 Louse","floor":8,"turns":2},{"damage":18,"enemies":"Red Slaver","floor":12,"turns":3},{"damage":4,"enemies":"Blue Slaver","floor":13,"turns":2},{"damage":10,"enemies":"3 Sentries","floor":14,"turns":3},{"damage":32,"enemies":"Hexaghost","floor":16,"turns":9},{"damage":12,"enemies":"Chosen","floor":18,"turns":6},{"damage":36,"enemies":"3 Byrds","floor":19,"turns":4},{"damage":22,"enemies":"Snecko","floor":24,"turns":5},{"damage":26,"enemies":"Centurion and Healer","floor":28,"turns":6},{"damage":36,"enemies":"Snake Plant","floor":29,"turns":3},{"damage":45,"enemies":"Book of Stabbing","floor":30,"turns":5}],"seed_played":"-1964261155957198765","potions_obtained":[{"floor":2,"key":"Weak Potion"},{"floor":7,"key":"Ancient Potion"},{"floor":8,"key":"Block Potion"},{"floor":12,"key":"Regen Potion"},{"floor":19,"key":"Swift Potion"},{"floor":28,"key":"SpeedPotion"}],"is_trial":false,"path_per_floor":["M","M","?","M","M","R","M","M","T","$","R","M","M","E","R","B",null,"M","M","?","?","T","R","M","$","T","R","M","M"],"character_chosen":"DEFECT","items_purchased":["Electrodynamics","Turbo+1","Hologram+1","Defragment"],"campfire_rested":3,"item_purchase_floors":[10,25,25,25],"current_hp_per_floor":[73,66,71,68,68,68,64,55,55,55,55,44,40,30,56,31,73,68,39,39,39,39,57,47,47,47,60,47,22,0],"gold":153,"neow_bonus":"TEN_PERCENT_HP_BONUS","is_prod":false,"is_daily":false,"chose_seed":false,"campfire_upgraded":2,"win_rate":0,"timestamp":1536030010,"path_taken":["M","M","?","?","M","R","M","M","T","$","R","M","M","E","R","BOSS","M","M","?","?","?","R","M","$","T","R","M","M","E"],"build_version":"2018-08-23v2","purchased_purges":0,"victory":false,"max_hp_per_floor":[82,82,87,87,87,87,87,87,87,87,87,87,87,87,87,87,87,87,87,87,60,60,60,60,60,60,60,60,60,60],"card_choices":[{"not_picked":["Steam","Hologram"],"picked":"Beam Cell","floor":1},{"not_picked":["Rebound","Reprogram"],"picked":"Sweeping Beam","floor":2},{"not_picked":["Coolheaded","Steam"],"picked":"Self Repair","floor":4},{"not_picked":["Force Field","Lockon"],"picked":"Sunder","floor":5},{"not_picked":["Aggregate","Storm"],"picked":"Genetic Algorithm","floor":7},{"not_picked":["Leap","Barrage"],"picked":"Ball Lightning","floor":8},{"not_picked":["Chaos","Fission"],"picked":"Hologram","floor":12},{"not_picked":["Streamline","Leap"],"picked":"Reinforced Body","floor":13},{"not_picked":["Undo","Leap"],"picked":"Double Energy","floor":14},{"not_picked":["Machine Learning","Fission"],"picked":"Thunder Strike","floor":16},{"not_picked":["Sweeping Beam","Ball Lightning"],"picked":"Recycle+1","floor":18},{"not_picked":["Steam+1","Stack+1"],"picked":"Darkness+1","floor":19},{"not_picked":["Compile Driver","Self Repair"],"picked":"Beam Cell","floor":24},{"not_picked":["Lockon","Hello World+1"],"picked":"Leap+1","floor":28},{"not_picked":["Barrage+1","BootSequence+1"],"picked":"Fusion+1","floor":29}],"player_experience":1647283,"relics_obtained":[{"floor":9,"key":"Blue Candle"},{"floor":14,"key":"Calipers"},{"floor":17,"key":"Lantern"},{"floor":17,"key":"Toxic Egg 2"},{"floor":17,"key":"Incense Burner"},{"floor":22,"key":"Mummified Hand"},{"floor":26,"key":"Blood Vial"}],"event_choices":[{"event_name":"Big Fish","player_choice":"Donut","floor":3,"damage_taken":0},{"event_name":"Back to Basics","player_choice":"Simplicity","floor":20,"damage_taken":0},{"event_name":"Vampires","player_choice":"Became a vampire","floor":21,"damage_taken":0}],"is_beta":false,"boss_relics":[{"not_picked":["Fusion Hammer","Nuclear Battery"],"picked":"Calling Bell"}],"items_purged_floors":[],"is_endless":false,"potions_floor_spawned":[2,7,8,12,13,14,19,28],"killed_by":"Book of Stabbing","ascension_level":7}