{"gold_per_floor":[109,123,139,89,89,117,134,134,204,216,216,234,268,288,288,384,384,404,404,367,378,123,123,46,46,46,56,56,91,91,102,102,200,200,219,219,219,230,248,275,287],"floor_reached":41,"playtime":6962,"items_purged":[],"score":578,"play_id":"7c39af9d-4dde-42d0-8de7-b8151702d669","local_time":"20190910200505","is_ascension_mode":false,"campfire_choices":[{"data":"JustLucky","floor":8,"key":"SMITH"},{"floor":11,"key":"REST"},{"data":"Evaluate","floor":15,"key":"SMITH"},{"data":"Apotheosis","floor":23,"key":"SMITH"},{"data":"BowlingBash","floor":28,"key":"SMITH"},{"data":"DevaForm","floor":32,"key":"SMITH"}],"neow_cost":"NONE","seed_source_timestamp":1125888325912,"circlet_count":0,"master_deck":["Strike_P","Defend_P","Defend_P","Defend_P","Defend_P","Eruption","Vigilance","EmptyBody","BowlingBash+1","Conclude","WindmillStrike","JustLucky+1","BowlingBash+1","Protect","Evaluate+1","DeusExMachina","WindmillStrike+1","InnerPeace","Fasting","FlyingSleeves","Apotheosis+1","Dark Shackles","CrushJoints","EmptyMind","DevaForm+1","CrushJoints","Omniscience","FearNoEvil","Vengeance+1","ThirdEye"],"relics":["HolyWater","Incense Burner","Gremlin Horn","Vajra","Bag of Preparation","Runic Dome","MawBank"],"potions_floor_usage":[14,16,18,29,29,33,33],"damage_taken":[{"damage":0,"enemies":"Cultist","floor":1,"turns":2},{"damage":1,"enemies":"2 Louse","floor":2,"turns":3},{"damage":7,"enemies":"Small Slimes","floor":3,"turns":3},{"damage":43,"enemies":"Lagavulin","floor":6,"turns":11},{"damage":0,"enemies":"Exordium Thugs","floor":7,"turns":2},{"damage":0,"enemies":"Looter","floor":10,"turns":2},{"damage":0,"enemies":"3 Louse","floor":12,"turns":6},{"damage":0,"enemies":"3 Sentries","floor":13,"turns":3},{"damage":0,"enemies":"Exordium Thugs","floor":14,"turns":3},{"damage":33,"enemies":"The Guardian","floor":16,"turns":16},{"damage":0,"enemies":"Chosen","floor":18,"turns":6},{"damage":0,"enemies":"2 Thieves","floor":21,"turns":5},{"damage":17,"enemies":"Centurion and Healer","floor":27,"turns":4},{"damage":0,"enemies":"Book of Stabbing","floor":29,"turns":4},{"damage":1,"enemies":"Cultist and Chosen","floor":31,"turns":9},{"damage":0,"enemies":"Automaton","floor":33,"turns":11},{"damage":0,"enemies":"3 Shapes","floor":35,"turns":3},{"damage":16,"enemies":"3 Darklings","floor":38,"turns":4},{"damage":8,"enemies":"Transient","floor":39,"turns":5},{"damage":35,"enemies":"Nemesis","floor":40,"turns":9},{"damage":10,"enemies":"Maw","floor":41,"turns":2}],"seed_played":"-973588009173573012","potions_obtained":[{"floor":7,"key":"EntropicBrew"},{"floor":12,"key":"DuplicationPotion"},{"floor":13,"key":"Energy Potion"},{"floor":14,"key":"Ancient Potion"},{"floor":21,"key":"Weak Potion"},{"floor":33,"key":"SteroidPotion"},{"floor":35,"key":"SteroidPotion"}],"is_trial":false,"path_per_floor":["M","M","M","?","?","E","M","R","T","M","R","M","E","M","R","B",null,"M","?","$","M","$","R","$","?","T","M","R","E","?","M","R","B",null,"M","?","?","M","M","E","M"],"character_chosen":"WATCHER","items_purchased":["Fasting","Apotheosis","Dark Shackles","CrushJoints","SteroidPotion"],"campfire_rested":1,"item_purchase_floors":[20,22,22,24,24],"current_hp_per_floor":[71,70,63,63,63,20,20,20,20,20,41,41,41,41,41,8,71,71,71,71,71,71,71,71,71,71,54,54,54,54,53,53,53,71,71,67,67,51,43,8,0],"gold":287,"neow_bonus":"TEN_PERCENT_HP_BONUS","is_prod":false,"is_daily":false,"chose_seed":false,"campfire_upgraded":5,"win_rate":0.0,"timestamp":1568102705,"path_taken":["M","M","M","?","?","E","M","R","T","M","R","M","E","M","R","BOSS","M","?","$","M","$","R","?","?","T","M","R","E","?","?","R","BOSS","M","?","?","M","M","E","M"],"build_version":"2019-09-09v2","purchased_purges":0,"victory":false,"max_hp_per_floor":[71,71,71,71,71,71,71,71,71,71,71,71,71,71,71,71,71,71,71,71,71,71,71,71,71,71,71,71,71,71,71,71,71,71,71,67,67,67,67,67,67],"card_choices":[{"not_picked":["Sanctity","ThirdEye"],"picked":"EmptyBody","floor":1},{"not_picked":["ThirdEye","FlyingSleeves"],"picked":"BowlingBash","floor":2},{"not_picked":["Crescendo","Evaluate"],"picked":"Conclude","floor":3},{"not_picked":["WreathOfFlame","CarveReality"],"picked":"WindmillStrike","floor":6},{"not_picked":["FollowUp","Sanctity"],"picked":"JustLucky","floor":7},{"not_picked":["EmptyBody","Fasting"],"picked":"BowlingBash","floor":10},{"not_picked":["Weave","Halt"],"picked":"Protect","floor":12},{"not_picked":["Scrawl","Halt","CrushJoints"],"picked":"SKIP","floor":13},{"not_picked":["EmptyFist","Fasting"],"picked":"Evaluate","floor":14},{"not_picked":["Nirvana","Wallop"],"picked":"DeusExMachina","floor":16},{"not_picked":["Adaptation","CutThroughFate"],"picked":"WindmillStrike+1","floor":18},{"not_picked":["Halt","Consecrate","FlyingSleeves"],"picked":"SKIP","floor":21},{"not_picked":["Halt","Consecrate"],"picked":"FlyingSleeves","floor":21},{"not_picked":["ForeignInfluence","EmptyBody"],"picked":"EmptyMind","floor":27},{"not_picked":["Scrawl","CarveReality+1"],"picked":"DevaForm","floor":29},{"not_picked":["PathToVictory","EmptyMind"],"picked":"CrushJoints","floor":31},{"not_picked":["FlowState","DeusExMachina"],"picked":"Omniscience","floor":33},{"not_picked":["BowlingBash+1","EmptyFist+1","WreathOfFlame+1"],"picked":"SKIP","floor":35},{"not_picked":["CutThroughFate","PathToVictory"],"picked":"FearNoEvil","floor":38},{"not_picked":["ClearTheMind","CutThroughFate"],"picked":"Vengeance+1","floor":39},{"not_picked":["WindmillStrike","Weave+1"],"picked":"ThirdEye","floor":40}],"player_experience":987815,"relics_obtained":[{"floor":6,"key":"Incense Burner"},{"floor":9,"key":"Gremlin Horn"},{"floor":13,"key":"Vajra"},{"floor":29,"key":"Bag of Preparation"},{"floor":40,"key":"MawBank"}],"event_choices":[{"cards_removed":["Strike_P"],"damage_healed":0,"gold_gain":0,"player_choice":"Card Removal","damage_taken":0,"max_hp_gain":0,"max_hp_loss":0,"event_name":"The Cleric","floor":4,"gold_loss":50},{"damage_healed":0,"gold_gain":0,"player_choice":"Grow","damage_taken":0,"max_hp_gain":0,"max_hp_loss":0,"event_name":"Living Wall","floor":5,"gold_loss":0,"cards_upgraded":["BowlingBash"]},{"damage_healed":0,"gold_gain":0,"cards_transformed":["Strike_P"],"player_choice":"Transformed","damage_taken":0,"max_hp_gain":0,"max_hp_loss":0,"event_name":"Transmorgrifier","floor":19,"gold_loss":0,"cards_obtained":["InnerPeace"]},{"damage_healed":0,"gold_gain":0,"player_choice":"Ignored","damage_taken":0,"max_hp_gain":0,"max_hp_loss":0,"event_name":"The Mausoleum","floor":25,"gold_loss":0},{"cards_removed":["Strike_P"],"damage_healed":0,"gold_gain":0,"player_choice":"Took Card","damage_taken":0,"max_hp_gain":0,"max_hp_loss":0,"event_name":"NoteForYourself","floor":30,"gold_loss":0,"cards_obtained":["Iron Wave"]},{"damage_healed":0,"gold_gain":0,"player_choice":"Max HP","damage_taken":0,"max_hp_gain":0,"max_hp_loss":4,"event_name":"Winding Halls","floor":36,"gold_loss":0},{"cards_removed":["Iron Wave"],"damage_healed":0,"gold_gain":0,"player_choice":"Removed Attack","damage_taken":0,"max_hp_gain":0,"max_hp_loss":0,"event_name":"Falling","floor":37,"gold_loss":0}],"is_beta":true,"boss_relics":[{"not_picked":["Coffee Dripper","Velvet Choker"],"picked":"HolyWater"},{"not_picked":["Tiny House","SacredBark"],"picked":"Runic Dome"}],"items_purged_floors":[],"is_endless":false,"potions_floor_spawned":[7,12,13,14,21,27,33,35,38,40],"killed_by":"Maw","ascension_level":0}