{"gold_per_floor":[115,129,21,35,52,52,72,107,186,203,203,203,230,230,230,301,301,273,289,17,17,17,32,32,67,94,94,9,23,23,41,41,112,112,125,125,125,143,156,156,187,187,187,187,35,54,154,166,166,166,166],"floor_reached":51,"playtime":4029,"items_purged":["Pain"],"score":1364,"play_id":"230342a8-8ba7-4339-9fe9-8a61916335a8","local_time":"20190729233447","is_ascension_mode":true,"campfire_choices":[{"data":"Pommel Strike","floor":6.0,"key":"SMITH"},{"data":"Shockwave","floor":12.0,"key":"SMITH"},{"data":"Armaments","floor":15.0,"key":"SMITH"},{"floor":27.0,"key":"REST"},{"data":"Demon Form","floor":32.0,"key":"SMITH"},{"data":"Limit Break","floor":40,"key":"SMITH"},{"data":"Metallicize","floor":42,"key":"SMITH"},{"data":"Metallicize","floor":44,"key":"SMITH"},{"floor":49,"key":"REST"}],"neow_cost":"PERCENT_DAMAGE","seed_source_timestamp":447092841879709,"circlet_count":0,"master_deck":["AscendersBane","Strike_R","Strike_R","Strike_R","Strike_R","Defend_R","Defend_R","Defend_R","Defend_R","Bash","Pommel Strike+1","Metallicize+1","Anger","Flex","Shrug It Off","Rage","Armaments+1","Shockwave+1","Blood for Blood","Sword Boomerang","Demon Form+1","Flash of Steel","Metallicize+1","Rage+1","Cleave","Limit Break+1","Warcry+1","Sword Boomerang","Whirlwind+1","Pommel Strike+1","Spot Weakness","Pommel Strike+1","Metallicize"],"special_seed":0,"relics":["Burning Blood","Ice Cream","Blood Vial","Shuriken","FossilizedHelix","Black Star","Lantern","Juzu Bracelet","Mercury Hourglass","Dream Catcher","Gremlin Horn","Cursed Key","Art of War","Pen Nib","Molten Egg 2","Girya"],"potions_floor_usage":[33,33,39,41,48,50],"damage_taken":[{"damage":3.0,"enemies":"2 Louse","floor":1.0,"turns":3.0},{"damage":9.0,"enemies":"Jaw Worm","floor":2.0,"turns":6.0},{"damage":0.0,"enemies":"Cultist","floor":4.0,"turns":3.0},{"damage":0.0,"enemies":"2 Fungi Beasts","floor":5.0,"turns":4.0},{"damage":6.0,"enemies":"3 Louse","floor":7.0,"turns":4.0},{"damage":18.0,"enemies":"3 Sentries","floor":8.0,"turns":11.0},{"damage":8.0,"enemies":"Exordium Wildlife","floor":10.0,"turns":6.0},{"damage":29.0,"enemies":"Gremlin Nob","floor":13.0,"turns":4.0},{"damage":7.0,"enemies":"The Guardian","floor":16.0,"turns":12.0},{"damage":12.0,"enemies":"2 Thieves","floor":18.0,"turns":5.0},{"damage":8.0,"enemies":"Spheric Guardian","floor":19.0,"turns":5.0},{"damage":23.0,"enemies":"Chosen and Byrds","floor":23.0,"turns":6.0},{"damage":31.0,"enemies":"Book of Stabbing","floor":25.0,"turns":6.0},{"damage":0.0,"enemies":"3 Cultists","floor":29.0,"turns":5.0},{"damage":7.0,"enemies":"Snake Plant","floor":31.0,"turns":5.0},{"damage":21,"enemies":"Champ","floor":33,"turns":8},{"damage":16,"enemies":"3 Darklings","floor":35,"turns":5},{"damage":8,"enemies":"3 Shapes","floor":38,"turns":11},{"damage":0,"enemies":"Sphere and 2 Shapes","floor":39,"turns":4},{"damage":0,"enemies":"Giant Head","floor":41,"turns":5},{"damage":42,"enemies":"Spire Growth","floor":46,"turns":6},{"damage":0,"enemies":"Mind Bloom Boss Battle","floor":47,"turns":6},{"damage":36,"enemies":"Jaw Worm Horde","floor":48,"turns":3},{"damage":43,"enemies":"Time Eater","floor":50,"turns":6},{"damage":26,"enemies":"Donu and Deca","floor":51,"turns":2}],"seed_played":"4911141881952428766","potions_obtained":[{"floor":2.0,"key":"Regen Potion"},{"floor":5.0,"key":"Weak Potion"},{"floor":8.0,"key":"Explosive Potion"},{"floor":10.0,"key":"LiquidBronze"},{"floor":16.0,"key":"Ancient Potion"},{"floor":19.0,"key":"FearPotion"},{"floor":29.0,"key":"Strength Potion"},{"floor":31.0,"key":"Poison Potion"},{"floor":38,"key":"Strength Potion"},{"floor":39,"key":"BloodPotion"},{"floor":47,"key":"Block Potion"},{"floor":48,"key":"EssenceOfSteel"}],"is_trial":false,"path_per_floor":["M","M","$","M","M","R","M","E","T","M","?","R","E","?","R","B",null,"M","M","$","?","$","M","?","E","T","R","?","M","$","M","R","B",null,"M","?","$","M","M","R","E","R","T","R","$","M","?","M","R","B","B"],"character_chosen":"IRONCLAD","items_purchased":["Anger","Flex","Flash of Steel","Lantern","Whirlwind+1"],"campfire_rested":2,"item_purchase_floors":[3,3,20,20,45],"current_hp_per_floor":[53,50,50,56,62,62,62,50,50,65,58,58,37,62,62,63,72,68,68,68,68,68,53,32,9,9,33,33,41,41,42,42,29,67,59,59,59,59,67,67,80,80,80,80,80,44,52,24,48,13,0],"gold":166,"neow_bonus":"ONE_RARE_RELIC","is_prod":false,"is_daily":false,"chose_seed":false,"campfire_upgraded":7,"win_rate":0,"timestamp":1564457687,"path_taken":["M","M","$","M","M","R","M","E","T","M","?","R","E","?","R","BOSS","M","M","$","?","?","M","?","E","T","R","?","M","$","M","R","BOSS","M","?","$","M","M","R","E","R","T","R","$","M","?","M","R","BOSS","BOSS"],"build_version":"2019-01-23","purchased_purges":1,"victory":false,"max_hp_per_floor":[75,75,75,75,75,75,75,75,75,75,75,75,75,75,75,75,75,75,75,75,75,75,75,80,80,80,80,80,80,80,80,80,80,80,80,80,80,80,80,80,80,80,80,80,80,80,80,80,80,80,80],"card_choices":[{"not_picked":["Sword Boomerang","Twin Strike"],"picked":"Pommel Strike","floor":1.0},{"not_picked":["Clash","Fire Breathing"],"picked":"Metallicize","floor":2.0},{"not_picked":["Warcry","Havoc"],"picked":"Shrug It Off","floor":4.0},{"not_picked":["Anger","Searing Blow"],"picked":"Rage","floor":5.0},{"not_picked":["Ghostly Armor","Reckless Charge"],"picked":"Armaments","floor":7.0},{"not_picked":["Clash","Wild Strike"],"picked":"Shockwave","floor":8.0},{"not_picked":["Wild Strike","Perfected Strike"],"picked":"Blood for Blood","floor":10.0},{"not_picked":["Warcry","Second Wind"],"picked":"Sword Boomerang","floor":13.0},{"not_picked":["Reaper","Immolate"],"picked":"Demon Form","floor":16.0},{"not_picked":["Havoc","Heavy Blade","Sentinel"],"picked":"SKIP","floor":18.0},{"not_picked":["Flex","Wild Strike+1","Clash"],"picked":"SKIP","floor":19.0},{"not_picked":["Flex","Clash","Warcry"],"picked":"SKIP","floor":23.0},{"not_picked":["Inflame","Pommel Strike","Body Slam"],"picked":"SKIP","floor":25.0},{"not_picked":["Armaments","Twin Strike+1"],"picked":"Rage+1","floor":27.0},{"not_picked":["Sword Boomerang","True Grit"],"picked":"Cleave","floor":29.0},{"not_picked":["Pommel Strike","Infernal Blade+1","Second Wind"],"picked":"SKIP","floor":31.0},{"not_picked":["Pommel Strike","Infernal Blade+1","Second Wind"],"picked":"SKIP","floor":31.0},{"not_picked":["Brutality","Impervious"],"picked":"Limit Break","floor":33},{"not_picked":["Perfected Strike+1","Heavy Blade","Armaments+1"],"picked":"SKIP","floor":35},{"not_picked":["Wild Strike","Sever Soul"],"picked":"Warcry+1","floor":38},{"not_picked":["Infernal Blade+1","Rupture"],"picked":"Sword Boomerang","floor":39},{"not_picked":["Warcry","Demon Form","Sever Soul"],"picked":"SKIP","floor":41},{"not_picked":["Wild Strike+1","Ghostly Armor"],"picked":"Pommel Strike+1","floor":46},{"not_picked":["Pommel Strike+1","Body Slam+1"],"picked":"Spot Weakness","floor":47},{"not_picked":["Perfected Strike+1","Armaments"],"picked":"Pommel Strike+1","floor":48},{"not_picked":["Body Slam+1","Impervious"],"picked":"Metallicize","floor":49}],"player_experience":2747156,"relics_obtained":[{"floor":8.0,"key":"Blood Vial"},{"floor":9.0,"key":"Shuriken"},{"floor":13.0,"key":"FossilizedHelix"},{"floor":25.0,"key":"Juzu Bracelet"},{"floor":25.0,"key":"Mercury Hourglass"},{"floor":26.0,"key":"Dream Catcher"},{"floor":41,"key":"Art of War"},{"floor":41,"key":"Pen Nib"},{"floor":43,"key":"Molten Egg 2"},{"floor":47,"key":"Girya"}],"event_choices":[{"cards_removed":["Strike_R"],"damage_healed":0.0,"max_hp_gain":0.0,"max_hp_loss":0.0,"gold_gain":0.0,"event_name":"Golden Wing","player_choice":"Card Removal","floor":11.0,"gold_loss":0.0,"damage_taken":7.0},{"damage_healed":25.0,"max_hp_gain":0.0,"max_hp_loss":0.0,"gold_gain":0.0,"event_name":"Big Fish","player_choice":"Banana","floor":14.0,"gold_loss":0.0,"damage_taken":0.0},{"damage_healed":0.0,"max_hp_gain":0.0,"max_hp_loss":0.0,"gold_gain":0.0,"event_name":"Duplicator","player_choice":"Copied","floor":21.0,"gold_loss":0.0,"damage_taken":0.0,"cards_obtained":["Metallicize"]},{"damage_healed":0.0,"max_hp_gain":5.0,"max_hp_loss":0.0,"gold_gain":0.0,"event_name":"Forgotten Altar","player_choice":"Shed Blood","floor":24.0,"gold_loss":0.0,"damage_taken":26.0},{"damage_healed":0.0,"max_hp_gain":0.0,"max_hp_loss":0.0,"gold_gain":0.0,"event_name":"Addict","player_choice":"Obtained Relic","floor":28.0,"gold_loss":85.0,"damage_taken":0.0,"relics_obtained":["Gremlin Horn"]},{"damage_healed":0,"gold_gain":0,"player_choice":"Ignored","damage_taken":0,"max_hp_gain":0,"max_hp_loss":0,"event_name":"Tomb of Lord Red Mask","floor":36,"gold_loss":0},{"damage_healed":0,"gold_gain":0,"player_choice":"Fight","damage_taken":0,"max_hp_gain":0,"max_hp_loss":0,"event_name":"MindBloom","floor":47,"gold_loss":0}],"is_beta":false,"boss_relics":[{"not_picked":["Runic Cube","Ectoplasm"],"picked":"Black Star"},{"not_picked":["Tiny House","Black Blood"],"picked":"Cursed Key"}],"items_purged_floors":[45],"is_endless":false,"potions_floor_spawned":[2,5,8,10,16,19,29,31,38,39,47,48],"killed_by":"Donu and Deca","ascension_level":20}