{"gold_per_floor":[115,126,91,61,74,74,3,22,22,22],"floor_reached":10,"playtime":742,"items_purged":[],"score":96,"play_id":"e443b178-ed4f-4ce0-8a1d-664fd9e39d44","local_time":"20190203012658","is_ascension_mode":true,"campfire_choices":[{"data":"Hologram","floor":6,"key":"SMITH"}],"neow_cost":"NONE","seed_source_timestamp":626839474163872,"circlet_count":0,"master_deck":["AscendersBane","Strike_B","Strike_B","Strike_B","Strike_B","Defend_B","Defend_B","Defend_B","Defend_B","Zap","Dualcast","Sweeping Beam","Streamline","Hologram+1","Ball Lightning","Hologram"],"relics":["Cracked Core","Dream Catcher","Anchor"],"potions_floor_usage":[8,8],"damage_taken":[{"damage":18,"enemies":"Jaw Worm","floor":1,"turns":4},{"damage":1,"enemies":"Cultist","floor":2,"turns":3},{"damage":5,"enemies":"Small Slimes","floor":5,"turns":3},{"damage":3,"enemies":"Gremlin Gang","floor":8,"turns":3},{"damage":68,"enemies":"3 Sentries","floor":10,"turns":7}],"seed_played":"-4208059461985065411","potions_obtained":[{"floor":4,"key":"SkillPotion"},{"floor":4,"key":"GamblersBrew"},{"floor":5,"key":"Fire Potion"}],"is_trial":false,"path_per_floor":["M","M","?","?","M","R","$","M","T","E"],"character_chosen":"DEFECT","items_purchased":["Ball Lightning","Hologram"],"campfire_rested":0,"item_purchase_floors":[7,7],"current_hp_per_floor":[50,49,67,67,62,62,62,59,59,0],"gold":22,"neow_bonus":"RANDOM_COMMON_RELIC","is_prod":false,"is_daily":false,"chose_seed":false,"campfire_upgraded":1,"win_rate":0,"timestamp":1549175218,"path_taken":["M","M","?","?","M","R","$","M","T","E"],"build_version":"2019-01-23","purchased_purges":0,"victory":false,"max_hp_per_floor":[75,75,75,75,75,75,75,75,75,75],"card_choices":[{"not_picked":["Stack","Storm"],"picked":"Sweeping Beam","floor":1},{"not_picked":["BootSequence","Stack"],"picked":"Streamline","floor":2},{"not_picked":["Fusion","Stack"],"picked":"Hologram","floor":5},{"not_picked":["Barrage","Chaos","Streamline"],"picked":"SKIP","floor":8}],"player_experience":2253840,"relics_obtained":[{"floor":9,"key":"Anchor"}],"event_choices":[{"damage_healed":18,"gold_gain":0,"player_choice":"Healed","damage_taken":0,"max_hp_gain":0,"max_hp_loss":0,"event_name":"The Cleric","floor":3,"gold_loss":35},{"damage_healed":0,"gold_gain":0,"player_choice":"Bought 2 Potions","damage_taken":0,"max_hp_gain":0,"max_hp_loss":0,"event_name":"The Woman in Blue","floor":4,"gold_loss":0}],"is_beta":false,"boss_relics":[],"items_purged_floors":[],"is_endless":false,"potions_floor_spawned":[5],"killed_by":"3 Sentries","ascension_level":13}