{"gold_per_floor":[110,11,27,27,27,70,70,88,115,115,390,390,413,30,30,124,124,148,148,168,168,168],"floor_reached":22,"playtime":1838,"items_purged":[],"score":300,"play_id":"8ac7c307-df61-46e5-8d07-c8d75fd55459","local_time":"20181201013019","is_ascension_mode":true,"campfire_choices":[{"floor":7,"key":"REST"},{"data":"Neutralize","floor":10,"key":"SMITH"},{"floor":12,"key":"RECALL"},{"data":"Bouncing Flask","floor":15,"key":"SMITH"}],"neow_cost":"NONE","seed_source_timestamp":768701562171543,"circlet_count":0,"master_deck":["AscendersBane","Defend_G","Defend_G","Defend_G","Defend_G","Strike_G","Strike_G","Strike_G","Strike_G","Survivor","Neutralize+1","Panacea","Blur","PiercingWail","Flying Knee","Bouncing Flask+1","Dodge and Roll","Catalyst","Dagger Spray","Caltrops","Deadly Poison","Adrenaline","Catalyst","Caltrops","Flying Knee","Envenom"],"relics":["Ring of the Snake","Golden Idol","Omamori","Mummified Hand","Velvet Choker","Necronomicon"],"potions_floor_usage":[13,16],"damage_taken":[{"damage":7,"enemies":"Cultist","floor":1,"turns":6},{"damage":1,"enemies":"Small Slimes","floor":3,"turns":4},{"damage":28,"enemies":"Lagavulin","floor":6,"turns":8},{"damage":1,"enemies":"Jaw Worm","floor":8,"turns":4},{"damage":2,"enemies":"2 Fungi Beasts","floor":13,"turns":6},{"damage":42,"enemies":"Slime Boss","floor":16,"turns":11},{"damage":0,"enemies":"Spheric Guardian","floor":18,"turns":4},{"damage":30,"enemies":"2 Thieves","floor":20,"turns":5},{"damage":13,"enemies":"Chosen and Byrds","floor":22,"turns":3}],"seed_played":"1562772273606894656","potions_obtained":[{"floor":3,"key":"Explosive Potion"},{"floor":13,"key":"SkillPotion"},{"floor":16,"key":"Energy Potion"},{"floor":20,"key":"Poison Potion"}],"is_trial":false,"path_per_floor":["M","$","M","?","?","E","R","M","T","R","?","R","M","$","R","B",null,"M","?","M","?","M"],"character_chosen":"THE_SILENT","items_purchased":["PiercingWail","Flying Knee","Mummified Hand","Caltrops","Deadly Poison"],"campfire_rested":1,"item_purchase_floors":[2,2,14,14,14],"current_hp_per_floor":[56,56,55,38,61,33,54,53,53,53,53,53,51,51,51,9,55,55,39,9,9,0],"gold":168,"neow_bonus":"RANDOM_COLORLESS","is_prod":false,"is_daily":false,"chose_seed":false,"campfire_upgraded":2,"win_rate":0,"timestamp":1543645819,"path_taken":["M","$","M","?","?","E","R","M","T","R","?","R","?","?","R","BOSS","M","?","M","?","M"],"build_version":"2018-11-15","purchased_purges":0,"victory":false,"max_hp_per_floor":[70,70,70,70,70,70,70,70,70,70,70,70,70,70,70,70,70,70,70,70,70,70],"card_choices":[{"not_picked":["Slice","Setup"],"picked":"Blur","floor":1},{"not_picked":["Concentrate","Quick Slash"],"picked":"Bouncing Flask","floor":3},{"not_picked":["Masterful Stab","Predator"],"picked":"Dodge and Roll","floor":6},{"not_picked":["Distraction","Flying Knee"],"picked":"Catalyst","floor":8},{"not_picked":["Sucker Punch","Prepared"],"picked":"Dagger Spray","floor":13},{"not_picked":["Venomology","Night Terror"],"picked":"Adrenaline","floor":16},{"not_picked":["Dash","Sucker Punch"],"picked":"Catalyst","floor":18},{"not_picked":["Backflip","Catalyst"],"picked":"Caltrops","floor":20}],"player_experience":2035910,"relics_obtained":[{"floor":6,"key":"Omamori"},{"floor":19,"key":"Necronomicon"}],"event_choices":[{"damage_healed":0,"gold_gain":0,"player_choice":"Take Damage","damage_taken":17,"relics_obtained":["Golden Idol"],"max_hp_gain":0,"max_hp_loss":0,"event_name":"Golden Idol","floor":4,"gold_loss":0},{"damage_healed":23,"gold_gain":0,"player_choice":"Banana","damage_taken":0,"max_hp_gain":0,"max_hp_loss":0,"event_name":"Big Fish","floor":5,"gold_loss":0},{"damage_healed":0,"gold_gain":275,"player_choice":"Desecrate","damage_taken":0,"max_hp_gain":0,"max_hp_loss":0,"event_name":"Golden Shrine","floor":11,"gold_loss":0,"cards_obtained":["Regret"]},{"damage_healed":0,"gold_gain":0,"player_choice":"Obtained Book","damage_taken":16,"max_hp_gain":0,"max_hp_loss":0,"event_name":"Cursed Tome","floor":19,"gold_loss":0},{"damage_healed":0,"gold_gain":0,"cards_transformed":["Defend_G","Strike_G"],"player_choice":"Became Test Subject","damage_taken":0,"max_hp_gain":0,"max_hp_loss":0,"event_name":"Drug Dealer","floor":21,"gold_loss":0,"cards_obtained":["Flying Knee","Envenom"]}],"is_beta":false,"boss_relics":[{"not_picked":["Sozu","Ectoplasm"],"picked":"Velvet Choker"}],"items_purged_floors":[],"is_endless":false,"potions_floor_spawned":[3,13,16,20],"killed_by":"Chosen and Byrds","ascension_level":13}