{"gold_per_floor":[218,94,114,189,203,203,229,242,242,242,102,117,117,147,147,147],"floor_reached":16,"playtime":1102,"items_purged":["Strike_B"],"score":218,"play_id":"fc35e9b7-6a95-4592-a881-9bc3ece8a754","local_time":"20190310140809","is_ascension_mode":true,"campfire_choices":[{"data":"Go for the Eyes","floor":6.0,"key":"SMITH"},{"floor":10.0,"key":"REST"},{"data":"1","floor":13.0,"key":"LIFT"},{"data":"Hologram","floor":15.0,"key":"SMITH"}],"neow_cost":"NONE","seed_source_timestamp":1236864732693495,"circlet_count":0,"master_deck":["AscendersBane","Strike_B","Strike_B","Strike_B","Defend_B","Defend_B","Defend_B","Defend_B","Zap","Dualcast","Conserve Battery","Go for the Eyes+1","Sweeping Beam","Beam Cell","Turbo","Hologram+1","Madness","Ball Lightning","Reinforced Body","FTL"],"special_seed":0,"relics":["Cracked Core","Girya","WingedGreaves","Mango"],"potions_floor_usage":[16],"damage_taken":[{"damage":12.0,"enemies":"Jaw Worm","floor":1.0,"turns":3.0},{"damage":4.0,"enemies":"2 Louse","floor":3.0,"turns":3.0},{"damage":7.0,"enemies":"Small Slimes","floor":5.0,"turns":2.0},{"damage":21.0,"enemies":"Gremlin Nob","floor":7.0,"turns":4.0},{"damage":2.0,"enemies":"3 Louse","floor":8.0,"turns":4.0},{"damage":0.0,"enemies":"Exordium Wildlife","floor":12.0,"turns":2.0},{"damage":13.0,"enemies":"Lagavulin","floor":14.0,"turns":6.0},{"damage":35,"enemies":"Hexaghost","floor":16,"turns":10}],"seed_played":"-3353289795905266299","potions_obtained":[{"floor":3.0,"key":"Fruit Juice"},{"floor":5.0,"key":"Weak Potion"},{"floor":14.0,"key":"Ancient Potion"}],"is_trial":false,"path_per_floor":["M","$","M","?","M","R","E","M","T","R","$","M","R","E","R","B"],"character_chosen":"DEFECT","items_purchased":["Go for the Eyes","Madness","Ball Lightning"],"campfire_rested":1,"item_purchase_floors":[2,11,11],"current_hp_per_floor":[52,52,53,42,35,35,14,12,12,34,34,34,34,35,35,0],"gold":147,"neow_bonus":"HUNDRED_GOLD","is_prod":false,"is_daily":false,"chose_seed":false,"campfire_upgraded":2,"win_rate":0,"timestamp":1552241289,"path_taken":["M","$","M","?","M","R","E","M","T","R","$","M","R","E","R","BOSS"],"build_version":"2019-01-23","purchased_purges":1,"victory":false,"max_hp_per_floor":[71,71,76,76,76,76,76,76,76,76,76,76,76,90,90,90],"card_choices":[{"not_picked":["Stack","Coolheaded"],"picked":"Conserve Battery","floor":1.0},{"not_picked":["Heatsinks","Double Energy"],"picked":"Sweeping Beam","floor":3.0},{"not_picked":["Leap","Barrage"],"picked":"Beam Cell","floor":5.0},{"not_picked":["Hello World","Go for the Eyes"],"picked":"Turbo","floor":7.0},{"not_picked":["Hello World","Leap"],"picked":"Hologram","floor":8.0},{"not_picked":["Ball Lightning","Undo"],"picked":"Reinforced Body","floor":12.0},{"not_picked":["Aggregate","Reinforced Body"],"picked":"FTL","floor":14.0}],"player_experience":2359832,"relics_obtained":[{"floor":7.0,"key":"Girya"},{"floor":9.0,"key":"WingedGreaves"},{"floor":14.0,"key":"Mango"}],"event_choices":[{"damage_healed":0.0,"max_hp_gain":0.0,"max_hp_loss":0.0,"gold_gain":75.0,"event_name":"World of Goop","player_choice":"Gather Gold","floor":4.0,"gold_loss":0.0,"damage_taken":11.0}],"is_beta":false,"boss_relics":[],"items_purged_floors":[2],"is_endless":false,"potions_floor_spawned":[3,5,14],"killed_by":"Hexaghost","ascension_level":15}