{"gold_per_floor":[118,23,23,23,36,36,67,67,67,87,12,42,42,69,69,171,171,189,215,215,215,215,215,230,230,253,253,253,253,266,221,221,316,316,329,347,347],"floor_reached":37,"playtime":2131,"items_purged":[],"score":408,"play_id":"66df39aa-a746-4d7b-85c9-6d250d490421","local_time":"20191007132822","is_ascension_mode":false,"campfire_choices":[{"floor":6,"key":"REST"},{"floor":8,"key":"REST"},{"floor":13,"key":"REST"},{"floor":15,"key":"RECALL"},{"floor":23,"key":"REST"},{"floor":25,"key":"REST"},{"floor":27,"key":"REST"},{"floor":29,"key":"REST"},{"floor":32,"key":"REST"}],"neow_cost":"NONE","seed_source_timestamp":132162480272924,"circlet_count":0,"master_deck":["Strike_P+1","Strike_P","Strike_P+1","Strike_P","Defend_P","Defend_P","Defend_P","Defend_P","Eruption","Vigilance","CrushJoints","BattleHymn+1","Prostrate","FlurryOfBlows+1","WaveOfTheHand+1","Halt+1","Collect+1","ForeignInfluence+1","Conclude+1","LessonLearned","FlurryOfBlows+1","Pray+1","Protect+1","Consecrate","ThirdEye+1","Brilliance+1","Conclude+1","DevaForm"],"relics":["HolyWater","Toxic Egg 2","Smiling Mask","Orichalcum","VioletLotus","Red Mask","Happy Flower","Nloth\u0027s Gift"],"potions_floor_usage":[7,16,37],"damage_taken":[{"damage":4,"enemies":"2 Louse","floor":1,"turns":3},{"damage":1,"enemies":"Small Slimes","floor":5,"turns":3},{"damage":27,"enemies":"Lagavulin","floor":7,"turns":9},{"damage":3,"enemies":"Jaw Worm","floor":10,"turns":3},{"damage":22,"enemies":"3 Sentries","floor":12,"turns":8},{"damage":10,"enemies":"Gremlin Nob","floor":14,"turns":3},{"damage":39,"enemies":"The Guardian","floor":16,"turns":6},{"damage":14,"enemies":"Shell Parasite","floor":18,"turns":6},{"damage":40,"enemies":"Masked Bandits","floor":19,"turns":6},{"damage":8,"enemies":"3 Byrds","floor":21,"turns":5},{"damage":39,"enemies":"Cultist and Chosen","floor":24,"turns":7},{"damage":11,"enemies":"Centurion and Healer","floor":30,"turns":4},{"damage":53,"enemies":"Automaton","floor":33,"turns":9},{"damage":46,"enemies":"3 Shapes","floor":35,"turns":3},{"damage":27,"enemies":"3 Darklings","floor":36,"turns":3},{"damage":7,"enemies":"Sphere and 2 Shapes","floor":37,"turns":3}],"seed_played":"6183734416057357346","potions_obtained":[{"floor":5,"key":"EssenceOfSteel"},{"floor":7,"key":"AttackPotion"},{"floor":14,"key":"StancePotion"},{"floor":19,"key":"Swift Potion"},{"floor":30,"key":"Dexterity Potion"},{"floor":33,"key":"FearPotion"},{"floor":36,"key":"Explosive Potion"}],"is_trial":false,"path_per_floor":["M","$","?","?","M","R","E","R","T","M","$","E","R","E","R","B",null,"M","?","?","M","?","R","M","R","T","R","?","R","M","$","R","B",null,"M","M","M"],"character_chosen":"WATCHER","items_purchased":["BattleHymn","Prostrate","Collect+1","ThirdEye+1"],"campfire_rested":8,"item_purchase_floors":[2,2,11,31],"current_hp_per_floor":[75,75,75,57,56,79,52,75,75,72,72,50,73,63,63,24,79,65,25,25,17,17,40,1,24,24,47,47,70,59,59,79,26,79,33,6,0],"gold":347,"neow_bonus":"TEN_PERCENT_HP_BONUS","is_prod":false,"is_daily":false,"chose_seed":false,"campfire_upgraded":0,"win_rate":0.0,"timestamp":1570465702,"path_taken":["M","$","?","?","M","R","E","R","T","M","$","E","R","E","R","BOSS","M","?","?","?","?","R","M","R","T","R","?","R","M","$","R","BOSS","M","M","M"],"build_version":"2019-10-04","purchased_purges":0,"victory":false,"max_hp_per_floor":[79,79,79,79,79,79,79,79,79,79,79,79,79,79,79,79,79,79,79,79,79,79,79,79,79,79,79,79,79,79,79,79,79,79,79,79,79],"card_choices":[{"not_picked":["Sanctity","ThirdEye"],"picked":"CrushJoints","floor":1},{"not_picked":["Meditate","ClearTheMind"],"picked":"FlurryOfBlows","floor":5},{"not_picked":["TalkToTheHand","Tantrum"],"picked":"WaveOfTheHand","floor":7},{"not_picked":["Nirvana","EmptyBody+1"],"picked":"Halt+1","floor":10},{"not_picked":["Fasting2","SandsOfTime"],"picked":"ForeignInfluence+1","floor":12},{"not_picked":["EmptyBody+1","Swivel+1"],"picked":"Conclude","floor":14},{"not_picked":["Omniscience+1","ConjureBlade+1"],"picked":"LessonLearned","floor":16},{"not_picked":["Tantrum","SashWhip+1"],"picked":"FlurryOfBlows+1","floor":18},{"not_picked":["BowlingBash","WaveOfTheHand+1"],"picked":"Pray+1","floor":19},{"not_picked":["Protect+1","ForeignInfluence+1","Prostrate+1"],"picked":"SKIP","floor":21},{"not_picked":["FlyingSleeves","FlurryOfBlows"],"picked":"Protect+1","floor":24},{"not_picked":["EmptyFist","WreathOfFlame+1"],"picked":"Consecrate","floor":30},{"not_picked":["Omniscience+1","MasterReality"],"picked":"Brilliance+1","floor":33},{"not_picked":["EmptyFist+1","EmptyBody+1"],"picked":"Conclude+1","floor":35},{"not_picked":["CrushJoints+1","Fasting2+1"],"picked":"DevaForm","floor":36}],"player_experience":438160,"relics_obtained":[{"floor":7,"key":"Toxic Egg 2"},{"floor":12,"key":"Smiling Mask"},{"floor":14,"key":"Orichalcum"},{"floor":19,"key":"Red Mask"},{"floor":26,"key":"Happy Flower"}],"event_choices":[{"damage_healed":0,"gold_gain":0,"player_choice":"Grow","damage_taken":0,"max_hp_gain":0,"max_hp_loss":0,"event_name":"Living Wall","floor":3,"gold_loss":0,"cards_upgraded":["BattleHymn"]},{"damage_healed":0,"gold_gain":0,"player_choice":"Success","damage_taken":18,"relics_obtained":["Ornamental Fan"],"max_hp_gain":0,"max_hp_loss":0,"event_name":"Scrap Ooze","floor":4,"gold_loss":0},{"damage_healed":0,"gold_gain":0,"player_choice":"Fought Bandits","damage_taken":0,"max_hp_gain":0,"max_hp_loss":0,"event_name":"Masked Bandits","floor":19,"gold_loss":0},{"damage_healed":0,"gold_gain":0,"player_choice":"Ignored","damage_taken":0,"max_hp_gain":0,"max_hp_loss":0,"event_name":"NoteForYourself","floor":20,"gold_loss":0},{"damage_healed":0,"gold_gain":0,"player_choice":"Ignored","damage_taken":0,"max_hp_gain":0,"max_hp_loss":0,"event_name":"Beggar","floor":22,"gold_loss":0},{"damage_healed":0,"gold_gain":0,"player_choice":"Traded Relic","damage_taken":0,"relics_obtained":["Nloth\u0027s Gift"],"max_hp_gain":0,"max_hp_loss":0,"event_name":"N\u0027loth","floor":28,"relics_lost":["Ornamental Fan"],"gold_loss":0}],"is_beta":true,"boss_relics":[{"not_picked":["Philosopher\u0027s Stone","Fusion Hammer"],"picked":"VioletLotus"},{"not_picked":["Snecko Eye","Empty Cage"],"picked":"HolyWater"}],"items_purged_floors":[],"is_endless":false,"potions_floor_spawned":[5,7,14,19,21,30,33,35,36],"killed_by":"Sphere and 2 Shapes","ascension_level":0}