{"gold_per_floor":[113,113,19,19,19,53,53,86,110,110,125,125,142,157,157,233,233,247,263,263,7,24,24,55,55,55,81,96,96,96,109,109,184,184,203,221,56,56,73,73,93,93,93,124,224,239,239,284,284,284],"floor_reached":50,"playtime":4588,"items_purged":[],"score":1186,"play_id":"f4b0742f-5044-4a18-8303-7330affb9bdb","local_time":"20190904204414","is_ascension_mode":true,"campfire_choices":[{"data":"Limit Break","floor":7.0,"key":"SMITH"},{"data":"Spot Weakness","floor":10.0,"key":"SMITH"},{"data":"Clothesline","floor":15.0,"key":"SMITH"},{"floor":23.0,"key":"REST"},{"data":"Heavy Blade","floor":25.0,"key":"SMITH"},{"data":"Panacea","floor":29.0,"key":"SMITH"},{"data":"Flex","floor":30.0,"key":"SMITH"},{"data":"Shockwave","floor":32.0,"key":"SMITH"},{"data":"Bloodletting","floor":40.0,"key":"SMITH"},{"data":"Evolve","floor":42.0,"key":"SMITH"},{"data":"Double Tap","floor":47,"key":"SMITH"},{"data":"Whirlwind","floor":49,"key":"SMITH"}],"neow_cost":"NONE","seed_source_timestamp":998646670265716,"circlet_count":0,"master_deck":["AscendersBane","Strike_R+1","Strike_R","Strike_R","Defend_R","Defend_R","Defend_R","Defend_R","Bash+1","Spot Weakness+1","Panacea+1","Limit Break+1","Whirlwind+1","Clothesline+1","Metallicize","Heavy Blade+1","Sword Boomerang","Immolate","Thunderclap","Power Through+1","Spot Weakness+1","Bloodletting+1","Flame Barrier","Flex+1","Shockwave+1","Fiend Fire","Power Through+1","Battle Trance","Evolve+1","Madness","Madness","Shrug It Off","Double Tap+1","Disarm+1"],"special_seed":0,"relics":["Burning Blood","NeowsBlessing","WingedGreaves","Pen Nib","Blood Vial","Eternal Feather","Chemical X","Meat on the Bone","Question Card","Bag of Preparation","Velvet Choker","Bottled Flame","FossilizedHelix","Ginger","Nunchaku"],"potions_floor_usage":[48],"damage_taken":[{"damage":0.0,"enemies":"Cultist","floor":1.0,"turns":1.0},{"damage":0.0,"enemies":"3 Sentries","floor":6.0,"turns":1.0},{"damage":0.0,"enemies":"Gremlin Nob","floor":8.0,"turns":1.0},{"damage":11.0,"enemies":"Jaw Worm","floor":11.0,"turns":4.0},{"damage":6.0,"enemies":"Small Slimes","floor":13.0,"turns":4.0},{"damage":8.0,"enemies":"2 Fungi Beasts","floor":14.0,"turns":4.0},{"damage":46.0,"enemies":"The Guardian","floor":16.0,"turns":9.0},{"damage":27.0,"enemies":"Spheric Guardian","floor":18.0,"turns":5.0},{"damage":20.0,"enemies":"Chosen","floor":19.0,"turns":6.0},{"damage":24.0,"enemies":"Snake Plant","floor":22.0,"turns":3.0},{"damage":25.0,"enemies":"Book of Stabbing","floor":24.0,"turns":4.0},{"damage":28.0,"enemies":"Slavers","floor":27.0,"turns":3.0},{"damage":24.0,"enemies":"Snecko","floor":28.0,"turns":6.0},{"damage":8.0,"enemies":"Centurion and Healer","floor":31.0,"turns":3.0},{"damage":68.0,"enemies":"Collector","floor":33.0,"turns":7.0},{"damage":3.0,"enemies":"3 Shapes","floor":35.0,"turns":1.0},{"damage":3.0,"enemies":"3 Darklings","floor":36.0,"turns":2.0},{"damage":35.0,"enemies":"Writhing Mass","floor":39.0,"turns":6.0},{"damage":3.0,"enemies":"Jaw Worm Horde","floor":41.0,"turns":1.0},{"damage":44,"enemies":"Giant Head","floor":44,"turns":7},{"damage":4,"enemies":"Mind Bloom Boss Battle","floor":45,"turns":8},{"damage":0,"enemies":"3 Darklings","floor":46,"turns":1},{"damage":24,"enemies":"2 Orb Walkers","floor":48,"turns":3},{"damage":84,"enemies":"Donu and Deca","floor":50,"turns":5}],"seed_played":"1233174201170510813","potions_obtained":[{"floor":1.0,"key":"Energy Potion"},{"floor":16.0,"key":"Energy Potion"},{"floor":19.0,"key":"BloodPotion"},{"floor":24.0,"key":"Fire Potion"},{"floor":27.0,"key":"Weak Potion"},{"floor":35.0,"key":"GamblersBrew"},{"floor":39.0,"key":"Fire Potion"}],"is_trial":false,"path_per_floor":["M","?","$","?","?","E","R","E","T","R","M","?","M","M","R","B",null,"M","M","?","$","M","R","E","R","T","E","M","R","R","M","R","B",null,"M","M","$","?","M","R","M","R","T","E","?","M","R","?","R","B"],"character_chosen":"IRONCLAD","items_purchased":["Panacea","Bloodletting","Chemical X","Battle Trance","Evolve"],"campfire_rested":1,"item_purchase_floors":[3,21,21,37,37],"current_hp_per_floor":[74,51,51,51,51,57,57,63,63,63,60,53,55,55,55,17,61,42,30,30,30,21,55,38,50,50,42,38,50,62,62,75,25,63,68,73,73,59,44,62,67,75,75,49,53,61,75,57,75,0],"gold":284,"neow_bonus":"THREE_ENEMY_KILL","is_prod":false,"is_daily":false,"chose_seed":false,"campfire_upgraded":11,"win_rate":0,"timestamp":1567644254,"path_taken":["M","?","$","?","?","E","R","E","T","R","M","?","M","?","R","BOSS","M","M","?","?","?","R","E","R","T","E","M","R","R","M","R","BOSS","M","M","$","?","M","R","M","R","T","E","?","M","R","?","R","BOSS"],"build_version":"2019-01-23","purchased_purges":0,"victory":false,"max_hp_per_floor":[75,75,75,75,75,75,75,75,75,75,75,75,75,75,75,75,75,75,75,75,75,75,75,75,75,75,75,75,75,75,75,75,75,75,75,75,75,75,75,75,75,75,75,75,75,75,75,75,75,75],"card_choices":[{"not_picked":["Hemokinesis","Blood for Blood"],"picked":"Spot Weakness","floor":1.0},{"not_picked":["Perfected Strike","Sentinel"],"picked":"Whirlwind","floor":6.0},{"not_picked":["True Grit","Wild Strike"],"picked":"Clothesline","floor":8.0},{"not_picked":["Warcry","Dropkick"],"picked":"Metallicize","floor":11.0},{"not_picked":["Seeing Red","Flex"],"picked":"Heavy Blade","floor":13.0},{"not_picked":["Searing Blow","Anger"],"picked":"Sword Boomerang","floor":14.0},{"not_picked":["Limit Break","Double Tap"],"picked":"Immolate","floor":16.0},{"not_picked":["Body Slam","Wild Strike"],"picked":"Thunderclap","floor":18.0},{"not_picked":["Pommel Strike+1","Anger"],"picked":"Power Through+1","floor":19.0},{"not_picked":["Wild Strike","Seeing Red","Cleave"],"picked":"SKIP","floor":22.0},{"not_picked":["Cleave","Dropkick","Bludgeon"],"picked":"SKIP","floor":24.0},{"not_picked":["Clash","Exhume","Twin Strike+1"],"picked":"Flame Barrier","floor":27.0},{"not_picked":["Twin Strike","Wild Strike+1","Warcry"],"picked":"Flex","floor":28.0},{"not_picked":["Cleave","Heavy Blade+1","Warcry"],"picked":"Shockwave","floor":31.0},{"not_picked":["Dark Embrace","Juggernaut","Exhume"],"picked":"Fiend Fire","floor":33.0},{"not_picked":["Shrug It Off","Flex","Iron Wave+1"],"picked":"Power Through+1","floor":35.0},{"not_picked":["Wild Strike","Warcry","Bloodletting","Sword Boomerang+1"],"picked":"SKIP","floor":36.0},{"not_picked":["Pummel","Ghostly Armor","Armaments+1"],"picked":"Shrug It Off","floor":39.0},{"not_picked":["Heavy Blade","Sever Soul","Perfected Strike","Carnage"],"picked":"SKIP","floor":41.0},{"not_picked":["Armaments","Pommel Strike+1","Heavy Blade"],"picked":"Double Tap","floor":44},{"not_picked":["Wild Strike","Pommel Strike","Body Slam"],"picked":"Disarm+1","floor":45},{"not_picked":["Pommel Strike","Rampage","Perfected Strike","Reckless Charge"],"picked":"SKIP","floor":46},{"not_picked":["Pommel Strike","Rampage","Perfected Strike","Reckless Charge"],"picked":"SKIP","floor":46}],"player_experience":2904386,"relics_obtained":[{"floor":6.0,"key":"WingedGreaves"},{"floor":8.0,"key":"Pen Nib"},{"floor":9.0,"key":"Blood Vial"},{"floor":24.0,"key":"Meat on the Bone"},{"floor":26.0,"key":"Question Card"},{"floor":27.0,"key":"Bag of Preparation"},{"floor":43.0,"key":"Bottled Flame"},{"floor":44,"key":"FossilizedHelix"},{"floor":45,"key":"Ginger"},{"floor":48,"key":"Nunchaku"}],"event_choices":[{"damage_healed":0.0,"max_hp_gain":0.0,"max_hp_loss":0.0,"gold_gain":0.0,"event_name":"Shining Light","player_choice":"Entered Light","floor":2.0,"gold_loss":0.0,"damage_taken":23.0,"cards_upgraded":["Bash","Strike_R"]},{"damage_healed":0.0,"max_hp_gain":0.0,"max_hp_loss":0.0,"gold_gain":0.0,"cards_transformed":["Strike_R"],"event_name":"Living Wall","player_choice":"Change","floor":4.0,"gold_loss":0.0,"damage_taken":0.0,"cards_obtained":["Limit Break"]},{"damage_healed":0.0,"max_hp_gain":0.0,"max_hp_loss":0.0,"gold_gain":0.0,"event_name":"Liars Game","player_choice":"Ignored","floor":5.0,"gold_loss":0.0,"damage_taken":0.0},{"cards_removed":["Strike_R"],"damage_healed":0.0,"max_hp_gain":0.0,"max_hp_loss":0.0,"gold_gain":0.0,"event_name":"Golden Wing","player_choice":"Card Removal","floor":12.0,"gold_loss":0.0,"damage_taken":7.0},{"damage_healed":0.0,"max_hp_gain":0.0,"max_hp_loss":0.0,"gold_gain":0.0,"event_name":"Duplicator","player_choice":"Copied","floor":20.0,"gold_loss":0.0,"damage_taken":0.0,"cards_obtained":["Spot Weakness"]},{"damage_healed":0.0,"max_hp_gain":0.0,"max_hp_loss":0.0,"gold_gain":0.0,"event_name":"Winding Halls","player_choice":"Embrace Madness","floor":38.0,"gold_loss":0.0,"damage_taken":14.0,"cards_obtained":["Madness","Madness"]},{"damage_healed":0,"gold_gain":0,"player_choice":"Fight","damage_taken":0,"max_hp_gain":0,"max_hp_loss":0,"event_name":"MindBloom","floor":45,"gold_loss":0},{"damage_healed":0,"gold_gain":0,"player_choice":"Fight","damage_taken":0,"max_hp_gain":0,"max_hp_loss":0,"event_name":"Mysterious Sphere","floor":48,"gold_loss":0}],"is_beta":false,"boss_relics":[{"not_picked":["Snecko Eye","Calling Bell"],"picked":"Eternal Feather"},{"not_picked":["Mark of Pain","Empty Cage"],"picked":"Velvet Choker"}],"items_purged_floors":[],"is_endless":false,"potions_floor_spawned":[1,16,19,24,27,35,39,41,46],"killed_by":"Donu and Deca","ascension_level":20}