{"gold_per_floor":[110,129,7,25,35,62,62,76,99,109,134,134,134],"floor_reached":13,"playtime":1091,"items_purged":[],"score":194,"play_id":"c00619f1-8b31-4a52-a45f-8634d63ec743","local_time":"20190720192823","is_ascension_mode":true,"campfire_choices":[{"floor":7,"key":"REST"},{"floor":12,"key":"REST"}],"neow_cost":"NONE","seed_source_timestamp":323374304355056,"circlet_count":0,"master_deck":["AscendersBane","Defend_G","Defend_G","Defend_G","Defend_G","Defend_G","Strike_G","Strike_G","Strike_G","Strike_G","Strike_G","Survivor","Neutralize","After Image","Deadly Poison","PiercingWail","Terror","Footwork","Dagger Spray","Unload","Bane","Acrobatics","Dagger Throw"],"relics":["Ring of the Snake","Tingsha","Smiling Mask","Bronze Scales"],"potions_floor_usage":[8,11],"damage_taken":[{"damage":3,"enemies":"Cultist","floor":1,"turns":6},{"damage":2,"enemies":"Jaw Worm","floor":2,"turns":5},{"damage":0,"enemies":"2 Louse","floor":4,"turns":4},{"damage":9,"enemies":"Large Slime","floor":5,"turns":5},{"damage":23,"enemies":"Lagavulin","floor":6,"turns":10},{"damage":5,"enemies":"Blue Slaver","floor":8,"turns":3},{"damage":10,"enemies":"3 Louse","floor":10,"turns":4},{"damage":24,"enemies":"3 Sentries","floor":11,"turns":9},{"damage":30,"enemies":"Gremlin Nob","floor":13,"turns":3}],"seed_played":"-2823784202797831240","potions_obtained":[{"floor":4,"key":"Explosive Potion"},{"floor":8,"key":"PowerPotion"}],"is_trial":false,"path_per_floor":["M","M","$","M","M","E","R","M","T","M","E","R","E"],"character_chosen":"THE_SILENT","items_purchased":["Terror","Footwork"],"campfire_rested":2,"item_purchase_floors":[3,3],"current_hp_per_floor":[56,54,54,54,45,22,41,36,36,26,2,21,0],"gold":134,"neow_bonus":"ONE_RANDOM_RARE_CARD","is_prod":false,"is_daily":false,"chose_seed":false,"campfire_upgraded":0,"win_rate":0,"timestamp":1563665303,"path_taken":["M","M","$","M","M","E","R","?","T","M","E","R","E"],"build_version":"2019-01-23","purchased_purges":0,"victory":false,"max_hp_per_floor":[66,66,66,66,66,66,66,66,66,66,66,66,66],"card_choices":[{"not_picked":["Cloak And Dagger","Blade Dance"],"picked":"Deadly Poison","floor":1},{"not_picked":["Dash","Slice"],"picked":"PiercingWail","floor":2},{"not_picked":["Prepared","Terror"],"picked":"Dagger Spray","floor":4},{"not_picked":["Outmaneuver","Terror","Accuracy"],"picked":"SKIP","floor":5},{"not_picked":["Escape Plan","Prepared"],"picked":"Unload","floor":6},{"not_picked":["Quick Slash","Blade Dance"],"picked":"Bane","floor":8},{"not_picked":["Slice","Expertise"],"picked":"Acrobatics","floor":10},{"not_picked":["Backflip","Flechettes"],"picked":"Dagger Throw","floor":11}],"player_experience":2705131,"relics_obtained":[{"floor":6,"key":"Tingsha"},{"floor":9,"key":"Smiling Mask"},{"floor":11,"key":"Bronze Scales"}],"event_choices":[],"is_beta":false,"boss_relics":[],"items_purged_floors":[],"is_endless":false,"potions_floor_spawned":[4,8],"killed_by":"Gremlin Nob","ascension_level":20}