{"gold_per_floor":[117,117,136,10,20,20,50,62,62,62,75,75,86,86,86,86],"floor_reached":16,"playtime":1720,"items_purged":[],"score":156,"play_id":"2aa21786-3e30-4fff-8122-7ceea7078c26","local_time":"20180927200247","is_ascension_mode":true,"campfire_choices":[{"floor":6,"key":"REST"},{"floor":12,"key":"REST"},{"floor":15,"key":"REST"}],"neow_cost":"NONE","seed_source_timestamp":305502636781258,"circlet_count":0,"master_deck":["Strike_R","Strike_R","Strike_R","Strike_R","Strike_R","Defend_R","Defend_R","Defend_R","Defend_R","Bash","AscendersBane","Dark Embrace","Burning Pact","Burning Pact","Bash","Anger","Flex","Finesse","Thunderclap","Impervious","Warcry","Clash","Shockwave"],"relics":["Burning Blood","Regal Pillow","Juzu Bracelet"],"potions_floor_usage":[11,13,14,14],"damage_taken":[{"damage":7,"enemies":"2 Louse","floor":1,"turns":4},{"damage":16,"enemies":"Cultist","floor":3,"turns":4},{"damage":7,"enemies":"Jaw Worm","floor":5,"turns":3},{"damage":56,"enemies":"3 Sentries","floor":7,"turns":7},{"damage":14,"enemies":"Blue Slaver","floor":8,"turns":5},{"damage":8,"enemies":"3 Louse","floor":11,"turns":5},{"damage":7,"enemies":"Large Slime","floor":13,"turns":5},{"damage":16,"enemies":"Exordium Thugs","floor":14,"turns":3},{"damage":84,"enemies":"The Guardian","floor":16,"turns":14}],"seed_played":"-507511703120883213","potions_obtained":[{"floor":1,"key":"SmokeBomb"},{"floor":8,"key":"Poison Potion"},{"floor":11,"key":"Energy Potion"},{"floor":13,"key":"Regen Potion"}],"is_trial":false,"path_per_floor":["M","?","M","$","M","R","E","M","T","?","M","R","M","M","R"],"character_chosen":"IRONCLAD","items_purchased":["Flex","Finesse"],"campfire_rested":3,"item_purchase_floors":[4,4],"current_hp_per_floor":[71,71,61,61,60,80,30,22,22,14,12,51,50,49,80,0],"gold":86,"neow_bonus":"ONE_RANDOM_RARE_CARD","is_prod":false,"is_daily":false,"chose_seed":false,"campfire_upgraded":0,"win_rate":0,"timestamp":1538092967,"path_taken":["M","?","M","$","M","R","E","M","T","?","M","R","M","M","R","BOSS"],"build_version":"2018-08-23v2","purchased_purges":0,"victory":false,"max_hp_per_floor":[80,80,80,80,80,80,80,80,80,80,80,80,80,80,80,80],"card_choices":[{"not_picked":["Rage","Iron Wave"],"picked":"Burning Pact","floor":1},{"not_picked":["Infernal Blade","Wild Strike"],"picked":"Anger","floor":3},{"not_picked":["Entrench","Body Slam"],"picked":"Thunderclap","floor":5},{"not_picked":["Pommel Strike","Cleave"],"picked":"Impervious","floor":7},{"not_picked":["Flex","Sever Soul"],"picked":"Warcry","floor":8},{"not_picked":["Dual Wield","Perfected Strike"],"picked":"Clash","floor":11},{"not_picked":["Anger","Wild Strike"],"picked":"Shockwave","floor":13}],"player_experience":1775954,"relics_obtained":[{"floor":7,"key":"Regal Pillow"},{"floor":9,"key":"Juzu Bracelet"}],"event_choices":[{"event_name":"Match and Keep!","player_choice":"2 cards matched","floor":2,"damage_taken":0},{"event_name":"Wheel of Change","player_choice":"Damage","floor":10,"damage_taken":0}],"is_beta":false,"boss_relics":[],"items_purged_floors":[],"is_endless":false,"potions_floor_spawned":[1,8,11,13],"killed_by":"The Guardian","ascension_level":10}