{"gold_per_floor":[110,124,124,137,157,185,197,197,197,197,214,23,23,82,82,178,178,188,188,188,5,23,23,23,23,49,49,49,383,433,452,452,452],"floor_reached":33,"playtime":3611,"items_purged":[],"score":341,"play_id":"0382e891-1fdd-4e6e-b51a-4cd7058f12ac","local_time":"20180728155923","is_ascension_mode":true,"campfire_choices":[{"floor":8.0,"key":"REST"},{"data":"Metallicize","floor":10.0,"key":"SMITH"},{"data":"Bloodletting","floor":15.0,"key":"SMITH"},{"floor":23,"key":"REST"},{"floor":25,"key":"REST"},{"floor":32,"key":"REST"}],"neow_cost":"NONE","seed_source_timestamp":0,"circlet_count":0,"master_deck":["Defend_R+1","Defend_R+1","Defend_R+1","Bash","Flame Barrier","Bloodletting+1","Dark Embrace","Bloodletting","Offering","Metallicize+1","Flex","Metallicize","Bloodletting","Demon Form","Perfected Strike","Bite","Bite","Bite","Bite","Bite","Reaper","Hemokinesis","Clothesline+1","Barricade","Clash"],"special_seed":0,"relics":["Burning Blood","Juzu Bracelet","Mummified Hand","Red Skull","Sozu","Enchiridion","Bag of Marbles","Old Coin"],"potions_floor_usage":[],"damage_taken":[{"damage":4.0,"enemies":"2 Louse","floor":1.0,"turns":3.0},{"damage":5.0,"enemies":"Cultist","floor":2.0,"turns":4.0},{"damage":13.0,"enemies":"Jaw Worm","floor":4.0,"turns":6.0},{"damage":9.0,"enemies":"Lots of Slimes","floor":5.0,"turns":5.0},{"damage":43.0,"enemies":"3 Sentries","floor":6.0,"turns":10.0},{"damage":3.0,"enemies":"3 Louse","floor":7.0,"turns":4.0},{"damage":20.0,"enemies":"Large Slime","floor":11.0,"turns":7.0},{"damage":15.0,"enemies":"3 Sentries","floor":14.0,"turns":10.0},{"damage":44.0,"enemies":"The Guardian","floor":16.0,"turns":13.0},{"damage":14.0,"enemies":"Chosen","floor":18.0,"turns":6.0},{"damage":47,"enemies":"Shell Parasite","floor":22,"turns":5},{"damage":95,"enemies":"Gremlin Leader","floor":29,"turns":7},{"damage":5,"enemies":"Snecko","floor":31,"turns":4},{"damage":87,"enemies":"Automaton","floor":33,"turns":6}],"seed_played":"-872685986614526491","potions_obtained":[{"floor":1.0,"key":"SteroidPotion"},{"floor":4.0,"key":"Block Potion"},{"floor":6.0,"key":"Strength Potion"},{"floor":7.0,"key":"Weak Potion"},{"floor":11.0,"key":"EssenceOfSteel"}],"is_trial":false,"path_per_floor":["M","M","?","M","M","E","M","R","T","R","M","$","?","?","R","B",null,"M","?","?","$","M","R","$","R","T","?","?","E","?","M","R"],"character_chosen":"IRONCLAD","items_purchased":["Metallicize","Red Skull","Reaper","Hemokinesis"],"campfire_rested":4,"item_purchase_floors":[12,12,21,21],"current_hp_per_floor":[80,80,80,73,70,33,36,60,60,60,46,46,72,63,63,27,80,72,56,56,56,33,57,57,80,80,80,80,17,17,36,60,0],"gold":452,"neow_bonus":"REMOVE_CARD","is_prod":false,"is_daily":false,"chose_seed":false,"campfire_upgraded":2,"win_rate":0,"timestamp":1532807963,"path_taken":["M","M","?","M","?","E","M","R","T","R","M","$","?","?","R","BOSS","M","?","?","$","M","R","?","R","T","?","?","E","?","M","R","BOSS"],"build_version":"2018-07-26","purchased_purges":0,"victory":false,"max_hp_per_floor":[80,80,80,80,80,80,80,80,80,80,80,80,80,80,80,80,80,80,80,80,80,80,80,80,80,80,80,80,80,80,80,80,80],"card_choices":[{"not_picked":["Uppercut","Battle Trance"],"picked":"Flame Barrier","floor":1.0},{"not_picked":["Seeing Red","Clash"],"picked":"Bloodletting","floor":2.0},{"not_picked":["Warcry","Battle Trance"],"picked":"Bloodletting","floor":4.0},{"not_picked":["Whirlwind","Headbutt"],"picked":"Offering","floor":6.0},{"not_picked":["Shockwave","Havoc"],"picked":"Metallicize","floor":7.0},{"not_picked":["Twin Strike","Anger"],"picked":"Flex","floor":11.0},{"not_picked":["Sever Soul","Disarm"],"picked":"Bloodletting","floor":14.0},{"not_picked":["Bludgeon","Feed"],"picked":"Demon Form","floor":16.0},{"not_picked":["Twin Strike+1","Flex+1"],"picked":"Perfected Strike","floor":18.0},{"not_picked":["Flame Barrier","Perfected Strike+1"],"picked":"Clothesline+1","floor":22},{"not_picked":["Wild Strike","Twin Strike"],"picked":"Barricade","floor":29},{"not_picked":["True Grit+1","Thunderclap"],"picked":"Clash","floor":31}],"player_experience":1376271,"relics_obtained":[{"floor":6.0,"key":"Juzu Bracelet"},{"floor":9.0,"key":"Mummified Hand"},{"floor":14.0,"key":"Blood Vial"},{"floor":19.0,"key":"Enchiridion"},{"floor":26,"key":"Bag of Marbles"},{"floor":29,"key":"Old Coin"}],"event_choices":[{"event_name":"Transmorgrifier","player_choice":"Transform","floor":3.0,"damage_taken":0.0},{"event_name":"Big Fish","player_choice":"Banana","floor":13.0,"damage_taken":0.0},{"event_name":"Dead Adventurer","player_choice":"Searched \u00272\u0027 times","floor":14.0,"damage_taken":0.0},{"event_name":"Cursed Tome","player_choice":"Obtained Book","floor":19.0,"damage_taken":0.0},{"event_name":"Vampires","player_choice":"Became a vampire (Vial)","floor":20,"damage_taken":0},{"event_name":"Ghosts","player_choice":"Ignored","floor":27,"damage_taken":0},{"event_name":"Back to Basics","player_choice":"Simplicity","floor":28,"damage_taken":0},{"event_name":"The Joust","player_choice":"Bet on Murderer","floor":30,"damage_taken":0}],"is_beta":false,"boss_relics":[{"not_picked":["Lizard Tail","Orrery"],"picked":"Sozu"}],"items_purged_floors":[],"is_endless":false,"potions_floor_spawned":[1,4,6,7,11],"killed_by":"Automaton","ascension_level":4}