{"gold_per_floor":[112,131,131,78,34,67,85,85,109,120,155,155,168,196,196,269,269,285,25,42,42,54,54,71,71,71,71,31,43,61,61,61,61],"floor_reached":33,"playtime":2886,"items_purged":[],"score":584,"play_id":"02aee696-b6bc-4554-9584-c0b32d604b07","local_time":"20191004202044","is_ascension_mode":true,"campfire_choices":[{"data":"Neutralize","floor":8.0,"key":"SMITH"},{"floor":12.0,"key":"REST"},{"data":"Burst","floor":15.0,"key":"SMITH"},{"floor":23.0,"key":"REST"},{"floor":25.0,"key":"REST"},{"floor":27.0,"key":"REST"},{"floor":32.0,"key":"REST"}],"neow_cost":"NONE","seed_source_timestamp":1646645117455813,"circlet_count":0,"master_deck":["AscendersBane","Defend_G","Defend_G","Defend_G","Defend_G","Defend_G","Strike_G","Strike_G","Strike_G","Strike_G","Strike_G","Survivor","Neutralize+1","Quick Slash","Slice","Deadly Poison","Noxious Fumes","Burst+1","Terror","Skewer","Acrobatics","Poisoned Stab","Catalyst","Corpse Explosion","Deadly Poison","Leg Sweep","Master of Strategy","Dodge and Roll","Deflect+1","Bouncing Flask","Noxious Fumes"],"special_seed":0,"relics":["Ring of the Snake","NeowsBlessing","Orichalcum","Art of War","Torii","Bottled Lightning","Philosopher\u0027s Stone","Enchiridion","Snake Skull"],"potions_floor_usage":[33],"damage_taken":[{"damage":0.0,"enemies":"2 Louse","floor":1.0,"turns":1.0},{"damage":0.0,"enemies":"Cultist","floor":2.0,"turns":1.0},{"damage":0.0,"enemies":"Gremlin Nob","floor":6.0,"turns":1.0},{"damage":0.0,"enemies":"Small Slimes","floor":7.0,"turns":2.0},{"damage":7.0,"enemies":"Exordium Wildlife","floor":10.0,"turns":3.0},{"damage":23.0,"enemies":"Lagavulin","floor":11.0,"turns":5.0},{"damage":12.0,"enemies":"Large Slime","floor":13.0,"turns":3.0},{"damage":1.0,"enemies":"Gremlin Nob","floor":14.0,"turns":3.0},{"damage":3.0,"enemies":"The Guardian","floor":16.0,"turns":11.0},{"damage":18.0,"enemies":"Spheric Guardian","floor":18.0,"turns":4.0},{"damage":0.0,"enemies":"Chosen","floor":20.0,"turns":4.0},{"damage":8.0,"enemies":"3 Cultists","floor":22.0,"turns":3.0},{"damage":20.0,"enemies":"Cultist and Chosen","floor":24.0,"turns":6.0},{"damage":35.0,"enemies":"Sentry and Sphere","floor":29.0,"turns":6.0},{"damage":0.0,"enemies":"3 Cultists","floor":30.0,"turns":2.0},{"damage":43,"enemies":"Champ","floor":33,"turns":7}],"seed_played":"2132804651313286742","potions_obtained":[{"floor":2.0,"key":"Explosive Potion"},{"floor":6.0,"key":"Explosive Potion"},{"floor":10.0,"key":"GamblersBrew"},{"floor":14.0,"key":"Regen Potion"},{"floor":18.0,"key":"Block Potion"},{"floor":20.0,"key":"SteroidPotion"},{"floor":29.0,"key":"LiquidBronze"}],"is_trial":false,"path_per_floor":["M","M","?","$","$","E","M","R","T","M","E","R","M","E","R","B",null,"M","$","M","?","M","R","M","R","T","R","$","M","M","?","R","B"],"character_chosen":"THE_SILENT","items_purchased":["Deadly Poison","Noxious Fumes","Leg Sweep","Master of Strategy","Noxious Fumes"],"campfire_rested":5,"item_purchase_floors":[4,5,19,19,28],"current_hp_per_floor":[59,59,66,66,66,66,66,66,66,59,36,55,43,42,42,54,63,45,45,45,24,16,35,15,34,34,53,53,18,18,18,37,0],"gold":61,"neow_bonus":"THREE_ENEMY_KILL","is_prod":false,"is_daily":false,"chose_seed":false,"campfire_upgraded":2,"win_rate":0,"timestamp":1570234844,"path_taken":["M","M","?","?","$","E","M","R","T","M","E","R","M","E","R","BOSS","M","$","M","?","M","R","M","R","T","R","$","M","M","?","R","BOSS"],"build_version":"2019-01-23","purchased_purges":0,"victory":false,"max_hp_per_floor":[66,66,66,66,66,66,66,66,66,66,66,66,66,66,66,66,66,66,66,66,66,66,66,66,66,66,66,66,66,66,66,66,66],"card_choices":[{"not_picked":["Blade Dance","Reflex"],"picked":"Quick Slash","floor":1.0},{"not_picked":["Acrobatics","Bane"],"picked":"Slice","floor":2.0},{"not_picked":["Dodge and Roll","Flying Knee"],"picked":"Burst","floor":6.0},{"not_picked":["Quick Slash","Dodge and Roll"],"picked":"Terror","floor":7.0},{"not_picked":["Underhanded Strike","Heel Hook"],"picked":"Skewer","floor":10.0},{"not_picked":["Quick Slash","Acrobatics","Reflex"],"picked":"SKIP","floor":11.0},{"not_picked":["Quick Slash","Reflex"],"picked":"Acrobatics","floor":11.0},{"not_picked":["Setup","Dodge and Roll"],"picked":"Poisoned Stab","floor":13.0},{"not_picked":["Die Die Die","Skewer"],"picked":"Catalyst","floor":14.0},{"not_picked":["Tools of the Trade","Night Terror"],"picked":"Corpse Explosion","floor":16.0},{"not_picked":["Flechettes","Infinite Blades"],"picked":"Deadly Poison","floor":18.0},{"not_picked":["Riddle With Holes","Caltrops"],"picked":"Dodge and Roll","floor":20.0},{"not_picked":["Acrobatics","Cloak And Dagger"],"picked":"Deflect+1","floor":22.0},{"not_picked":["Calculated Gamble","Bane"],"picked":"Bouncing Flask","floor":24.0},{"not_picked":["Sucker Punch","Setup","Infinite Blades"],"picked":"SKIP","floor":29.0},{"not_picked":["Quick Slash","All Out Attack","Flying Knee+1"],"picked":"SKIP","floor":30.0}],"player_experience":3009127,"relics_obtained":[{"floor":6.0,"key":"Orichalcum"},{"floor":9.0,"key":"Art of War"},{"floor":11.0,"key":"Torii"},{"floor":14.0,"key":"Bottled Lightning"},{"floor":21.0,"key":"Enchiridion"},{"floor":26.0,"key":"Snake Skull"}],"event_choices":[{"damage_healed":7.0,"max_hp_gain":0.0,"max_hp_loss":0.0,"gold_gain":0.0,"event_name":"Wheel of Change","player_choice":"Full Heal","floor":3.0,"gold_loss":0.0,"damage_taken":0.0},{"damage_healed":0.0,"max_hp_gain":0.0,"max_hp_loss":0.0,"gold_gain":0.0,"event_name":"Cursed Tome","player_choice":"Obtained Book","floor":21.0,"gold_loss":0.0,"damage_taken":21.0},{"damage_healed":0.0,"max_hp_gain":0.0,"max_hp_loss":0.0,"gold_gain":0.0,"event_name":"Beggar","player_choice":"Ignored","floor":31.0,"gold_loss":0.0,"damage_taken":0.0}],"is_beta":false,"boss_relics":[{"not_picked":["Snecko Eye","Coffee Dripper"],"picked":"Philosopher\u0027s Stone"}],"items_purged_floors":[],"is_endless":false,"potions_floor_spawned":[2,6,10,14,18,20,29],"killed_by":"Champ","ascension_level":20}