{"path_per_floor":["M","$","M","M","?","E","R","M","T","E","M","E","M","$","R","B",null,"M","M","?","M","$","E","$","M","T","R","?","?","?","$","R","B",null,"M","?","M","M","$","R","M","M","T","M","R","E","M","M","R","B"],"character_chosen":"IRONCLAD","items_purchased":["Combust","Perfected Strike","Evolve","Enlightenment","Thunderclap","Thunderclap","Flex","Anger","Combust"],"gold_per_floor":[110,15,26,45,45,76,76,93,93,120,140,175,193,76,76,171,171,187,204,204,214,1,30,7,21,94,94,94,94,94,44,44,148,148,162,162,178,193,20,20,35,45,70,84,84,109,127,139,139,139],"floor_reached":51,"campfire_rested":3,"playtime":6937,"current_hp_per_floor":[75,75,80,80,80,53,53,58,58,52,62,58,64,64,64,29,90,90,87,100,99,99,100,100,100,100,100,100,100,100,100,100,32,100,79,66,73,44,44,74,75,38,38,46,76,77,77,54,84,25],"items_purged":["Defend_R","Strike_R"],"gold":139,"score":571,"play_id":"6e5d8bfb-c99f-4e59-a4a7-124c0bf1637a","is_prod":false,"is_daily":false,"is_ascension_mode":false,"campfire_upgraded":4,"path_taken":["M","?","?","M","?","E","R","M","T","E","M","E","M","$","R","BOSS","M","M","?","M","$","E","$","?","T","R","?","?","?","?","R","BOSS","M","?","M","M","$","R","M","M","T","M","R","E","?","M","R","BOSS"],"build_version":"2018-02-12-PROD1","purchased_purges":2,"victory":true,"master_deck":["Strike_R","Strike_R","Strike_R","Strike_R","Defend_R","Defend_R","Defend_R","Bash","Uppercut","Combust","Perfected Strike","Wild Strike","Shockwave","Bloodletting+1","Cleave","Dropkick","Shrug It Off","Power Through","Evolve+1","Bludgeon+1","Clash+1","Flex+1","Bludgeon","Enlightenment+1","Thunderclap","Whirlwind","Thunderclap","Sever Soul","Flame Barrier","Demon Form","Armaments+1","Madness+1","Madness+1","Heavy Blade+1","Inflame+1","Flex+1","Anger","Combust","Second Wind+1","Iron Wave+1","Clumsy","Double Tap+1","Wild Strike+1","Dual Wield+1","Seeing Red+1"],"max_hp_per_floor":[80,80,80,80,80,80,80,80,80,80,80,90,90,90,90,90,90,90,90,100,100,100,100,100,100,100,100,100,100,100,100,100,100,100,100,100,100,100,100,100,100,100,100,100,100,100,100,100,100,100],"relics":["Black Blood","Anchor","Blood Vial","Magic Flower","Smiling Mask","Pear","Cursed Key","Bronze Scales","Dodecahedron","Toxic Egg 2","Ancient Tea Set","Frozen Egg 2"],"card_choices":[{"not_picked":["Cleave","Shrug It Off"],"picked":"Uppercut"},{"not_picked":["Iron Wave","Body Slam"],"picked":"Wild Strike"},{"not_picked":["Fire Breathing","Body Slam"],"picked":"Shockwave"},{"not_picked":["Searing Blow","Wild Strike"],"picked":"Bloodletting"},{"not_picked":["Shockwave","Headbutt"],"picked":"Cleave"},{"not_picked":["Sentinel","Immolate"],"picked":"Dropkick"},{"not_picked":["True Grit","Heavy Blade"],"picked":"Shrug It Off"},{"not_picked":["Bloodletting","Flex"],"picked":"Exhume"},{"not_picked":["True Grit","Seeing Red"],"picked":"Power Through"},{"not_picked":["Limit Break","Reaper"],"picked":"Bludgeon"},{"not_picked":["Body Slam","Flex"],"picked":"Clash"},{"not_picked":["Evolve","Clothesline"],"picked":"Flex"},{"not_picked":["Fire Breathing","Sentinel"],"picked":"Bludgeon"},{"not_picked":["Cleave","Heavy Blade"],"picked":"Whirlwind"},{"not_picked":["True Grit","Sentinel"],"picked":"Sever Soul"},{"not_picked":["Fiend Fire","Dark Embrace"],"picked":"Demon Form"},{"not_picked":["Cleave","Pommel Strike"],"picked":"Armaments"},{"not_picked":["True Grit","Intimidate"],"picked":"Heavy Blade"},{"not_picked":["True Grit","Intimidate"],"picked":"Inflame"},{"not_picked":["Anger","Sever Soul"],"picked":"Second Wind"},{"not_picked":["True Grit","Havoc"],"picked":"Iron Wave"},{"not_picked":["Flex","Hemokinesis"],"picked":"Double Tap"},{"not_picked":["Cleave","Metallicize"],"picked":"Wild Strike"},{"not_picked":["Warcry","Sword Boomerang"],"picked":"Dual Wield"},{"not_picked":["Feed","Body Slam"],"picked":"Seeing Red"}],"player_experience":99625,"potions_floor_usage":[33,41,46,47,47,50,50],"damage_taken":[{"damage":11.0,"enemies":"Blue Slaver","floor":1.0,"turns":6.0},{"damage":0.0,"enemies":"2 Louse","floor":3.0,"turns":3.0},{"damage":0.0,"enemies":"Small Slimes","floor":4.0,"turns":3.0},{"damage":33.0,"enemies":"Gremlin Nob","floor":6.0,"turns":5.0},{"damage":3.0,"enemies":"Exordium Wildlife","floor":8.0,"turns":3.0},{"damage":33.0,"enemies":"Lagavulin","floor":10.0,"turns":4.0},{"damage":2.0,"enemies":"Large Slime","floor":11.0,"turns":5.0},{"damage":26.0,"enemies":"Gremlin Nob","floor":12.0,"turns":4.0},{"damage":6.0,"enemies":"Red Slaver","floor":13.0,"turns":3.0},{"damage":47.0,"enemies":"Hexaghost","floor":16.0,"turns":9.0},{"damage":4,"enemies":"Spheric Guardian","floor":18,"turns":3},{"damage":12,"enemies":"2 Thieves","floor":19,"turns":4},{"damage":10,"enemies":"Snake Plant","floor":21,"turns":3},{"damage":8,"enemies":"Book of Stabbing","floor":23,"turns":4},{"damage":6,"enemies":"Snecko","floor":25,"turns":3},{"damage":77,"enemies":"Automaton","floor":33,"turns":7},{"damage":36,"enemies":"3 Shapes","floor":35,"turns":3},{"damage":11,"enemies":"3 Darklings","floor":37,"turns":5},{"damage":47,"enemies":"4 Shapes","floor":38,"turns":5},{"damage":17,"enemies":"Sphere and 2 Shapes","floor":41,"turns":3},{"damage":55,"enemies":"Maw","floor":42,"turns":7},{"damage":10,"enemies":"3 Darklings","floor":44,"turns":5},{"damage":32,"enemies":"2 Orb Walkers","floor":46,"turns":4},{"damage":18,"enemies":"4 Shapes","floor":47,"turns":5},{"damage":41,"enemies":"Sphere and 2 Shapes","floor":48,"turns":6},{"damage":77,"enemies":"Donu and Deca","floor":50,"turns":7}],"event_choices":[{"event_name":"The Cleric","player_choice":"Leave","floor":5.0,"damage_taken":0.0},{"event_name":"Bonfire Elementals","player_choice":"RARE","floor":20,"damage_taken":0},{"event_name":"The Library","player_choice":"Read","floor":28,"damage_taken":0},{"event_name":"The Mausoleum","player_choice":"Yes","floor":29,"damage_taken":0},{"event_name":"Back to Basics","player_choice":"Elegance","floor":30,"damage_taken":0},{"event_name":"Winding Halls","player_choice":"Embrace Madness","floor":36,"damage_taken":0}],"boss_relics":[{"not_picked":["Runic Dome","Runic Pyramid"],"picked":"Black Blood"}],"potions_floor_spawned":[3,8,13,23,25,33,35,44,46,47],"seed_played":"-3358364411791376739","ascension_level":0,"is_trial":false}