{"gold_per_floor":[114,129,79,79,79,79,94,124,124,24,39,39,39,54,54,154,154,169,19,30,30,30,60,75,75,100,100,100,115,21,36,36,136,136,151,166,16,31,31,61,61,61,86,1,33,48,63,27,27,27],"floor_reached":50,"playtime":2157,"items_purged":[],"score":740,"play_id":"027c624e-90ef-4540-b48a-86950715d71c","local_time":"20190816123341","daily_mods":["Insanity","Time Dilation","Lethality"],"is_ascension_mode":false,"campfire_choices":[{"data":"Self Repair","floor":6,"key":"SMITH"},{"floor":12,"key":"REST"},{"data":"Capacitor","floor":15,"key":"SMITH"},{"data":"Turbo","floor":25,"key":"SMITH"},{"floor":32,"key":"REST"},{"data":"Melter","floor":41,"key":"SMITH"},{"floor":49,"key":"REST"}],"neow_cost":"","seed_source_timestamp":0,"circlet_count":0,"master_deck":["Glacier","Steam","Fusion","Hello World","Steam Power","Streamline","Gash","Leap","Sweeping Beam","Rebound+1","Hologram","Leap","Steam","Self Repair+1","Beam Cell","Barrage","Genetic Algorithm","Consume","Conserve Battery","Go for the Eyes","Aggregate","Coolheaded","Coolheaded","Turbo+1","Aggregate","Ball Lightning","Recycle","Force Field","Gash","Fusion","Sweeping Beam+1","Rebound","Beam Cell","Streamline","Turbo","Doom and Gloom","Ball Lightning","Rebound","FTL","Capacitor+1","Streamline","Stack","Rebound","Recycle","Turbo","Gash","Cold Snap","Leap","Barrage","Leap","Double Energy","Sweeping Beam","White Noise+1","Loop","Leap+1","Echo Form","Chill+1","Turbo+1","Trip+1","Melter+1","Ball Lightning+1","Tempest+1","Streamline","Turbo+1","Rebound","Steam+1","Thunder Strike","Rebound","Self Repair","Conserve Battery+1","Storm","Mind Blast","Capacitor","Ball Lightning","Self Repair+1","Streamline+1","Streamline","Defragment"],"special_seed":18124,"relics":["Cracked Core","Omamori","Toxic Egg 2","Pear","Kunai","White Beast Statue","Bag of Marbles","Art of War","Whetstone","Runic Pyramid","Oddly Smooth Stone","StoneCalendar","Juzu Bracelet","Unceasing Top"],"potions_floor_usage":[16,16,29,33,33,36,40,50,50,50],"damage_taken":[{"damage":0,"enemies":"Cultist","floor":1,"turns":1},{"damage":0,"enemies":"Jaw Worm","floor":2,"turns":1},{"damage":3,"enemies":"Small Slimes","floor":7,"turns":2},{"damage":17,"enemies":"Lagavulin","floor":8,"turns":6},{"damage":9,"enemies":"Exordium Thugs","floor":11,"turns":3},{"damage":0,"enemies":"Looter","floor":14,"turns":2},{"damage":62,"enemies":"Hexaghost","floor":16,"turns":8},{"damage":29,"enemies":"Chosen","floor":18,"turns":6},{"damage":11,"enemies":"2 Thieves","floor":20,"turns":4},{"damage":12,"enemies":"Slavers","floor":23,"turns":4},{"damage":0,"enemies":"Centurion and Healer","floor":24,"turns":4},{"damage":0,"enemies":"Snake Plant","floor":29,"turns":4},{"damage":18,"enemies":"Snecko","floor":31,"turns":3},{"damage":59,"enemies":"Automaton","floor":33,"turns":9},{"damage":0,"enemies":"3 Darklings","floor":35,"turns":4},{"damage":0,"enemies":"3 Shapes","floor":36,"turns":3},{"damage":14,"enemies":"Jaw Worm Horde","floor":38,"turns":4},{"damage":7,"enemies":"Nemesis","floor":40,"turns":5},{"damage":26,"enemies":"2 Orb Walkers","floor":45,"turns":3},{"damage":0,"enemies":"3 Darklings","floor":46,"turns":2},{"damage":49,"enemies":"Transient","floor":47,"turns":5},{"damage":99,"enemies":"Time Eater","floor":50,"turns":7}],"seed_played":"4998433362464419719","potions_obtained":[{"floor":1,"key":"Ancient Potion"},{"floor":8,"key":"FearPotion"},{"floor":14,"key":"EssenceOfSteel"},{"floor":18,"key":"Block Potion"},{"floor":20,"key":"Weak Potion"},{"floor":24,"key":"FearPotion"},{"floor":29,"key":"FocusPotion"},{"floor":33,"key":"Explosive Potion"},{"floor":35,"key":"Energy Potion"},{"floor":36,"key":"AttackPotion"},{"floor":40,"key":"Explosive Potion"},{"floor":45,"key":"Fire Potion"},{"floor":47,"key":"Regen Potion"}],"is_trial":false,"path_per_floor":["M","M","?","?","?","R","M","E","T","$","M","R","?","M","R","B",null,"M","$","M","?","?","E","M","R","T","?","?","M","$","M","R","B",null,"M","M","$","M","?","E","R","?","T","$","?","M","M","$","R","B"],"character_chosen":"DEFECT","items_purchased":["SmokeBomb","Turbo+1","Trip+1","Turbo+1","Rebound","Oddly Smooth Stone","Capacitor","Ball Lightning","Defragment"],"campfire_rested":3,"item_purchase_floors":[10,19,19,30,30,37,44,44,48],"current_hp_per_floor":[75,75,75,75,75,75,72,55,65,65,56,81,81,81,81,19,85,66,66,55,83,83,81,81,81,81,81,65,65,65,47,74,15,90,90,90,90,76,90,90,90,90,90,90,64,74,42,42,69,0],"gold":27,"neow_bonus":"","is_prod":false,"is_daily":true,"chose_seed":false,"campfire_upgraded":4,"win_rate":0,"timestamp":1565969621,"path_taken":["M","M","?","?","?","R","?","E","T","$","M","R","?","M","R","BOSS","M","$","M","?","?","E","M","R","T","?","?","?","?","M","R","BOSS","M","M","$","M","?","E","R","?","T","$","?","M","M","?","R","BOSS"],"build_version":"2019-07-17","purchased_purges":0,"victory":false,"max_hp_per_floor":[75,75,75,75,75,75,75,75,85,85,85,85,85,85,85,85,85,85,85,85,85,85,85,85,85,85,85,90,90,90,90,90,90,90,90,90,90,90,90,90,90,90,90,90,90,90,90,90,90,90],"card_choices":[{"not_picked":["Beam Cell","Aggregate"],"picked":"Leap","floor":1},{"not_picked":["Chaos","Go for the Eyes"],"picked":"Double Energy","floor":2},{"not_picked":["Reinforced Body","Coolheaded"],"picked":"Sweeping Beam","floor":7},{"not_picked":["Lockon","Consume"],"picked":"White Noise","floor":8},{"not_picked":["Genetic Algorithm+1","Force Field+1"],"picked":"Loop","floor":11},{"not_picked":["Go for the Eyes","Compile Driver"],"picked":"Leap+1","floor":14},{"not_picked":["Buffer","Core Surge"],"picked":"Echo Form","floor":16},{"not_picked":["Force Field+1","Redo+1"],"picked":"Chill+1","floor":18},{"not_picked":["Sweeping Beam","Tempest+1"],"picked":"Melter","floor":20},{"not_picked":["Rebound","Scrape"],"picked":"Ball Lightning+1","floor":23},{"not_picked":["Darkness+1","Hello World"],"picked":"Tempest+1","floor":24},{"not_picked":["Reinforced Body+1","Steam+1"],"picked":"Streamline","floor":29},{"not_picked":["Ball Lightning","Skim+1"],"picked":"Steam+1","floor":31},{"not_picked":["Machine Learning","Buffer"],"picked":"Thunder Strike","floor":33},{"not_picked":["Barrage","Steam+1"],"picked":"Rebound","floor":35},{"not_picked":["Beam Cell+1","Sweeping Beam+1"],"picked":"Self Repair","floor":36},{"not_picked":["Coolheaded+1","Beam Cell+1"],"picked":"Conserve Battery+1","floor":38},{"not_picked":["Hello World","Cold Snap"],"picked":"Storm","floor":40},{"not_picked":["Purity+1","The Bomb+1"],"picked":"Mind Blast","floor":42},{"not_picked":["FTL","Beam Cell+1"],"picked":"Self Repair+1","floor":45},{"not_picked":["Barrage+1","Go for the Eyes"],"picked":"Streamline+1","floor":46},{"not_picked":["Barrage+1","Compile Driver+1"],"picked":"Streamline","floor":47}],"player_experience":316870,"relics_obtained":[{"floor":8,"key":"Toxic Egg 2"},{"floor":9,"key":"Pear"},{"floor":23,"key":"Art of War"},{"floor":26,"key":"Whetstone"},{"floor":40,"key":"StoneCalendar"},{"floor":43,"key":"Juzu Bracelet"},{"floor":45,"key":"Unceasing Top"}],"event_choices":[{"cards_removed":["Barrage"],"damage_healed":0,"gold_gain":0,"player_choice":"Card Removal","damage_taken":0,"max_hp_gain":0,"max_hp_loss":0,"event_name":"The Cleric","floor":3,"gold_loss":50},{"damage_healed":0,"gold_gain":0,"player_choice":"Box","damage_taken":0,"relics_obtained":["Omamori"],"max_hp_gain":0,"max_hp_loss":0,"event_name":"Big Fish","floor":4,"gold_loss":0,"cards_obtained":["Regret"]},{"cards_removed":["Regret"],"damage_healed":0,"gold_gain":0,"player_choice":"Removed Curses","damage_taken":0,"max_hp_gain":0,"max_hp_loss":0,"event_name":"Fountain of Cleansing","floor":5,"gold_loss":0},{"damage_healed":0,"gold_gain":0,"player_choice":"Searched \u00272\u0027 times","damage_taken":0,"relics_obtained":["Kunai"],"max_hp_gain":0,"max_hp_loss":0,"event_name":"Dead Adventurer","floor":13,"gold_loss":0},{"damage_healed":28,"gold_gain":0,"player_choice":"Heal","damage_taken":0,"max_hp_gain":0,"max_hp_loss":0,"event_name":"The Library","floor":21,"gold_loss":0},{"damage_healed":0,"gold_gain":0,"player_choice":"Opened","damage_taken":0,"relics_obtained":["Bag of Marbles"],"max_hp_gain":0,"max_hp_loss":0,"event_name":"The Mausoleum","floor":22,"gold_loss":0},{"damage_healed":0,"gold_gain":0,"player_choice":"Ignored","damage_taken":0,"max_hp_gain":0,"max_hp_loss":0,"event_name":"Ghosts","floor":27,"gold_loss":0},{"damage_healed":0,"gold_gain":0,"player_choice":"Shed Blood","damage_taken":21,"max_hp_gain":5,"max_hp_loss":0,"event_name":"Forgotten Altar","floor":28,"gold_loss":0},{"damage_healed":23,"gold_gain":0,"player_choice":"Writhe","damage_taken":0,"max_hp_gain":0,"max_hp_loss":0,"event_name":"Winding Halls","floor":39,"gold_loss":0,"cards_obtained":["Writhe"]},{"damage_healed":0,"gold_gain":0,"player_choice":"Memory 1","damage_taken":0,"max_hp_gain":0,"max_hp_loss":0,"event_name":"SensoryStone","floor":42,"gold_loss":0},{"damage_healed":0,"gold_gain":0,"player_choice":"Fight","damage_taken":0,"max_hp_gain":0,"max_hp_loss":0,"event_name":"Mysterious Sphere","floor":45,"gold_loss":0}],"is_beta":false,"boss_relics":[{"not_picked":["Runic Dome","Philosopher\u0027s Stone"],"picked":"White Beast Statue"},{"not_picked":["Cursed Key","Eternal Feather"],"picked":"Runic Pyramid"}],"items_purged_floors":[],"is_endless":false,"potions_floor_spawned":[1,8,14,18,20,23,24,29,31,33,35,36,38,40,45,46,47],"killed_by":"Time Eater","ascension_level":0}