{"gold_per_floor":[363,363,363,438,438,438,464,481,481,497,22,40,52,62,62,62],"floor_reached":16,"playtime":1445,"items_purged":[],"score":194,"play_id":"1349819b-b1ca-4e7a-874f-24e0f0cd4ece","local_time":"20190509003909","is_ascension_mode":true,"campfire_choices":[{"floor":6,"key":"REST"},{"floor":15,"key":"REST"}],"neow_cost":"TEN_PERCENT_HP_LOSS","seed_source_timestamp":273658416373951,"circlet_count":0,"master_deck":["AscendersBane","Strike_R","Strike_R+1","Strike_R","Strike_R","Defend_R","Defend_R","Defend_R","Defend_R","Bash+1","Headbutt","Fire Breathing","Armaments","Flex","Pommel Strike","Panache+1","Demon Form+1","Metallicize+1","Sword Boomerang"],"relics":["Burning Blood","Whetstone","Bottled Lightning","Frozen Egg 2"],"potions_floor_usage":[10,14],"damage_taken":[{"damage":9,"enemies":"Small Slimes","floor":1,"turns":4},{"damage":70,"enemies":"3 Sentries","floor":7,"turns":13},{"damage":8,"enemies":"Jaw Worm","floor":8,"turns":6},{"damage":0,"enemies":"Cultist","floor":10,"turns":4},{"damage":14,"enemies":"Exordium Wildlife","floor":12,"turns":6},{"damage":10,"enemies":"Red Slaver","floor":13,"turns":4},{"damage":6,"enemies":"Looter","floor":14,"turns":5},{"damage":31,"enemies":"The Guardian","floor":16,"turns":2}],"seed_played":"-6851009129434491183","potions_obtained":[{"floor":8,"key":"BloodPotion"},{"floor":12,"key":"Energy Potion"}],"is_trial":false,"path_per_floor":["M","?","?","?","?","R","E","M","T","M","$","M","M","M","R","B"],"character_chosen":"IRONCLAD","items_purchased":["Frozen Egg 2","Panache+1"],"campfire_rested":2,"item_purchase_floors":[11,11],"current_hp_per_floor":[65,65,70,59,59,73,9,7,7,20,20,12,8,8,29,0],"gold":62,"neow_bonus":"TWO_FIFTY_GOLD","is_prod":false,"is_daily":false,"chose_seed":false,"campfire_upgraded":0,"win_rate":0,"timestamp":1557376749,"path_taken":["M","?","?","?","?","R","E","M","T","M","$","M","?","M","R","BOSS"],"build_version":"2019-01-23","purchased_purges":0,"victory":false,"max_hp_per_floor":[68,68,73,73,73,73,73,73,73,73,73,73,73,73,73,73],"card_choices":[{"not_picked":["Heavy Blade","Infernal Blade"],"picked":"Headbutt","floor":1},{"not_picked":["Heavy Blade","Evolve"],"picked":"Armaments","floor":7},{"not_picked":["Entrench","Armaments"],"picked":"Flex","floor":8},{"not_picked":["Dropkick","Iron Wave"],"picked":"Pommel Strike","floor":10},{"not_picked":["Havoc","Burning Pact"],"picked":"Demon Form+1","floor":12},{"not_picked":["Perfected Strike","Bloodletting"],"picked":"Metallicize+1","floor":13},{"not_picked":["Sentinel","Shrug It Off"],"picked":"Sword Boomerang","floor":14}],"player_experience":2583904,"relics_obtained":[{"floor":7,"key":"Whetstone"},{"floor":9,"key":"Bottled Lightning"}],"event_choices":[{"damage_healed":0,"gold_gain":0,"player_choice":"Ignored","damage_taken":0,"max_hp_gain":0,"max_hp_loss":0,"event_name":"Liars Game","floor":2,"gold_loss":0},{"damage_healed":0,"gold_gain":0,"player_choice":"Donut","damage_taken":0,"max_hp_gain":5,"max_hp_loss":0,"event_name":"Big Fish","floor":3,"gold_loss":0},{"damage_healed":0,"gold_gain":75,"player_choice":"Gather Gold","damage_taken":11,"max_hp_gain":0,"max_hp_loss":0,"event_name":"World of Goop","floor":4,"gold_loss":0},{"damage_healed":0,"gold_gain":0,"cards_transformed":["Strike_R"],"player_choice":"Change","damage_taken":0,"max_hp_gain":0,"max_hp_loss":0,"event_name":"Living Wall","floor":5,"gold_loss":0,"cards_obtained":["Fire Breathing"]}],"is_beta":false,"boss_relics":[],"items_purged_floors":[],"is_endless":false,"potions_floor_spawned":[8,12],"killed_by":"The Guardian","ascension_level":18}