{"gold_per_floor":[111,111,121,132,150,150,175,175,202,265,335,335,350,381,381,457,457,467,482,482,536,548,548,579,596,596,596,606,606],"floor_reached":29,"playtime":2542,"items_purged":[],"score":437,"play_id":"5e429eea-b3f0-4a63-84af-17441dcfa307","local_time":"20190128223545","is_ascension_mode":true,"campfire_choices":[{"data":"Streamline","floor":6.0,"key":"SMITH"},{"floor":8.0,"key":"REST"},{"data":"Static Discharge","floor":12.0,"key":"SMITH"},{"data":"Turbo","floor":15.0,"key":"SMITH"},{"floor":23,"key":"REST"}],"neow_cost":"NONE","seed_source_timestamp":0,"circlet_count":0,"master_deck":["AscendersBane","Strike_B","Strike_B","Strike_B","Strike_B","Defend_B","Defend_B+1","Defend_B","Defend_B+1","Zap+1","Dualcast","Conserve Battery","Streamline+1","Skim","Beam Cell","FTL","Static Discharge+1","Turbo+1","Cold Snap","Thunder Strike","Static Discharge","Tempest","Go for the Eyes","Stack+1","Conserve Battery+1"],"special_seed":0,"relics":["Cracked Core","Regal Pillow","Blood Vial","Tiny Chest","Ornamental Fan","Potion Belt","Lizard Tail","Mercury Hourglass","Strawberry","Bottled Flame","Pantograph"],"potions_floor_usage":[],"damage_taken":[{"damage":2.0,"enemies":"Jaw Worm","floor":1.0,"turns":3.0},{"damage":0.0,"enemies":"Cultist","floor":3.0,"turns":3.0},{"damage":0.0,"enemies":"Small Slimes","floor":4.0,"turns":4.0},{"damage":5.0,"enemies":"Exordium Thugs","floor":5.0,"turns":5.0},{"damage":2.0,"enemies":"Gremlin Nob","floor":7.0,"turns":3.0},{"damage":9.0,"enemies":"3 Sentries","floor":10.0,"turns":7.0},{"damage":15.0,"enemies":"Gremlin Gang","floor":13.0,"turns":3.0},{"damage":3.0,"enemies":"Lagavulin","floor":14.0,"turns":6.0},{"damage":24.0,"enemies":"Hexaghost","floor":16.0,"turns":6.0},{"damage":19,"enemies":"Spheric Guardian","floor":18,"turns":4},{"damage":7,"enemies":"Chosen","floor":19,"turns":3},{"damage":34,"enemies":"Snake Plant","floor":22,"turns":5},{"damage":34,"enemies":"Book of Stabbing","floor":24,"turns":4},{"damage":43,"enemies":"Shelled Parasite and Fungi","floor":25,"turns":5},{"damage":23,"enemies":"Centurion and Healer","floor":28,"turns":6},{"damage":8,"enemies":"Slavers","floor":29,"turns":1}],"seed_played":"2305262038997257977","potions_obtained":[{"floor":4.0,"key":"PowerPotion"},{"floor":5.0,"key":"Block Potion"},{"floor":10.0,"key":"Weak Potion"},{"floor":19,"key":"Ancient Potion"}],"is_trial":false,"path_per_floor":["M","?","M","M","M","R","E","R","T","E","T","R","M","E","R","B",null,"M","M","T","T","M","R","E","M","T","?","M","E"],"character_chosen":"DEFECT","items_purchased":[],"campfire_rested":2,"item_purchase_floors":[],"current_hp_per_floor":[66,51,51,51,46,46,44,75,75,66,66,66,53,52,52,30,64,47,42,42,49,17,56,24,26,26,26,5,0],"gold":606,"neow_bonus":"UPGRADE_CARD","is_prod":false,"is_daily":false,"chose_seed":false,"campfire_upgraded":3,"win_rate":0,"timestamp":1548732945,"path_taken":["M","?","M","M","M","R","E","R","T","E","?","R","M","E","R","BOSS","M","M","?","?","M","R","E","M","T","?","?","E"],"build_version":"2019-01-23","purchased_purges":0,"victory":false,"max_hp_per_floor":[75,75,75,75,75,75,75,75,75,75,75,75,75,75,75,75,75,75,75,75,82,82,82,82,82,82,82,82,82],"card_choices":[{"not_picked":["Cold Snap","Turbo"],"picked":"Conserve Battery","floor":1.0},{"not_picked":["BootSequence","Redo"],"picked":"Streamline","floor":3.0},{"not_picked":["Coolheaded","Auto Shields"],"picked":"Skim","floor":4.0},{"not_picked":["Go for the Eyes","White Noise"],"picked":"Beam Cell","floor":5.0},{"not_picked":["Redo","Leap"],"picked":"FTL","floor":7.0},{"not_picked":["Skim","Thunder Strike"],"picked":"Static Discharge","floor":10.0},{"not_picked":["Ball Lightning","Redo"],"picked":"Turbo","floor":13.0},{"not_picked":["Beam Cell","Turbo"],"picked":"Cold Snap","floor":14.0},{"not_picked":["Amplify","Machine Learning"],"picked":"Thunder Strike","floor":16.0},{"not_picked":["Gash","Cold Snap"],"picked":"Static Discharge","floor":18},{"not_picked":["Heatsinks","Barrage"],"picked":"Tempest","floor":19},{"not_picked":["Steam","Glacier"],"picked":"Go for the Eyes","floor":22},{"not_picked":["Coolheaded","Storm","Redo"],"picked":"SKIP","floor":24},{"not_picked":["Coolheaded","Storm","Redo"],"picked":"SKIP","floor":24},{"not_picked":["Conserve Battery","Streamline"],"picked":"Stack+1","floor":25},{"not_picked":["Barrage","Force Field"],"picked":"Conserve Battery+1","floor":28}],"player_experience":2241708,"relics_obtained":[{"floor":7.0,"key":"Regal Pillow"},{"floor":9.0,"key":"Blood Vial"},{"floor":10.0,"key":"Tiny Chest"},{"floor":11.0,"key":"Ornamental Fan"},{"floor":14.0,"key":"Potion Belt"},{"floor":20,"key":"Mercury Hourglass"},{"floor":21,"key":"Strawberry"},{"floor":24,"key":"Bottled Flame"},{"floor":26,"key":"Pantograph"}],"event_choices":[{"damage_healed":0.0,"max_hp_gain":0.0,"max_hp_loss":0.0,"gold_gain":0.0,"event_name":"Shining Light","player_choice":"Entered Light","floor":2.0,"gold_loss":0.0,"damage_taken":15.0,"cards_upgraded":["Defend_B","Defend_B"]},{"damage_healed":0,"gold_gain":0,"player_choice":"Ignored","damage_taken":0,"max_hp_gain":0,"max_hp_loss":0,"event_name":"Ghosts","floor":27,"gold_loss":0}],"is_beta":false,"boss_relics":[{"not_picked":["Calling Bell","Snecko Eye"],"picked":"Lizard Tail"}],"items_purged_floors":[],"is_endless":false,"potions_floor_spawned":[4,5,10,19],"killed_by":"Slavers","ascension_level":13}