{"gold_per_floor":[219,79,90,90,90,117,117,144,169,185,219,219,219,219,219,298,298,310,330,330,330,200,229,229,16,93,93,108,108,134,149,149,224,224,243,70,84,84,84,84,101,128,200,200,200,200,82,82,82,82],"floor_reached":50,"playtime":5253,"items_purged":["Strike_P"],"score":1140,"play_id":"ae3e684b-ca79-4d29-8032-6a5e721d673b","local_time":"20190925000503","is_ascension_mode":true,"campfire_choices":[{"data":"Eruption","floor":7.0,"key":"SMITH"},{"floor":12.0,"key":"REST"},{"data":"CutThroughFate","floor":15.0,"key":"SMITH"},{"data":"Judgement","floor":24.0,"key":"SMITH"},{"data":"Devotion","floor":27.0,"key":"SMITH"},{"data":"RitualDagger","floor":29.0,"key":"SMITH"},{"data":"SpiritShield","floor":32.0,"key":"SMITH"},{"floor":40.0,"key":"REST"},{"floor":44.0,"key":"RECALL"},{"floor":49.0,"key":"REST"}],"neow_cost":"NONE","seed_source_timestamp":0,"circlet_count":0,"master_deck":["AscendersBane","Strike_P","Strike_P","Strike_P+1","Defend_P+1","Defend_P","Defend_P","Defend_P","Eruption+1","Vigilance","FlyingSleeves+1","WheelKick+1","CutThroughFate+1","Consecrate","Swivel","FearNoEvil","Judgement+1","CrushJoints","Devotion+1","RitualDagger+1","SpiritShield+1","EmptyBody","Crescendo+1","Wish+1","Halt+1","Ragnarok","SashWhip+1","Purity+1","Wallop","Worship+1","ThirdEye+1"],"special_seed":0,"relics":["PureWater","Whetstone","Juzu Bracelet","Blood Vial","Dream Catcher","Runic Pyramid","Matryoshka","Lantern","Art of War","Toxic Egg 2","StoneCalendar","VioletLotus","Mummified Hand","Vajra","Happy Flower"],"potions_floor_usage":[50],"damage_taken":[{"damage":0.0,"enemies":"2 Louse","floor":1.0,"turns":4.0},{"damage":7.0,"enemies":"Jaw Worm","floor":3.0,"turns":4.0},{"damage":9.0,"enemies":"3 Sentries","floor":6.0,"turns":4.0},{"damage":14.0,"enemies":"Lagavulin","floor":8.0,"turns":7.0},{"damage":0.0,"enemies":"Small Slimes","floor":10.0,"turns":3.0},{"damage":13.0,"enemies":"3 Sentries","floor":11.0,"turns":6.0},{"damage":21.0,"enemies":"Hexaghost","floor":16.0,"turns":8.0},{"damage":16.0,"enemies":"Shell Parasite","floor":18.0,"turns":3.0},{"damage":0.0,"enemies":"Spheric Guardian","floor":19.0,"turns":2.0},{"damage":0.0,"enemies":"Gremlin Leader","floor":23.0,"turns":5.0},{"damage":2.0,"enemies":"Snecko","floor":28.0,"turns":5.0},{"damage":14.0,"enemies":"Book of Stabbing","floor":30.0,"turns":2.0},{"damage":0.0,"enemies":"Snake Plant","floor":31.0,"turns":2.0},{"damage":1.0,"enemies":"Collector","floor":33.0,"turns":6.0},{"damage":3.0,"enemies":"3 Shapes","floor":35.0,"turns":5.0},{"damage":40.0,"enemies":"3 Darklings","floor":37.0,"turns":4.0},{"damage":0.0,"enemies":"Writhing Mass","floor":41.0,"turns":2.0},{"damage":17.0,"enemies":"Nemesis","floor":42.0,"turns":3.0},{"damage":67,"enemies":"Awakened One","floor":50,"turns":10}],"seed_played":"7543916727109910421","potions_obtained":[{"floor":6.0,"key":"Weak Potion"},{"floor":11.0,"key":"Weak Potion"},{"floor":18.0,"key":"BottledMiracle"},{"floor":28.0,"key":"SpeedPotion"},{"floor":42.0,"key":"Fire Potion"}],"is_trial":false,"path_per_floor":["M","$","M","?","?","E","R","E","T","M","E","R","$","$","R","B",null,"M","M","?","?","$","E","R","$","T","R","M","R","E","M","R","B",null,"M","$","M","?","?","R","M","E","T","R","?","?","$","T","R","B"],"character_chosen":"WATCHER","items_purchased":["WheelKick","AttackPotion","Fire Potion","EmptyBody","Lantern","Ragnarok","Wallop","Worship+1"],"campfire_rested":3,"item_purchase_floors":[2,2,22,25,25,36,47,47],"current_hp_per_floor":[55,55,48,30,35,26,26,12,12,14,3,22,22,22,22,3,50,36,38,32,45,45,47,47,47,47,47,47,47,35,37,37,38,59,58,58,20,20,20,39,41,26,26,26,26,26,26,26,44,0],"gold":82,"neow_bonus":"HUNDRED_GOLD","is_prod":false,"is_daily":false,"chose_seed":false,"campfire_upgraded":6,"win_rate":0,"timestamp":1569326703,"path_taken":["M","$","M","?","?","E","R","E","T","M","E","R","?","$","R","BOSS","M","M","?","?","$","E","R","$","T","R","M","R","E","M","R","BOSS","M","$","M","?","?","R","M","E","T","R","?","?","?","?","R","BOSS"],"build_version":"2019-09-23","purchased_purges":1,"victory":false,"max_hp_per_floor":[61,61,61,61,66,66,66,66,66,66,66,66,66,66,66,66,66,66,66,66,66,66,66,66,66,66,66,66,66,66,66,66,66,66,66,66,66,66,66,66,66,66,66,66,63,63,63,63,63,63],"card_choices":[{"not_picked":["JustLucky","Swivel"],"picked":"FlyingSleeves","floor":1.0},{"not_picked":["JustLucky","Fasting","Collect"],"picked":"SKIP","floor":3.0},{"not_picked":["InnerPeace","ThirdEye"],"picked":"CutThroughFate","floor":6.0},{"not_picked":["Devotion","SpiritShield"],"picked":"Consecrate","floor":8.0},{"not_picked":["CutThroughFate","Vengeance"],"picked":"Swivel","floor":10.0},{"not_picked":["Consecrate","CutThroughFate"],"picked":"Wireheading","floor":11.0},{"not_picked":["Metaphysics","ThirdEye"],"picked":"FearNoEvil","floor":12.0},{"not_picked":["Wish","MasterReality"],"picked":"Judgement","floor":16.0},{"not_picked":["CarveReality","FlurryOfBlows"],"picked":"CrushJoints","floor":18.0},{"not_picked":["CrushJoints","InnerPeace"],"picked":"Devotion","floor":19.0},{"not_picked":["WheelKick","Collect"],"picked":"SpiritShield","floor":23.0},{"not_picked":["Perseverance+1","CrushJoints"],"picked":"Crescendo+1","floor":28.0},{"not_picked":["CutThroughFate","CrushJoints","Weave"],"picked":"SKIP","floor":30.0},{"not_picked":["SandsOfTime","SashWhip"],"picked":"Wish+1","floor":31.0},{"not_picked":["Protect+1","ThirdEye+1"],"picked":"Halt+1","floor":35.0},{"not_picked":["ThirdEye+1","EmptyFist+1"],"picked":"SashWhip+1","floor":37.0},{"not_picked":["Thinking Ahead+1","Mind Blast"],"picked":"Purity+1","floor":38.0},{"not_picked":["JustLucky+1","Conclude","FlyingSleeves"],"picked":"SKIP","floor":41.0},{"not_picked":["SignatureMove","Unraveling+1","Halt+1"],"picked":"SKIP","floor":42.0},{"not_picked":["CutThroughFate","Collect+1"],"picked":"ThirdEye+1","floor":49.0}],"player_experience":1235292,"relics_obtained":[{"floor":6.0,"key":"Whetstone"},{"floor":8.0,"key":"Juzu Bracelet"},{"floor":9.0,"key":"Blood Vial"},{"floor":11.0,"key":"Dream Catcher"},{"floor":23.0,"key":"Matryoshka"},{"floor":26.0,"key":"Art of War"},{"floor":26.0,"key":"Toxic Egg 2"},{"floor":30.0,"key":"StoneCalendar"},{"floor":42.0,"key":"Mummified Hand"},{"floor":43.0,"key":"Vajra"},{"floor":48.0,"key":"Happy Flower"}],"event_choices":[{"damage_healed":0.0,"max_hp_gain":0.0,"max_hp_loss":0.0,"gold_gain":0.0,"event_name":"Shining Light","player_choice":"Entered Light","floor":4.0,"gold_loss":0.0,"damage_taken":18.0,"cards_upgraded":["Defend_P","FlyingSleeves"]},{"damage_healed":0.0,"max_hp_gain":5.0,"max_hp_loss":0.0,"gold_gain":0.0,"event_name":"Big Fish","player_choice":"Donut","floor":5.0,"gold_loss":0.0,"damage_taken":0.0},{"damage_healed":0.0,"max_hp_gain":0.0,"max_hp_loss":0.0,"gold_gain":0.0,"event_name":"Nest","player_choice":"Joined the Cult","floor":20.0,"gold_loss":0.0,"damage_taken":6.0,"cards_obtained":["RitualDagger"]},{"damage_healed":13.0,"max_hp_gain":0.0,"max_hp_loss":0.0,"gold_gain":0.0,"event_name":"The Library","player_choice":"Heal","floor":21.0,"gold_loss":0.0,"damage_taken":0.0},{"damage_healed":0.0,"max_hp_gain":0.0,"max_hp_loss":0.0,"gold_gain":0.0,"event_name":"SensoryStone","player_choice":"Memory 1","floor":38.0,"gold_loss":0.0,"damage_taken":0.0},{"damage_healed":0.0,"max_hp_gain":0.0,"max_hp_loss":0.0,"gold_gain":0.0,"event_name":"Tomb of Lord Red Mask","player_choice":"Ignored","floor":39.0,"gold_loss":0.0,"damage_taken":0.0},{"damage_healed":0.0,"max_hp_gain":0.0,"max_hp_loss":3.0,"gold_gain":0.0,"event_name":"Winding Halls","player_choice":"Max HP","floor":45.0,"gold_loss":0.0,"damage_taken":0.0},{"cards_removed":["Wireheading"],"damage_healed":0.0,"max_hp_gain":0.0,"max_hp_loss":0.0,"gold_gain":0.0,"event_name":"Falling","player_choice":"Removed Power","floor":46.0,"gold_loss":0.0,"damage_taken":0.0}],"is_beta":true,"boss_relics":[{"not_picked":["Busted Crown","Calling Bell"],"picked":"Runic Pyramid"},{"not_picked":["Coffee Dripper","Pandora\u0027s Box"],"picked":"VioletLotus"}],"items_purged_floors":[22],"is_endless":false,"potions_floor_spawned":[6,11,18,28,42],"killed_by":"Awakened One","ascension_level":20}