{"gold_per_floor":[119,137,147,159,159,184,184,199,226,245,261,261,278,288,288,389,389,408,508,423,22,34,34,109,127,177,177,193,193,218,237,237,237],"floor_reached":33,"playtime":2621,"items_purged":[],"score":298,"play_id":"e069de96-9591-43b4-8b7a-a587fd5f7593","local_time":"20190628214325","is_ascension_mode":false,"campfire_choices":[{"floor":7,"key":"REST"},{"floor":12,"key":"REST"},{"floor":15,"key":"REST"},{"floor":27,"key":"REST"},{"data":"Cleave","floor":29,"key":"SMITH"},{"floor":32,"key":"REST"}],"neow_cost":"NONE","seed_source_timestamp":670797760749978,"circlet_count":0,"master_deck":["Strike_R","Strike_R+1","Strike_R","Strike_R","Strike_R","Defend_R","Defend_R","Defend_R","Defend_R","Bash","Headbutt","Sword Boomerang","Ghostly Armor","Twin Strike","Iron Wave+1","Warcry","Rampage","Heavy Blade","Anger","Headbutt","Clash","Demon Form","Clash","Cleave","Armaments","Clash","Carnage","Infernal Blade+1","Bandage Up","Seeing Red","Headbutt","Rampage+1","Shrug It Off+1","Cleave+1","Impervious","Infernal Blade+1"],"relics":["Burning Blood","Juzu Bracelet","Happy Flower","Orrery","Anchor","Lee\u0027s Waffle","Regal Pillow","Lantern"],"potions_floor_usage":[10,10,10,28,28,28],"damage_taken":[{"damage":7,"enemies":"2 Louse","floor":1,"turns":3},{"damage":6,"enemies":"Jaw Worm","floor":2,"turns":3},{"damage":4,"enemies":"Cultist","floor":3,"turns":4},{"damage":10,"enemies":"3 Louse","floor":4,"turns":2},{"damage":49,"enemies":"Lagavulin","floor":6,"turns":8},{"damage":16,"enemies":"2 Fungi Beasts","floor":8,"turns":4},{"damage":3,"enemies":"Exordium Thugs","floor":10,"turns":3},{"damage":6,"enemies":"Blue Slaver","floor":11,"turns":4},{"damage":1,"enemies":"3 Louse","floor":13,"turns":3},{"damage":8,"enemies":"Lots of Slimes","floor":14,"turns":5},{"damage":72,"enemies":"Hexaghost","floor":16,"turns":11},{"damage":13,"enemies":"3 Byrds","floor":18,"turns":5},{"damage":0,"enemies":"Chosen","floor":22,"turns":3},{"damage":47,"enemies":"3 Cultists","floor":25,"turns":6},{"damage":11,"enemies":"Snecko","floor":28,"turns":3},{"damage":56,"enemies":"Gremlin Leader","floor":30,"turns":9},{"damage":22,"enemies":"Centurion and Healer","floor":31,"turns":5},{"damage":72,"enemies":"Champ","floor":33,"turns":9}],"seed_played":"-1557352019585002445","potions_obtained":[{"floor":3,"key":"PowerPotion"},{"floor":4,"key":"SteroidPotion"},{"floor":6,"key":"SkillPotion"},{"floor":10,"key":"GamblersBrew"},{"floor":13,"key":"GamblersBrew"},{"floor":16,"key":"AttackPotion"},{"floor":18,"key":"SpeedPotion"},{"floor":25,"key":"Fire Potion"},{"floor":30,"key":"Energy Potion"}],"is_trial":false,"path_per_floor":["M","M","M","M","?","E","R","M","T","M","M","R","M","M","R","B",null,"M","?","?","$","M","?","?","M","T","R","M","R","E","M","R","B"],"character_chosen":"IRONCLAD","items_purchased":["Lee\u0027s Waffle","Bandage Up","Seeing Red","Headbutt"],"campfire_rested":5,"item_purchase_floors":[21,21,21,21],"current_hp_per_floor":[79,79,80,76,60,17,41,31,31,34,34,58,63,61,80,14,80,73,73,73,87,87,87,79,42,42,83,82,82,36,20,61,0],"gold":237,"neow_bonus":"THREE_CARDS","is_prod":false,"is_daily":false,"chose_seed":false,"campfire_upgraded":1,"win_rate":0.0,"timestamp":1561769005,"path_taken":["M","M","M","M","?","E","R","M","T","M","M","R","M","M","R","BOSS","M","?","?","$","M","?","?","M","T","R","M","R","E","M","R","BOSS"],"build_version":"2019-01-23","purchased_purges":0,"victory":false,"max_hp_per_floor":[80,80,80,80,80,80,80,80,80,80,80,80,80,80,80,80,80,80,80,80,87,87,87,87,87,87,87,87,87,87,87,87,87],"card_choices":[{"not_picked":["Sever Soul","Metallicize"],"picked":"Headbutt","floor":0},{"not_picked":["Armaments","Perfected Strike"],"picked":"Sword Boomerang","floor":1},{"not_picked":["Metallicize","Intimidate"],"picked":"Ghostly Armor","floor":2},{"not_picked":["Wild Strike","Perfected Strike"],"picked":"Twin Strike","floor":3},{"not_picked":["Perfected Strike","Hemokinesis"],"picked":"Iron Wave","floor":4},{"not_picked":["Fiend Fire","Thunderclap"],"picked":"Warcry","floor":6},{"not_picked":["Intimidate","Wild Strike"],"picked":"Rampage","floor":8},{"not_picked":["Wild Strike","Armaments"],"picked":"Heavy Blade","floor":10},{"not_picked":["Entrench","Warcry"],"picked":"Anger","floor":11},{"not_picked":["Body Slam","Sword Boomerang"],"picked":"Headbutt","floor":13},{"not_picked":["Second Wind","Feel No Pain"],"picked":"Clash","floor":14},{"not_picked":["Berserk","Fiend Fire"],"picked":"Demon Form","floor":16},{"not_picked":["Body Slam","Entrench"],"picked":"Clash","floor":17},{"not_picked":["Thunderclap","Entrench"],"picked":"Cleave","floor":17},{"not_picked":["True Grit","Brutality"],"picked":"Armaments","floor":17},{"not_picked":["Corruption","Iron Wave"],"picked":"Clash","floor":17},{"not_picked":["True Grit","Sever Soul"],"picked":"Carnage","floor":17},{"not_picked":["Ghostly Armor","Flex"],"picked":"Infernal Blade+1","floor":18},{"not_picked":["Pummel","Limit Break"],"picked":"Rampage+1","floor":22},{"not_picked":["Thunderclap+1","Clash+1"],"picked":"Shrug It Off+1","floor":25},{"not_picked":["Heavy Blade","Bloodletting"],"picked":"Cleave","floor":28},{"not_picked":["Twin Strike","Perfected Strike+1"],"picked":"Impervious","floor":30},{"not_picked":["Rupture","Thunderclap"],"picked":"Infernal Blade+1","floor":31}],"player_experience":35136,"relics_obtained":[{"floor":6,"key":"Juzu Bracelet"},{"floor":9,"key":"Happy Flower"},{"floor":26,"key":"Regal Pillow"},{"floor":30,"key":"Lantern"}],"event_choices":[{"damage_healed":0,"gold_gain":0,"player_choice":"Entered Light","damage_taken":16,"max_hp_gain":0,"max_hp_loss":0,"event_name":"Shining Light","floor":5,"gold_loss":0,"cards_upgraded":["Strike_R","Iron Wave"]},{"damage_healed":0,"gold_gain":100,"player_choice":"Pray","damage_taken":0,"max_hp_gain":0,"max_hp_loss":0,"event_name":"Golden Shrine","floor":19,"gold_loss":0},{"damage_healed":0,"gold_gain":0,"player_choice":"Obtained Relic","damage_taken":0,"relics_obtained":["Anchor"],"max_hp_gain":0,"max_hp_loss":0,"event_name":"Addict","floor":20,"gold_loss":85},{"damage_healed":0,"gold_gain":0,"player_choice":"Ignored","damage_taken":0,"max_hp_gain":0,"max_hp_loss":0,"event_name":"Beggar","floor":23,"gold_loss":0},{"damage_healed":0,"gold_gain":75,"player_choice":"Touch","damage_taken":8,"max_hp_gain":0,"max_hp_loss":0,"event_name":"FaceTrader","floor":24,"gold_loss":0}],"is_beta":false,"boss_relics":[{"not_picked":["Coffee Dripper","Eternal Feather"],"picked":"Orrery"}],"items_purged_floors":[],"is_endless":false,"potions_floor_spawned":[3,4,6,10,13,16,18,25,30],"killed_by":"Champ","ascension_level":0}