{"gold_per_floor":[109,61,76,29,44,44,77,77,128,128,128,26,44,69,69,200,200,224,245,120,35,35,35,79,104,156,255,255],"floor_reached":28,"playtime":2146,"items_purged":["Injury"],"score":330,"play_id":"60cb6ebb-c93c-4700-83dd-b43227351bd1","local_time":"20180911230229","is_ascension_mode":true,"campfire_choices":[{"data":"Hologram","floor":6.0,"key":"SMITH"},{"floor":8.0,"key":"REST"},{"data":"Zap","floor":15.0,"key":"SMITH"},{"floor":23,"key":"REST"}],"neow_cost":"NONE","seed_source_timestamp":0,"circlet_count":0,"master_deck":["Strike_B","Strike_B","Strike_B","Defend_B","Defend_B","Defend_B","Zap+1","Dualcast","Rebound","Undo","Turbo","Go for the Eyes","Hologram+1","Hologram","Go for the Eyes","Leap","Go for the Eyes","Loop","All For One","Gash+1","Auto Shields","FTL","Turbo","Reinforced Body+1","Defragment"],"special_seed":0,"relics":["Cracked Core","Orichalcum","Vajra","Golden Idol","Empty Cage","Bag of Marbles","Bag of Preparation","Potion Belt"],"potions_floor_usage":[28],"damage_taken":[{"damage":6.0,"enemies":"Cultist","floor":1.0,"turns":3.0},{"damage":7.0,"enemies":"Jaw Worm","floor":3.0,"turns":3.0},{"damage":0.0,"enemies":"2 Louse","floor":5.0,"turns":3.0},{"damage":28.0,"enemies":"Gremlin Nob","floor":7.0,"turns":4.0},{"damage":2.0,"enemies":"2 Fungi Beasts","floor":13.0,"turns":3.0},{"damage":0.0,"enemies":"Blue Slaver","floor":14.0,"turns":3.0},{"damage":6.0,"enemies":"The Guardian","floor":16.0,"turns":13.0},{"damage":24,"enemies":"Spheric Guardian","floor":18,"turns":4},{"damage":6,"enemies":"Chosen","floor":19,"turns":5},{"damage":13,"enemies":"Book of Stabbing","floor":24,"turns":4},{"damage":4,"enemies":"Shelled Parasite and Fungi","floor":25,"turns":4},{"damage":44,"enemies":"3 Cultists","floor":28,"turns":6}],"seed_played":"6411592462750776899","potions_obtained":[{"floor":1.0,"key":"AttackPotion"},{"floor":3.0,"key":"SkillPotion"},{"floor":5.0,"key":"Weak Potion"},{"floor":19,"key":"Dexterity Potion"}],"is_trial":false,"path_per_floor":["M","$","M","$","M","R","E","R","T","?","?","$","M","M","R","B",null,"M","M","$","?","?","R","E","M","T","?"],"character_chosen":"DEFECT","items_purchased":["Turbo","Hologram","Leap","FTL","Turbo"],"campfire_rested":2,"item_purchase_floors":[2,4,12,20,20],"current_hp_per_floor":[62,62,55,55,55,55,27,49,49,49,49,49,47,47,47,41,67,43,37,37,37,37,59,46,42,42,42,0],"gold":255,"neow_bonus":"THREE_CARDS","is_prod":false,"is_daily":false,"chose_seed":false,"campfire_upgraded":2,"win_rate":0,"timestamp":1536721349,"path_taken":["M","?","?","$","M","R","E","R","T","?","?","?","M","M","R","BOSS","M","M","$","?","?","R","E","M","T","?","M"],"build_version":"2018-08-23v2","purchased_purges":1,"victory":false,"max_hp_per_floor":[75,75,75,75,75,75,75,75,75,75,75,75,75,75,75,75,75,75,75,75,75,75,75,75,75,75,75,75],"card_choices":[{"not_picked":["Stack","Compile Driver"],"picked":"Rebound","floor":0.0},{"not_picked":["BootSequence","Coolheaded"],"picked":"Undo","floor":1.0},{"not_picked":["Storm","Ball Lightning"],"picked":"Go for the Eyes","floor":3.0},{"not_picked":["Consume","Stack"],"picked":"Hologram","floor":5.0},{"not_picked":["Hologram","Fusion"],"picked":"Go for the Eyes","floor":7.0},{"not_picked":["Thunder Strike","Cold Snap"],"picked":"Go for the Eyes","floor":13.0},{"not_picked":["Cold Snap","Heatsinks"],"picked":"Loop","floor":14.0},{"not_picked":["Biased Cognition","Creative AI"],"picked":"All For One","floor":16.0},{"not_picked":["Coolheaded","Stack+1"],"picked":"Gash+1","floor":18},{"not_picked":["Turbo","Hello World+1"],"picked":"Auto Shields","floor":19},{"not_picked":["Beam Cell+1","Barrage"],"picked":"Reinforced Body+1","floor":24},{"not_picked":["Core Surge","Hologram"],"picked":"Defragment","floor":25}],"player_experience":1699996,"relics_obtained":[{"floor":7.0,"key":"Orichalcum"},{"floor":9.0,"key":"Vajra"},{"floor":24,"key":"Bag of Preparation"},{"floor":26,"key":"Potion Belt"}],"event_choices":[{"event_name":"Shining Light","player_choice":"Ignored","floor":10.0,"damage_taken":0.0},{"event_name":"Golden Idol","player_choice":"Take Wound","floor":11.0,"damage_taken":0.0},{"event_name":"Addict","player_choice":"Obtained Relic","floor":21,"damage_taken":0},{"event_name":"Vampires","player_choice":"Ignored","floor":22,"damage_taken":0},{"event_name":"Nest","player_choice":"Stole From Cult","floor":27,"damage_taken":0}],"is_beta":false,"boss_relics":[{"not_picked":["Inserter","Velvet Choker"],"picked":"Empty Cage"}],"items_purged_floors":[12],"is_endless":false,"potions_floor_spawned":[1,3,5,19],"killed_by":"3 Cultists","ascension_level":8}