{"gold_per_floor":[114,128,140,151,30,30,46,46,72,85,105,116,46,58,58,163,163,178,1,0,13,13,13],"floor_reached":23,"playtime":1312,"items_purged":["Writhe"],"score":206,"play_id":"fac2ec30-53d5-4be0-9ac0-657778b35311","local_time":"20190830085901","is_ascension_mode":true,"campfire_choices":[{"data":"Zap","floor":6,"key":"SMITH"},{"floor":15,"key":"REST"}],"neow_cost":"NONE","seed_source_timestamp":85680405100841,"circlet_count":0,"master_deck":["Strike_B+1","Strike_B","Strike_B+1","Defend_B+1","Defend_B","Defend_B","Defend_B","Zap+1","Dualcast","Ball Lightning","Auto Shields","Reinforced Body","Aggregate","White Noise","Steam+1","Leap","Streamline","Compile Driver","Sunder","Leap","Conserve Battery","Streamline","Sunder","Meteor Strike","Steam","Melter","Cold Snap","Barrage"],"relics":["Cracked Core","Whetstone","Omamori","Calling Bell","Smiling Mask","Matryoshka","Gambling Chip","War Paint"],"potions_floor_usage":[23,23],"damage_taken":[{"damage":1,"enemies":"Cultist","floor":1,"turns":3},{"damage":7,"enemies":"Jaw Worm","floor":2,"turns":3},{"damage":1,"enemies":"2 Louse","floor":3,"turns":2},{"damage":0,"enemies":"Red Slaver","floor":4,"turns":4},{"damage":1,"enemies":"2 Fungi Beasts","floor":7,"turns":4},{"damage":0,"enemies":"3 Louse","floor":10,"turns":3},{"damage":0,"enemies":"Large Slime","floor":11,"turns":5},{"damage":0,"enemies":"Gremlin Gang","floor":12,"turns":4},{"damage":22,"enemies":"Exordium Wildlife","floor":14,"turns":3},{"damage":20,"enemies":"Slime Boss","floor":16,"turns":10},{"damage":22,"enemies":"Spheric Guardian","floor":18,"turns":4},{"damage":9,"enemies":"Shell Parasite","floor":21,"turns":9},{"damage":51,"enemies":"Gremlin Leader","floor":23,"turns":8}],"seed_played":"-994466380250851441","potions_obtained":[{"floor":3,"key":"EssenceOfSteel"},{"floor":4,"key":"SpeedPotion"},{"floor":7,"key":"FairyPotion"},{"floor":10,"key":"Energy Potion"},{"floor":16,"key":"Fire Potion"}],"is_trial":false,"path_per_floor":["M","M","M","M","$","R","M","?","T","M","M","M","$","M","R","B",null,"M","$","?","M","?","E"],"character_chosen":"DEFECT","items_purchased":["White Noise","Steam","Conserve Battery","Streamline","Melter","Cold Snap"],"campfire_rested":1,"item_purchase_floors":[5,5,13,13,19,19],"current_hp_per_floor":[74,67,66,66,66,66,65,65,65,65,65,65,65,43,65,45,75,53,53,53,44,44,0],"gold":13,"neow_bonus":"RANDOM_COMMON_RELIC","is_prod":false,"is_daily":false,"chose_seed":false,"campfire_upgraded":1,"win_rate":0,"timestamp":1567166341,"path_taken":["M","M","M","M","$","R","M","?","T","M","M","?","$","M","R","BOSS","M","$","?","M","?","E"],"build_version":"2019-07-17","purchased_purges":1,"victory":false,"max_hp_per_floor":[75,75,75,75,75,75,75,75,75,75,75,75,75,75,75,75,75,75,75,75,75,75,75],"card_choices":[{"not_picked":["Go for the Eyes","Coolheaded"],"picked":"Ball Lightning","floor":1},{"not_picked":["Lockon","Loop"],"picked":"Auto Shields","floor":2},{"not_picked":["Hologram","Steam"],"picked":"Reinforced Body","floor":3},{"not_picked":["Rip and Tear","FTL"],"picked":"Aggregate","floor":4},{"not_picked":["Beam Cell","Force Field"],"picked":"Leap","floor":7},{"not_picked":["Cold Snap","Hologram"],"picked":"Compile Driver","floor":10},{"not_picked":["Steam Power","Chill"],"picked":"Sunder","floor":11},{"not_picked":["Auto Shields","Rebound"],"picked":"Leap","floor":12},{"not_picked":["Barrage","Turbo"],"picked":"Sunder","floor":14},{"not_picked":["Seek","Hyperbeam"],"picked":"Meteor Strike","floor":16},{"not_picked":["Sweeping Beam","Reprogram"],"picked":"Steam","floor":18},{"not_picked":["Gash","Streamline"],"picked":"Barrage","floor":21}],"player_experience":358237,"relics_obtained":[{"floor":9,"key":"Omamori"},{"floor":17,"key":"Smiling Mask"},{"floor":17,"key":"Matryoshka"},{"floor":17,"key":"Gambling Chip"}],"event_choices":[{"damage_healed":0,"gold_gain":0,"cards_transformed":["Strike_B"],"player_choice":"Transformed","damage_taken":0,"max_hp_gain":0,"max_hp_loss":0,"event_name":"Transmorgrifier","floor":8,"gold_loss":0,"cards_obtained":["Streamline"]},{"damage_healed":0,"gold_gain":0,"player_choice":"Paid Fearfully","damage_taken":0,"max_hp_gain":0,"max_hp_loss":0,"event_name":"Masked Bandits","floor":20,"gold_loss":1},{"damage_healed":0,"gold_gain":0,"player_choice":"Gave Potion","damage_taken":0,"relics_obtained":["War Paint"],"max_hp_gain":0,"max_hp_loss":0,"event_name":"WeMeetAgain","floor":22,"gold_loss":0}],"is_beta":false,"boss_relics":[{"not_picked":["Busted Crown","Cursed Key"],"picked":"Calling Bell"}],"items_purged_floors":[19],"is_endless":false,"potions_floor_spawned":[3,4,7,10,14,16],"killed_by":"Gremlin Leader","ascension_level":2}