{"gold_per_floor":[119,119,131,151,101,101,131,150,150,164,164,164,176,187,187,291,291,305,230,34,44,55,55,55,55],"floor_reached":25,"playtime":2420,"items_purged":[],"score":256,"play_id":"be6a2792-4650-4045-9f8a-7d833fce6023","local_time":"20180815170106","is_ascension_mode":true,"campfire_choices":[{"data":"Beam Cell","floor":6,"key":"SMITH"},{"floor":12,"key":"REST"},{"floor":15,"key":"REST"},{"floor":23,"key":"REST"}],"neow_cost":"NONE","seed_source_timestamp":118904422984174,"circlet_count":0,"master_deck":["Strike_B","Strike_B","Strike_B","Strike_B","Defend_B","Defend_B","Zap+1","Dualcast","Gash","Beam Cell+1","Genetic Algorithm","Beam Cell","Steam","Undo","Auto Shields","Steam","Hyperbeam","Turbo+1","Gash+1","Go for the Eyes","Zap"],"relics":["Cracked Core","Omamori","Centennial Puzzle","Fusion Hammer","Strange Spoon"],"potions_floor_usage":[13,16,16,22],"damage_taken":[{"damage":2,"enemies":"Jaw Worm","floor":1,"turns":2},{"damage":0,"enemies":"Small Slimes","floor":3,"turns":2},{"damage":0,"enemies":"2 Louse","floor":4,"turns":1},{"damage":44,"enemies":"3 Sentries","floor":7,"turns":8},{"damage":10,"enemies":"Lots of Slimes","floor":8,"turns":4},{"damage":0,"enemies":"2 Fungi Beasts","floor":10,"turns":2},{"damage":4,"enemies":"3 Louse","floor":13,"turns":3},{"damage":6,"enemies":"Large Slime","floor":14,"turns":6},{"damage":6,"enemies":"The Guardian","floor":16,"turns":14},{"damage":12,"enemies":"2 Thieves","floor":18,"turns":5},{"damage":2,"enemies":"Chosen","floor":21,"turns":4},{"damage":25,"enemies":"3 Cultists","floor":22,"turns":5},{"damage":57,"enemies":"Slavers","floor":25,"turns":4}],"seed_played":"237640623811019921","potions_obtained":[{"floor":8,"key":"SpeedPotion"},{"floor":13,"key":"Dexterity Potion"},{"floor":14,"key":"SteroidPotion"},{"floor":21,"key":"Fire Potion"}],"is_trial":false,"path_per_floor":["M","?","M","M","?","R","E","M","T","M","?","R","M","M","R","B",null,"M","?","$","M","M","R","?"],"character_chosen":"DEFECT","items_purchased":["Strange Spoon"],"campfire_rested":3,"item_purchase_floors":[20],"current_hp_per_floor":[73,73,73,73,73,73,29,19,19,19,19,41,37,31,53,47,68,56,56,56,54,29,51,51,0],"gold":55,"neow_bonus":"UPGRADE_CARD","is_prod":false,"is_daily":false,"chose_seed":false,"campfire_upgraded":1,"win_rate":0,"timestamp":1534366866,"path_taken":["M","?","?","M","?","R","E","M","T","M","?","R","M","M","R","BOSS","M","?","?","M","M","R","?","E"],"build_version":"2018-08-09","purchased_purges":0,"victory":false,"max_hp_per_floor":[75,75,75,75,75,75,75,75,75,75,75,75,75,75,75,75,75,75,75,75,75,75,75,75,75],"card_choices":[{"not_picked":["Conserve Battery","Barrage"],"picked":"Gash","floor":1},{"not_picked":["Cold Snap","Stack"],"picked":"Beam Cell","floor":3},{"not_picked":["Tempest","Chaos"],"picked":"Genetic Algorithm","floor":4},{"not_picked":["Cold Snap","Steam"],"picked":"Beam Cell","floor":7},{"not_picked":["Stack","Recycle"],"picked":"Steam","floor":8},{"not_picked":["Rainbow","Turbo"],"picked":"Undo","floor":10},{"not_picked":["Genetic Algorithm","Compile Driver"],"picked":"Auto Shields","floor":13},{"not_picked":["Heatsinks","Coolheaded"],"picked":"Steam","floor":14},{"not_picked":["Fission","Rainbow"],"picked":"Hyperbeam","floor":16},{"not_picked":["Hologram","Sweeping Beam"],"picked":"Turbo+1","floor":18},{"not_picked":["Conserve Battery","Glacier"],"picked":"Gash+1","floor":21},{"not_picked":["Stack","Cold Snap"],"picked":"Go for the Eyes","floor":22}],"player_experience":1526723,"relics_obtained":[{"floor":7,"key":"Omamori"},{"floor":9,"key":"Centennial Puzzle"}],"event_choices":[{"event_name":"Liars Game","player_choice":"disagreed","floor":2,"damage_taken":0},{"event_name":"The Cleric","player_choice":"Card Removal","floor":5,"damage_taken":0},{"event_name":"Shining Light","player_choice":"Ignored","floor":11,"damage_taken":0},{"event_name":"Beggar","player_choice":"Gave Gold","floor":19,"damage_taken":0},{"event_name":"Match and Keep!","player_choice":"1 cards matched","floor":24,"damage_taken":0}],"is_beta":false,"boss_relics":[{"not_picked":["Orrery","Snecko Eye"],"picked":"Fusion Hammer"}],"items_purged_floors":[],"is_endless":false,"potions_floor_spawned":[8,13,14,21],"killed_by":"Slavers","ascension_level":5}