{"gold_per_floor":[17,31,50,50,50,50,91,91,142,142,186,261,19,44,44,44],"floor_reached":16,"playtime":642,"items_purged":[],"score":266,"play_id":"d300f988-c17c-42e8-aad2-7c9f0beae7b3","local_time":"20191013174631","is_ascension_mode":true,"campfire_choices":[{"data":"Eruption","floor":6,"key":"SMITH"},{"data":"SashWhip","floor":8,"key":"SMITH"},{"data":"ThirdEye","floor":10,"key":"SMITH"},{"data":"Ragnarok","floor":15,"key":"SMITH"}],"neow_cost":"NO_GOLD","seed_source_timestamp":24942924896490,"circlet_count":0,"master_deck":["AscendersBane","Strike_P","Strike_P","Strike_P","Strike_P","Defend_P","Defend_P","Defend_P","Defend_P","Eruption+1","Vigilance","SashWhip+1","FlurryOfBlows","ThirdEye+1","Establishment","Wallop","Ragnarok+1","Nirvana"],"relics":["PureWater","Golden Idol","MealTicket","Happy Flower","Juzu Bracelet"],"potions_floor_usage":[7,11],"damage_taken":[{"damage":1,"enemies":"Small Slimes","floor":1,"turns":3},{"damage":0,"enemies":"Jaw Worm","floor":2,"turns":2},{"damage":0,"enemies":"2 Louse","floor":3,"turns":3},{"damage":23,"enemies":"3 Sentries","floor":7,"turns":10},{"damage":0,"enemies":"Gremlin Nob","floor":11,"turns":2},{"damage":1,"enemies":"Looter","floor":14,"turns":4},{"damage":48,"enemies":"Hexaghost","floor":16,"turns":7}],"seed_played":"-5415701417847719273","potions_obtained":[{"floor":2,"key":"SteroidPotion"},{"floor":3,"key":"Regen Potion"}],"is_trial":false,"path_per_floor":["M","M","M","?","?","R","E","R","T","R","E","?","$","M","R","B"],"character_chosen":"WATCHER","items_purchased":["Ragnarok","DuplicationPotion"],"campfire_rested":0,"item_purchase_floors":[13,13],"current_hp_per_floor":[72,72,72,77,48,48,40,40,40,40,40,29,44,43,43,0],"gold":44,"neow_bonus":"TWENTY_PERCENT_HP_BONUS","is_prod":false,"is_daily":false,"chose_seed":false,"campfire_upgraded":4,"win_rate":0,"timestamp":1570941991,"path_taken":["M","M","M","?","?","R","E","R","T","R","E","?","$","M","R","BOSS"],"build_version":"2019-10-11","purchased_purges":0,"victory":false,"max_hp_per_floor":[80,80,80,85,85,85,85,85,85,85,85,85,85,85,85,85],"card_choices":[{"not_picked":["EmptyFist","PathToVictory"],"picked":"SashWhip","floor":1},{"not_picked":["Protect","WreathOfFlame"],"picked":"FlurryOfBlows","floor":2},{"not_picked":["JustLucky","DevaForm"],"picked":"ThirdEye","floor":3},{"not_picked":["Crescendo","CrushJoints"],"picked":"Establishment","floor":7},{"not_picked":["InnerPeace","WreathOfFlame"],"picked":"Wallop","floor":11},{"not_picked":["Crescendo","WheelKick"],"picked":"Nirvana","floor":14}],"player_experience":1540776,"relics_obtained":[{"floor":7,"key":"MealTicket"},{"floor":9,"key":"Happy Flower"},{"floor":11,"key":"Juzu Bracelet"}],"event_choices":[{"damage_healed":0,"gold_gain":0,"player_choice":"Donut","damage_taken":0,"max_hp_gain":5,"max_hp_loss":0,"event_name":"Big Fish","floor":4,"gold_loss":0},{"damage_healed":0,"gold_gain":0,"player_choice":"Take Damage","damage_taken":29,"relics_obtained":["Golden Idol"],"max_hp_gain":0,"max_hp_loss":0,"event_name":"Golden Idol","floor":5,"gold_loss":0},{"damage_healed":0,"gold_gain":75,"player_choice":"Gather Gold","damage_taken":11,"max_hp_gain":0,"max_hp_loss":0,"event_name":"World of Goop","floor":12,"gold_loss":0}],"is_beta":true,"boss_relics":[],"items_purged_floors":[],"is_endless":false,"potions_floor_spawned":[2,3],"killed_by":"Hexaghost","ascension_level":20}