{"gold_per_floor":[114,17,17,30,130,130,30,46,46,65,93,93,150,166,166,262,262,281,281,8,8,21,21],"floor_reached":23,"playtime":1070,"items_purged":["Strike_G","Pain"],"score":209,"play_id":"053b4fed-2e03-458f-8218-047318ea5659","local_time":"20191020130207","is_ascension_mode":true,"campfire_choices":[{"data":"Neutralize","floor":6,"key":"SMITH"},{"data":"Sucker Punch","floor":12,"key":"SMITH"},{"data":"Envenom","floor":15,"key":"SMITH"}],"neow_cost":"NONE","seed_source_timestamp":662882833030000,"circlet_count":0,"master_deck":["Strike_G","Strike_G","Strike_G","Strike_G","Defend_G","Defend_G","Defend_G","Defend_G","Defend_G","Survivor","Neutralize+1","Well Laid Plans","Sucker Punch+1","Blade Dance","Dagger Throw","Footwork","Heel Hook","Envenom+1","Bane","Wraith Form v2","Infinite Blades","Accuracy","Terror"],"relics":["Ring of the Serpent","NeowsBlessing","WarpedTongs","Gremlin Horn","Paper Crane","Tiny Chest","Potion Belt","HandDrill","MutagenicStrength"],"potions_floor_usage":[11,16,16],"damage_taken":[{"damage":0,"enemies":"Jaw Worm","floor":1,"turns":1},{"damage":1,"enemies":"Cultist","floor":4,"turns":1},{"damage":0,"enemies":"Small Slimes","floor":8,"turns":1},{"damage":1,"enemies":"Red Slaver","floor":10,"turns":3},{"damage":11,"enemies":"3 Sentries","floor":11,"turns":8},{"damage":14,"enemies":"Gremlin Nob","floor":13,"turns":5},{"damage":12,"enemies":"Large Slime","floor":14,"turns":4},{"damage":16,"enemies":"The Guardian","floor":16,"turns":8},{"damage":15,"enemies":"2 Thieves","floor":18,"turns":5},{"damage":11,"enemies":"Chosen","floor":22,"turns":5},{"damage":53,"enemies":"Slavers","floor":23,"turns":3}],"seed_played":"-2859935102071514492","potions_obtained":[{"floor":8,"key":"Poison Potion"},{"floor":10,"key":"Explosive Potion"},{"floor":11,"key":"SkillPotion"},{"floor":16,"key":"SpeedPotion"}],"is_trial":false,"path_per_floor":["M","$","?","M","?","R","$","M","T","M","E","R","E","M","R","B",null,"M","T","$","?","M","E"],"character_chosen":"THE_SILENT","items_purchased":["Sucker Punch","Accuracy","HandDrill"],"campfire_rested":0,"item_purchase_floors":[2,20,20],"current_hp_per_floor":[70,70,70,69,69,69,69,69,69,68,57,57,43,31,31,15,70,55,55,55,55,44,0],"gold":21,"neow_bonus":"THREE_ENEMY_KILL","is_prod":false,"is_daily":false,"chose_seed":false,"campfire_upgraded":3,"win_rate":0,"timestamp":1571547727,"path_taken":["M","$","?","?","?","R","$","M","T","M","E","R","E","M","R","BOSS","M","?","$","?","M","E"],"build_version":"2019-07-17","purchased_purges":2,"victory":false,"max_hp_per_floor":[70,70,70,70,70,70,70,70,70,70,70,70,70,70,70,70,70,70,70,70,70,70,70],"card_choices":[{"not_picked":["Bane","Poisoned Stab"],"picked":"Well Laid Plans","floor":1},{"not_picked":["Infinite Blades","Underhanded Strike"],"picked":"Blade Dance","floor":4},{"not_picked":["Dagger Spray","Dodge and Roll"],"picked":"Dagger Throw","floor":8},{"not_picked":["Dodge and Roll","All Out Attack"],"picked":"Footwork","floor":10},{"not_picked":["Caltrops","Leg Sweep"],"picked":"Heel Hook","floor":11},{"not_picked":["Predator","Cloak And Dagger"],"picked":"Envenom","floor":13},{"not_picked":["Poisoned Stab","Flying Knee"],"picked":"Bane","floor":14},{"not_picked":["Adrenaline","Malaise"],"picked":"Wraith Form v2","floor":16},{"not_picked":["Flying Knee","Bane"],"picked":"Infinite Blades","floor":18},{"not_picked":["Deflect","Dagger Spray+1"],"picked":"Terror","floor":22}],"player_experience":217648,"relics_obtained":[{"floor":9,"key":"Gremlin Horn"},{"floor":11,"key":"Paper Crane"},{"floor":13,"key":"Tiny Chest"},{"floor":19,"key":"Potion Belt"}],"event_choices":[{"damage_healed":0,"gold_gain":0,"player_choice":"Rummage","damage_taken":0,"relics_obtained":["WarpedTongs"],"max_hp_gain":0,"max_hp_loss":0,"event_name":"Accursed Blacksmith","floor":3,"gold_loss":0,"cards_obtained":["Pain"]},{"damage_healed":0,"gold_gain":100,"player_choice":"Pray","damage_taken":0,"max_hp_gain":0,"max_hp_loss":0,"event_name":"Golden Shrine","floor":5,"gold_loss":0},{"damage_healed":0,"gold_gain":0,"player_choice":"Inject Mutagens","damage_taken":0,"relics_obtained":["MutagenicStrength"],"max_hp_gain":0,"max_hp_loss":0,"event_name":"Drug Dealer","floor":21,"gold_loss":0}],"is_beta":false,"boss_relics":[{"not_picked":["Calling Bell","Velvet Choker"],"picked":"Ring of the Serpent"}],"items_purged_floors":[2,7],"is_endless":false,"potions_floor_spawned":[8,10,11,16],"killed_by":"Slavers","ascension_level":1}