{"gold_per_floor":[119,30,30,49,20,49,49,67,67,92,92,110,31,81,81,155,155,167,92,111,111,111,111,136,136,136,151,1,16,16,26,26,26],"floor_reached":33,"playtime":4343,"items_purged":["Normality"],"score":596,"play_id":"4239b972-e9fd-41bd-848f-82df4c439261","local_time":"20190922003237","is_ascension_mode":true,"campfire_choices":[{"data":"Sucker Punch","floor":7.0,"key":"SMITH"},{"floor":11.0,"key":"REST"},{"data":"Caltrops","floor":15.0,"key":"SMITH"},{"floor":23,"key":"REST"},{"data":"After Image","floor":25,"key":"SMITH"},{"floor":30,"key":"REST"},{"floor":32,"key":"REST"}],"neow_cost":"NONE","seed_source_timestamp":1399637578784454,"circlet_count":0,"master_deck":["AscendersBane","Defend_G","Defend_G","Defend_G","Defend_G","Defend_G","Strike_G","Strike_G","Strike_G+1","Strike_G","Survivor","Neutralize+1","Dagger Spray","Terror","Backflip","Sucker Punch+1","PiercingWail","Caltrops+1","Masterful Stab","Riddle With Holes+1","Escape Plan","After Image+1","Escape Plan+1","Poisoned Stab+1","Writhe","Deadly Poison","Backflip","Footwork","Heel Hook","Bane"],"special_seed":0,"relics":["Ring of the Snake","NeowsBlessing","Sundial","Darkstone Periapt","Bottled Tornado","Cursed Key","Bag of Preparation","Boot","Whetstone"],"potions_floor_usage":[33],"damage_taken":[{"damage":0.0,"enemies":"2 Louse","floor":1.0,"turns":1.0},{"damage":0.0,"enemies":"Cultist","floor":4.0,"turns":1.0},{"damage":0.0,"enemies":"Gremlin Nob","floor":6.0,"turns":1.0},{"damage":6.0,"enemies":"Small Slimes","floor":8.0,"turns":4.0},{"damage":16.0,"enemies":"Lagavulin","floor":10.0,"turns":8.0},{"damage":6.0,"enemies":"Red Slaver","floor":12.0,"turns":5.0},{"damage":42.0,"enemies":"The Guardian","floor":16.0,"turns":11.0},{"damage":0,"enemies":"3 Byrds","floor":18,"turns":2},{"damage":16,"enemies":"Shell Parasite","floor":20,"turns":5},{"damage":8,"enemies":"Colosseum Slavers","floor":22,"turns":6},{"damage":13,"enemies":"Gremlin Leader","floor":24,"turns":8},{"damage":20,"enemies":"Snecko","floor":27,"turns":5},{"damage":5,"enemies":"3 Cultists","floor":29,"turns":5},{"damage":28,"enemies":"Shelled Parasite and Fungi","floor":31,"turns":5},{"damage":42,"enemies":"Collector","floor":33,"turns":6}],"seed_played":"5476336347889144137","potions_obtained":[{"floor":4.0,"key":"Swift Potion"},{"floor":6.0,"key":"Energy Potion"},{"floor":18,"key":"FearPotion"},{"floor":29,"key":"FearPotion"}],"is_trial":false,"path_per_floor":["M","$","?","M","$","E","R","M","T","E","R","M","$","?","R","B",null,"M","?","M","?","?","R","E","R","T","M","$","M","R","M","R","B"],"character_chosen":"THE_SILENT","items_purchased":["Terror","Sucker Punch","Escape Plan","Footwork"],"campfire_rested":4,"item_purchase_floors":[2,5,13,28],"current_hp_per_floor":[59,59,59,59,59,59,59,53,53,37,56,50,50,50,50,8,52,52,52,36,42,34,55,42,42,48,28,28,23,46,18,41,0],"gold":26,"neow_bonus":"THREE_ENEMY_KILL","is_prod":false,"is_daily":false,"chose_seed":false,"campfire_upgraded":3,"win_rate":0,"timestamp":1569126757,"path_taken":["M","$","?","?","?","E","R","M","T","E","R","M","$","?","R","BOSS","M","?","M","?","?","R","E","R","T","M","$","M","R","M","R","BOSS"],"build_version":"2019-01-23","purchased_purges":1,"victory":false,"max_hp_per_floor":[66,66,66,66,66,66,66,66,66,66,66,66,66,66,66,66,66,66,66,66,72,72,72,72,72,78,78,78,78,78,78,78,78],"card_choices":[{"not_picked":["Blade Dance","Distraction"],"picked":"Dagger Spray","floor":1.0},{"not_picked":["Calculated Gamble","Reflex"],"picked":"Backflip","floor":4.0},{"not_picked":["Flechettes","Quick Slash"],"picked":"PiercingWail","floor":6.0},{"not_picked":["Blade Dance","Distraction"],"picked":"Caltrops","floor":8.0},{"not_picked":["Expertise","Bane"],"picked":"Masterful Stab","floor":10.0},{"not_picked":["Sucker Punch","Outmaneuver"],"picked":"Riddle With Holes","floor":12.0},{"not_picked":["Storm of Steel","A Thousand Cuts"],"picked":"After Image","floor":16.0},{"not_picked":["Calculated Gamble","Acrobatics+1"],"picked":"Escape Plan+1","floor":18},{"not_picked":["Slice","Outmaneuver+1"],"picked":"Poisoned Stab+1","floor":20},{"not_picked":["Sucker Punch","Dodge and Roll"],"picked":"Deadly Poison","floor":24},{"not_picked":["Tactician+1","Backflip","Accuracy"],"picked":"SKIP","floor":27},{"not_picked":["Tactician+1","Accuracy"],"picked":"Backflip","floor":27},{"not_picked":["Deadly Poison","Slice"],"picked":"Heel Hook","floor":29},{"not_picked":["Skewer","Poisoned Stab"],"picked":"Bane","floor":31}],"player_experience":2970415,"relics_obtained":[{"floor":6.0,"key":"Sundial"},{"floor":9.0,"key":"Darkstone Periapt"},{"floor":10.0,"key":"Bottled Tornado"},{"floor":24,"key":"Boot"},{"floor":26,"key":"Whetstone"}],"event_choices":[{"damage_healed":0.0,"max_hp_gain":0.0,"max_hp_loss":0.0,"gold_gain":0.0,"event_name":"Upgrade Shrine","player_choice":"Upgraded","floor":3.0,"gold_loss":0.0,"damage_taken":0.0,"cards_upgraded":["Neutralize"]},{"damage_healed":0.0,"max_hp_gain":0.0,"max_hp_loss":0.0,"gold_gain":50.0,"event_name":"Golden Shrine","player_choice":"Pray","floor":14.0,"gold_loss":0.0,"damage_taken":0.0},{"cards_removed":["Strike_G"],"damage_healed":0,"gold_gain":0,"player_choice":"Gave Gold","damage_taken":0,"max_hp_gain":0,"max_hp_loss":0,"event_name":"Beggar","floor":19,"gold_loss":75},{"damage_healed":0,"gold_gain":0,"player_choice":"Opened","damage_taken":0,"relics_obtained":["Bag of Preparation"],"max_hp_gain":0,"max_hp_loss":0,"event_name":"The Mausoleum","floor":21,"gold_loss":0,"cards_obtained":["Writhe"]},{"damage_healed":0,"gold_gain":0,"player_choice":"Fight","damage_taken":0,"max_hp_gain":0,"max_hp_loss":0,"event_name":"Colosseum","floor":22,"gold_loss":0},{"damage_healed":0,"gold_gain":0,"player_choice":"Fled From Nobs","damage_taken":0,"max_hp_gain":0,"max_hp_loss":0,"event_name":"Colosseum","floor":22,"gold_loss":0}],"is_beta":false,"boss_relics":[{"not_picked":["Calling Bell","Tiny House"],"picked":"Cursed Key"}],"items_purged_floors":[28],"is_endless":false,"potions_floor_spawned":[4,6,18,29],"killed_by":"Collector","ascension_level":20}