{"gold_per_floor":[218,9,9,20,39,53,81,81,81,94,94,110,123,146,146,269,332,346,6,6,6,6,6,25,48,48,48,25,41,55,21,21,21],"floor_reached":33,"playtime":1375,"items_purged":[],"score":276,"play_id":"12832164-7492-4c35-b3a7-79e1034e26c2","local_time":"20190722171907","is_ascension_mode":false,"campfire_choices":[{"floor":11,"key":"REST"},{"floor":15,"key":"REST"},{"floor":23,"key":"REST"},{"floor":27,"key":"REST"},{"floor":32,"key":"REST"}],"neow_cost":"NONE","seed_source_timestamp":305689847526895,"circlet_count":0,"master_deck":["Strike_B+1","Strike_B+1","Strike_B+1","Strike_B+1","Defend_B+1","Defend_B+1","Defend_B+1","Defend_B+1","Zap","Dualcast","Redo","Sunder","Leap","Static Discharge","Stack","Streamline","Ball Lightning","Coolheaded","White Noise","Injury","Ball Lightning","Chill","Streamline","Conserve Battery","Hyperbeam","Gash","Lockon","Loop","Cold Snap","Shame","Sweeping Beam+1","Sweeping Beam","Steam+1","Beam Cell","Conserve Battery+1","Defragment"],"relics":["Cracked Core","Bag of Preparation","Golden Idol","Boot","Tiny House","Shuriken","Toxic Egg 2","Blue Candle","Darkstone Periapt"],"potions_floor_usage":[6,6,6,6,13,16,16,16],"damage_taken":[{"damage":7,"enemies":"Small Slimes","floor":1,"turns":3},{"damage":6,"enemies":"Cultist","floor":4,"turns":3},{"damage":6,"enemies":"Jaw Worm","floor":5,"turns":3},{"damage":7,"enemies":"Large Slime","floor":6,"turns":4},{"damage":34,"enemies":"3 Sentries","floor":7,"turns":6},{"damage":10,"enemies":"3 Louse","floor":10,"turns":4},{"damage":2,"enemies":"Blue Slaver","floor":12,"turns":4},{"damage":10,"enemies":"Exordium Wildlife","floor":13,"turns":4},{"damage":0,"enemies":"Gremlin Gang","floor":14,"turns":4},{"damage":11,"enemies":"Hexaghost","floor":16,"turns":9},{"damage":33,"enemies":"3 Byrds","floor":18,"turns":4},{"damage":13,"enemies":"2 Thieves","floor":24,"turns":4},{"damage":25,"enemies":"Centurion and Healer","floor":25,"turns":6},{"damage":21,"enemies":"Snake Plant","floor":29,"turns":3},{"damage":3,"enemies":"Chosen and Byrds","floor":30,"turns":6},{"damage":66,"enemies":"Collector","floor":33,"turns":7}],"seed_played":"4262655706317216590","potions_obtained":[{"floor":1,"key":"EntropicBrew"},{"floor":3,"key":"PowerPotion"},{"floor":3,"key":"AttackPotion"},{"floor":6,"key":"SkillPotion"},{"floor":13,"key":"SteroidPotion"},{"floor":17,"key":"SmokeBomb"},{"floor":24,"key":"SteroidPotion"},{"floor":25,"key":"AttackPotion"}],"is_trial":false,"path_per_floor":["M","$","?","M","M","M","E","?","T","M","R","M","M","M","R","B",null,"M","$","?","?","?","R","M","M","T","R","$","M","M","$","R","B"],"character_chosen":"DEFECT","items_purchased":["Sunder","Leap","Static Discharge","Stack","Shuriken","Loop","Cold Snap","Steam+1","Defragment"],"campfire_rested":5,"item_purchase_floors":[2,2,2,2,19,19,19,28,31],"current_hp_per_floor":[68,68,68,62,56,49,15,15,15,5,27,25,15,15,37,26,80,47,47,47,47,47,71,58,33,33,57,57,36,33,33,57,0],"gold":21,"neow_bonus":"HUNDRED_GOLD","is_prod":false,"is_daily":false,"chose_seed":false,"campfire_upgraded":0,"win_rate":0.0,"timestamp":1563826747,"path_taken":["M","$","?","M","?","M","E","?","T","M","R","M","M","M","R","BOSS","M","$","?","?","?","R","M","M","T","R","$","M","M","$","R","BOSS"],"build_version":"2019-07-17","purchased_purges":0,"victory":false,"max_hp_per_floor":[75,75,75,75,75,75,75,75,75,75,75,75,75,75,75,75,80,80,80,80,80,80,80,80,80,80,80,80,80,80,80,80,80],"card_choices":[{"not_picked":["Doom and Gloom","Coolheaded"],"picked":"Redo","floor":1},{"not_picked":["Blizzard","Redo"],"picked":"Streamline","floor":4},{"not_picked":["Hello World","Coolheaded"],"picked":"Ball Lightning","floor":5},{"not_picked":["Compile Driver","Leap"],"picked":"Coolheaded","floor":6},{"not_picked":["Hello World","Thunder Strike"],"picked":"White Noise","floor":7},{"not_picked":["Beam Cell","Hologram"],"picked":"Ball Lightning","floor":10},{"not_picked":["Hologram","Reprogram"],"picked":"Chill","floor":12},{"not_picked":["Scrape","Rebound"],"picked":"Streamline","floor":13},{"not_picked":["Barrage","Scrape"],"picked":"Conserve Battery","floor":14},{"not_picked":["Buffer","Meteor Strike"],"picked":"Hyperbeam","floor":16},{"not_picked":["Coolheaded","Steam"],"picked":"Gash","floor":17},{"not_picked":["Reprogram+1","Coolheaded"],"picked":"Lockon","floor":18},{"not_picked":["Barrage+1","Ball Lightning+1"],"picked":"Sweeping Beam+1","floor":24},{"not_picked":["Barrage","Consume+1"],"picked":"Sweeping Beam","floor":25},{"not_picked":["Multi-Cast+1","Go for the Eyes"],"picked":"Beam Cell","floor":29},{"not_picked":["Compile Driver","Beam Cell+1"],"picked":"Conserve Battery+1","floor":30}],"player_experience":221537,"relics_obtained":[{"floor":7,"key":"Bag of Preparation"},{"floor":9,"key":"Boot"},{"floor":26,"key":"Darkstone Periapt"}],"event_choices":[{"damage_healed":0,"gold_gain":0,"player_choice":"Got Potions","damage_taken":0,"max_hp_gain":0,"max_hp_loss":0,"event_name":"Lab","floor":3,"gold_loss":0},{"damage_healed":0,"gold_gain":0,"player_choice":"Take Wound","damage_taken":0,"relics_obtained":["Golden Idol"],"max_hp_gain":0,"max_hp_loss":0,"event_name":"Golden Idol","floor":8,"gold_loss":0,"cards_obtained":["Injury"]},{"damage_healed":0,"gold_gain":0,"player_choice":"Opened","damage_taken":0,"relics_obtained":["Toxic Egg 2"],"max_hp_gain":0,"max_hp_loss":0,"event_name":"The Mausoleum","floor":20,"gold_loss":0},{"damage_healed":0,"gold_gain":0,"player_choice":"Simplicity","damage_taken":0,"max_hp_gain":0,"max_hp_loss":0,"event_name":"Back to Basics","floor":21,"gold_loss":0,"cards_upgraded":["Strike_B","Strike_B","Strike_B","Defend_B","Defend_B","Defend_B","Defend_B"]},{"damage_healed":0,"gold_gain":0,"player_choice":"Stole Relic","damage_taken":0,"relics_obtained":["Blue Candle"],"max_hp_gain":0,"max_hp_loss":0,"event_name":"Addict","floor":22,"gold_loss":0,"cards_obtained":["Shame"]}],"is_beta":false,"boss_relics":[{"not_picked":["Busted Crown","Cursed Key"],"picked":"Tiny House"}],"items_purged_floors":[],"is_endless":false,"potions_floor_spawned":[1,6,10,13,14,24,25],"killed_by":"Collector","ascension_level":0}