{"gold_per_floor":[109,4,14,14,30,30,41,41,118,132,160,12,22,42,42,137,137,149,149,149,46,61,95,108,108,163,198,198,214,214],"floor_reached":30,"playtime":1035,"items_purged":[],"score":299,"play_id":"f4dfd2b1-986c-4d7c-91d7-2c61741a421a","local_time":"20190913135729","is_ascension_mode":true,"campfire_choices":[{"floor":6,"key":"RECALL"},{"data":"Whirlwind","floor":8,"key":"SMITH"},{"data":"Perfected Strike","floor":15,"key":"SMITH"},{"floor":25,"key":"REST"}],"neow_cost":"NONE","seed_source_timestamp":207588772643410,"circlet_count":0,"master_deck":["Strike_R","Strike_R","Strike_R","Strike_R","Strike_R","Defend_R","Defend_R","Defend_R","Defend_R","Bash","Wild Strike","Flex","Rampage","Whirlwind+1","Shrug It Off","Headbutt","Whirlwind+1","Perfected Strike+1","Wild Strike","Seeing Red","Power Through","Demon Form","Carnage","Anger","Headbutt","Combust","Flex","Fire Breathing","Combust+1","Impervious","Headbutt"],"relics":["Burning Blood","Shuriken","InkBottle","Bag of Marbles","Runic Pyramid","Champion Belt","Ice Cream","Lantern","Bronze Scales"],"potions_floor_usage":[11,14,24,27,27,27,30],"damage_taken":[{"damage":6,"enemies":"Cultist","floor":1,"turns":3},{"damage":12,"enemies":"Jaw Worm","floor":3,"turns":2},{"damage":1,"enemies":"2 Louse","floor":5,"turns":3},{"damage":2,"enemies":"2 Fungi Beasts","floor":7,"turns":3},{"damage":12,"enemies":"Exordium Wildlife","floor":10,"turns":3},{"damage":9,"enemies":"3 Sentries","floor":11,"turns":2},{"damage":16,"enemies":"Blue Slaver","floor":13,"turns":3},{"damage":0,"enemies":"Large Slime","floor":14,"turns":2},{"damage":48,"enemies":"Hexaghost","floor":16,"turns":9},{"damage":11,"enemies":"Spheric Guardian","floor":18,"turns":3},{"damage":1,"enemies":"3 Byrds","floor":22,"turns":2},{"damage":45,"enemies":"Gremlin Leader","floor":23,"turns":6},{"damage":0,"enemies":"Snecko","floor":24,"turns":3},{"damage":53,"enemies":"Book of Stabbing","floor":27,"turns":6},{"damage":33,"enemies":"Shelled Parasite and Fungi","floor":29,"turns":3},{"damage":22,"enemies":"Slavers","floor":30,"turns":2}],"seed_played":"-414937869106048391","potions_obtained":[{"floor":5,"key":"Weak Potion"},{"floor":7,"key":"SpeedPotion"},{"floor":10,"key":"Explosive Potion"},{"floor":13,"key":"SteroidPotion"},{"floor":22,"key":"Ancient Potion"},{"floor":24,"key":"BloodPotion"},{"floor":29,"key":"PowerPotion"}],"is_trial":false,"path_per_floor":["M","$","M","?","M","R","M","R","T","M","E","$","M","M","R","B",null,"M","?","?","$","M","E","M","R","T","E","?","M","E"],"character_chosen":"IRONCLAD","items_purchased":["Rampage","Whirlwind","Bag of Marbles","Headbutt","Combust"],"campfire_rested":1,"item_purchase_floors":[2,2,12,21,21],"current_hp_per_floor":[80,80,74,74,79,79,80,80,80,74,71,71,61,67,67,25,80,75,75,75,75,80,41,47,71,71,44,44,17,0],"gold":214,"neow_bonus":"THREE_CARDS","is_prod":false,"is_daily":false,"chose_seed":false,"campfire_upgraded":2,"win_rate":0,"timestamp":1568393849,"path_taken":["M","$","M","?","M","R","M","R","T","M","E","$","M","M","R","BOSS","M","?","?","$","M","E","M","R","T","E","?","?","E"],"build_version":"2019-09-12","purchased_purges":0,"victory":false,"max_hp_per_floor":[80,80,80,80,80,80,80,80,80,80,80,80,80,80,80,80,80,80,80,80,80,80,80,80,80,80,80,80,80,80],"card_choices":[{"not_picked":["Sentinel","Hemokinesis"],"picked":"Wild Strike","floor":0},{"not_picked":["Heavy Blade","True Grit"],"picked":"Flex","floor":1},{"not_picked":["Armaments","Flex"],"picked":"Shrug It Off","floor":3},{"not_picked":["Searing Blow","Corruption"],"picked":"Headbutt","floor":5},{"not_picked":["Blood for Blood","Sever Soul"],"picked":"Whirlwind","floor":7},{"not_picked":["Feel No Pain","Sever Soul"],"picked":"Perfected Strike","floor":10},{"not_picked":["Iron Wave","Brutality"],"picked":"Wild Strike","floor":11},{"not_picked":["Uppercut","Clash"],"picked":"Seeing Red","floor":13},{"not_picked":["Flex","Metallicize"],"picked":"Power Through","floor":14},{"not_picked":["Immolate","Offering"],"picked":"Demon Form","floor":16},{"not_picked":["True Grit+1","Heavy Blade"],"picked":"Carnage","floor":18},{"not_picked":["Pummel","Warcry+1"],"picked":"Flex","floor":22},{"not_picked":["Perfected Strike","Wild Strike+1"],"picked":"Fire Breathing","floor":23},{"not_picked":["Sword Boomerang","Armaments"],"picked":"Combust+1","floor":24},{"not_picked":["Shrug It Off","Thunderclap"],"picked":"Impervious","floor":27},{"not_picked":["Thunderclap+1","Clash"],"picked":"Headbutt","floor":29}],"player_experience":413993,"relics_obtained":[{"floor":9,"key":"Shuriken"},{"floor":11,"key":"InkBottle"},{"floor":23,"key":"Ice Cream"},{"floor":26,"key":"Lantern"},{"floor":27,"key":"Bronze Scales"}],"event_choices":[{"damage_healed":0,"gold_gain":0,"player_choice":"Grow","damage_taken":0,"max_hp_gain":0,"max_hp_loss":0,"event_name":"Living Wall","floor":4,"gold_loss":0,"cards_upgraded":["Whirlwind"]},{"damage_healed":0,"gold_gain":0,"player_choice":"Read","damage_taken":0,"max_hp_gain":0,"max_hp_loss":0,"event_name":"The Library","floor":19,"gold_loss":0,"cards_obtained":["Anger"]},{"damage_healed":0,"gold_gain":0,"player_choice":"Opened","damage_taken":0,"relics_obtained":["Champion Belt"],"max_hp_gain":0,"max_hp_loss":0,"event_name":"The Mausoleum","floor":20,"gold_loss":0},{"damage_healed":0,"gold_gain":0,"player_choice":"Ignored","damage_taken":0,"max_hp_gain":0,"max_hp_loss":0,"event_name":"Ghosts","floor":28,"gold_loss":0}],"is_beta":true,"boss_relics":[{"not_picked":["Astrolabe","Sozu"],"picked":"Runic Pyramid"}],"items_purged_floors":[],"is_endless":false,"potions_floor_spawned":[5,7,10,13,22,24,29],"killed_by":"Slavers","ascension_level":2}