{"path_per_floor":["M","M","?","M","M","R","E","M","T","R","M","R","M","M","R","B",null,"M","?","?","$","?","R","M","$","T","M","M","M","R","M","R","B",null,"M","?","M","?","M","R","E","M","T","M"],"character_chosen":"IRONCLAD","items_purchased":["Molten Egg 2"],"gold_per_floor":[14,27,27,47,65,65,95,111,111,111,122,122,142,156,156,252,252,268,268,268,7,7,7,20,20,72,84,95,109,109,120,120,218,218,233,233,247,247,263,263,293,306,306,322],"floor_reached":45,"campfire_rested":3,"playtime":19660,"current_hp_per_floor":[80,80,80,71,46,70,42,42,42,66,72,72,70,74,74,54,80,70,70,54,54,39,64,69,69,69,61,58,66,66,73,73,22,85,82,72,83,83,70,82,41,19,19,28],"items_purged":[],"gold":322,"play_id":"d3cfa674-deb8-435d-978a-e5566b575777","is_prod":false,"is_daily":false,"is_ascension_mode":false,"campfire_upgraded":5,"path_taken":["M","M","?","M","M","R","E","M","T","R","M","R","M","M","R","BOSS","M","?","?","$","?","R","M","?","T","M","?","M","R","M","R","BOSS","M","?","?","?","M","R","E","M","T","M","?"],"build_version":"2018-02-01-PROD3","purchased_purges":0,"victory":false,"master_deck":["Strike_R","Strike_R","Strike_R","Defend_R","Defend_R+1","Defend_R+1","Defend_R","Bash","Fire Breathing","Searing Blow","Inflame","Thunderclap","Thunderclap+1","Uppercut","Combust","Clash","Shockwave+1","Impervious","Twin Strike+1","Necronomicurse","Sword Boomerang+1","Warcry","Searing Blow+5","Whirlwind+1","Flex+1","Feed+1","Pommel Strike+1","Madness","Madness","Feel No Pain+1","Limit Break","Dropkick+1","True Grit+1","Inflame"],"max_hp_per_floor":[80,80,80,80,80,80,80,80,80,80,80,80,80,80,80,80,80,80,80,80,80,85,85,85,85,85,85,85,85,85,85,85,85,85,85,85,89,89,89,89,89,89,89,89],"relics":["Burning Blood","Champion Belt","Mummified Hand","War Paint","Mark of Pain","Necronomicon","Molten Egg 2","Blood Vial","Eternal Feather","Pen Nib","Vajra"],"card_choices":[{"not_picked":["Perfected Strike","Cleave"],"picked":"Fire Breathing"},{"not_picked":["Fire Breathing","Thunderclap"],"picked":"Searing Blow"},{"not_picked":["Cleave","Shrug It Off"],"picked":"Inflame"},{"not_picked":["Intimidate","Body Slam"],"picked":"Thunderclap"},{"not_picked":["Infernal Blade","Headbutt"],"picked":"Thunderclap"},{"not_picked":["Whirlwind","Twin Strike"],"picked":"Uppercut"},{"not_picked":["Shrug It Off","Anger"],"picked":"Combust"},{"not_picked":["True Grit","Corruption"],"picked":"Clash"},{"not_picked":["Clash","Clothesline"],"picked":"Shockwave"},{"not_picked":["Fiend Fire","Limit Break"],"picked":"Impervious"},{"not_picked":["Pummel","Sword Boomerang"],"picked":"Twin Strike"},{"not_picked":["Infernal Blade","Offering"],"picked":"Sword Boomerang"},{"not_picked":["Headbutt","Anger"],"picked":"Warcry"},{"not_picked":["Cleave","Battle Trance"],"picked":"Searing Blow"},{"not_picked":["Spot Weakness","Inflame"],"picked":"Whirlwind"},{"not_picked":["Corruption","Pommel Strike"],"picked":"Flex"},{"not_picked":["Double Tap","Dark Embrace"],"picked":"Feed"},{"not_picked":["Heavy Blade","Clash"],"picked":"Pommel Strike"},{"not_picked":["Shrug It Off","Sever Soul"],"picked":"Feel No Pain"},{"not_picked":["Anger","True Grit"],"picked":"Limit Break"},{"not_picked":["Armaments","Fire Breathing"],"picked":"Dropkick"},{"not_picked":["Shockwave","Body Slam"],"picked":"True Grit"},{"not_picked":["Sword Boomerang","Disarm"],"picked":"Inflame"}],"player_experience":28924,"potions_floor_usage":[29,33,41,44,45],"damage_taken":[{"damage":4.0,"enemies":"2 Louse","floor":1.0,"turns":4.0},{"damage":4.0,"enemies":"Cultist","floor":2.0,"turns":5.0},{"damage":15.0,"enemies":"Blue Slaver","floor":4.0,"turns":5.0},{"damage":31.0,"enemies":"Large Slime","floor":5.0,"turns":6.0},{"damage":34.0,"enemies":"3 Sentries","floor":7.0,"turns":7.0},{"damage":6.0,"enemies":"Looter","floor":8.0,"turns":4.0},{"damage":0.0,"enemies":"2 Fungi Beasts","floor":11.0,"turns":4.0},{"damage":8.0,"enemies":"Exordium Thugs","floor":13.0,"turns":4.0},{"damage":2.0,"enemies":"Looter","floor":14.0,"turns":4.0},{"damage":32.0,"enemies":"Hexaghost","floor":16.0,"turns":9.0},{"damage":16.0,"enemies":"2 Thieves","floor":18.0,"turns":4.0},{"damage":1.0,"enemies":"3 Byrds","floor":24.0,"turns":4.0},{"damage":16,"enemies":"Sentry and Sphere","floor":27,"turns":4},{"damage":11,"enemies":"Snecko","floor":28,"turns":4},{"damage":0,"enemies":"Snake Plant","floor":29,"turns":2},{"damage":1,"enemies":"3 Cultists","floor":31,"turns":3},{"damage":59,"enemies":"Automaton","floor":33,"turns":8},{"damage":9,"enemies":"3 Darklings","floor":35,"turns":4},{"damage":1,"enemies":"Orb Walker","floor":37,"turns":2},{"damage":21,"enemies":"Maw","floor":39,"turns":5},{"damage":49,"enemies":"Giant Head","floor":41,"turns":7},{"damage":30,"enemies":"3 Darklings","floor":42,"turns":4},{"damage":5,"enemies":"Sphere and 2 Shapes","floor":44,"turns":3},{"damage":35,"enemies":"4 Shapes","floor":45,"turns":4}],"event_choices":[{"event_name":"Purifier","player_choice":"One Purge","floor":3.0,"damage_taken":0.0},{"event_name":"Beggar","player_choice":"Ignored","floor":19.0,"damage_taken":0.0},{"event_name":"Cursed Tome","player_choice":"Obtained Book","floor":20.0,"damage_taken":0.0},{"event_name":"Forgotten Altar","player_choice":"Shed Blood","floor":22.0,"damage_taken":0.0},{"event_name":"Winding Halls","player_choice":"Embrace Madness","floor":36,"damage_taken":0}],"boss_relics":[{"not_picked":["Snecko Eye","Black Blood"],"picked":"Eternal Feather"}],"potions_floor_spawned":[5,7,11,13,14,16,18,27,28,37,42],"seed_played":"-8502176675218383510","killed_by":"4 Shapes","ascension_level":0,"is_trial":false}