{"gold_per_floor":[118,118,118,134,150,150,0,0,24,38,48,59,59,72,72,168,168,137,137,153,168,179,179],"floor_reached":23,"playtime":2423,"items_purged":[],"score":237,"play_id":"2bd559b2-86bc-4d60-8f36-01bb30e6284e","local_time":"20190722140255","is_ascension_mode":false,"campfire_choices":[{"floor":6.0,"key":"REST"},{"data":"Darkness","floor":13.0,"key":"SMITH"},{"data":"Dualcast","floor":15.0,"key":"SMITH"}],"neow_cost":"NONE","seed_source_timestamp":0,"circlet_count":0,"master_deck":["Strike_B+1","Strike_B","Strike_B","Defend_B","Defend_B+1","Defend_B","Defend_B","Zap","Dualcast+1","Redo","Auto Shields","Conserve Battery","Conserve Battery","Leap","Go for the Eyes","Hologram","Cold Snap","Streamline","Darkness+1","Barrage","Rainbow","Defragment","Rebound","Doom and Gloom+1","Scrape"],"special_seed":0,"relics":["Cracked Core","The Courier","Potion Belt","Nuclear Battery"],"potions_floor_usage":[21,22,23],"damage_taken":[{"damage":2.0,"enemies":"Jaw Worm","floor":1.0,"turns":4.0},{"damage":2.0,"enemies":"2 Louse","floor":4.0,"turns":2.0},{"damage":0.0,"enemies":"Cultist","floor":5.0,"turns":3.0},{"damage":0.0,"enemies":"Exordium Wildlife","floor":10.0,"turns":5.0},{"damage":3.0,"enemies":"Large Slime","floor":11.0,"turns":11.0},{"damage":0.0,"enemies":"Looter","floor":12.0,"turns":3.0},{"damage":2.0,"enemies":"Blue Slaver","floor":14.0,"turns":3.0},{"damage":0.0,"enemies":"Slime Boss","floor":16.0,"turns":9.0},{"damage":7.0,"enemies":"2 Thieves","floor":18.0,"turns":5.0},{"damage":15.0,"enemies":"3 Byrds","floor":20.0,"turns":6.0},{"damage":25,"enemies":"Snake Plant","floor":21,"turns":6},{"damage":7,"enemies":"Centurion and Healer","floor":22,"turns":5},{"damage":21,"enemies":"Book of Stabbing","floor":23,"turns":3}],"seed_played":"5912529558668443818","potions_obtained":[{"floor":1.0,"key":"Weak Potion"},{"floor":4.0,"key":"FearPotion"},{"floor":12.0,"key":"FearPotion"},{"floor":21,"key":"AttackPotion"}],"is_trial":false,"path_per_floor":["M","?","?","M","M","R","$","$","T","M","M","M","R","M","R","B",null,"M","?","M","M","M","E"],"character_chosen":"DEFECT","items_purchased":["Conserve Battery","Leap","Go for the Eyes","Hologram"],"campfire_rested":1,"item_purchase_floors":[7,7,7,7],"current_hp_per_floor":[73,61,46,44,44,66,66,66,66,66,63,63,63,61,61,61,75,68,68,53,28,21,0],"gold":179,"neow_bonus":"REMOVE_CARD","is_prod":false,"is_daily":false,"chose_seed":false,"campfire_upgraded":2,"win_rate":0.0,"timestamp":1563814975,"path_taken":["M","?","?","M","M","R","?","$","T","M","M","M","R","M","R","BOSS","M","?","?","M","M","E"],"build_version":"2019-07-17","purchased_purges":0,"victory":false,"max_hp_per_floor":[75,75,75,75,75,75,75,75,75,75,75,75,75,75,75,75,75,75,75,75,75,75,75],"card_choices":[{"not_picked":["Aggregate","Chill"],"picked":"Redo","floor":1.0},{"not_picked":["Force Field","Lockon"],"picked":"Auto Shields","floor":4.0},{"not_picked":["Streamline","Rebound"],"picked":"Conserve Battery","floor":5.0},{"not_picked":["Reboot","Fusion"],"picked":"Cold Snap","floor":10.0},{"not_picked":["Self Repair","Leap"],"picked":"Streamline","floor":11.0},{"not_picked":["Conserve Battery","Gash"],"picked":"Darkness","floor":12.0},{"not_picked":["Stack","Coolheaded"],"picked":"Barrage","floor":14.0},{"not_picked":["Meteor Strike","Machine Learning"],"picked":"Rainbow","floor":16.0},{"not_picked":["Coolheaded+1","Stack"],"picked":"Defragment","floor":18.0},{"not_picked":["Stack","Scrape+1"],"picked":"Rebound","floor":20.0},{"not_picked":["BootSequence","Stack"],"picked":"Doom and Gloom+1","floor":21},{"not_picked":["Compile Driver","Reboot"],"picked":"Scrape","floor":22}],"player_experience":215477,"relics_obtained":[{"floor":9.0,"key":"Potion Belt"}],"event_choices":[{"damage_healed":0.0,"max_hp_gain":0.0,"max_hp_loss":0.0,"gold_gain":0.0,"event_name":"Scrap Ooze","player_choice":"Success","floor":2.0,"gold_loss":0.0,"damage_taken":12.0,"relics_obtained":["The Courier"]},{"damage_healed":0.0,"max_hp_gain":0.0,"max_hp_loss":0.0,"gold_gain":0.0,"event_name":"Shining Light","player_choice":"Entered Light","floor":3.0,"gold_loss":0.0,"damage_taken":15.0,"cards_upgraded":["Strike_B","Defend_B"]},{"damage_healed":0.0,"max_hp_gain":0.0,"max_hp_loss":0.0,"gold_gain":0.0,"event_name":"NoteForYourself","player_choice":"Ignored","floor":19.0,"gold_loss":0.0,"damage_taken":0.0}],"is_beta":false,"boss_relics":[{"not_picked":["Snecko Eye","Inserter"],"picked":"Nuclear Battery"}],"items_purged_floors":[],"is_endless":false,"potions_floor_spawned":[1,4,12,21],"killed_by":"Book of Stabbing","ascension_level":0}