{"gold_per_floor":[112,112,1,14,25,25,37,72,72,82,112,142,156,231,231,332,332,345,49,49,65,65,65,85,115,115,128,142,3,3,18,18,18],"floor_reached":33,"playtime":2558,"items_purged":["Regret","Strike_R"],"score":304,"play_id":"683d9e21-6cd7-42bb-a6d3-84ec29a36fbe","local_time":"20181224225931","is_ascension_mode":false,"campfire_choices":[{"data":"Pommel Strike","floor":6,"key":"SMITH"},{"floor":15,"key":"REST"},{"floor":23,"key":"REST"},{"data":"Armaments","floor":30,"key":"SMITH"},{"floor":32,"key":"REST"}],"neow_cost":"CURSE","seed_source_timestamp":1135264846319011,"circlet_count":0,"master_deck":["Strike_R","Strike_R","Strike_R","Strike_R","Defend_R","Defend_R","Defend_R","Defend_R","Bash","Good Instincts","Dark Shackles","Thunderclap","Spot Weakness","Pommel Strike+1","Bloodletting","Headbutt","Seeing Red","Sword Boomerang","Combust","Immolate","Cleave+1","Offering","Spot Weakness","Combust","Heavy Blade","True Grit","Armaments+1","Combust","Whirlwind","Spot Weakness"],"relics":["Burning Blood","Centennial Puzzle","Singing Bowl","Bronze Scales","Dodecahedron","Mark of Pain","Enchiridion","Bag of Marbles","Shovel"],"potions_floor_usage":[7,11,16,24,33,33],"damage_taken":[{"damage":8,"enemies":"Small Slimes","floor":1,"turns":5},{"damage":1,"enemies":"Jaw Worm","floor":4,"turns":3},{"damage":1,"enemies":"Cultist","floor":5,"turns":3},{"damage":16,"enemies":"Large Slime","floor":7,"turns":3},{"damage":24,"enemies":"Gremlin Nob","floor":8,"turns":4},{"damage":15,"enemies":"Exordium Thugs","floor":10,"turns":3},{"damage":11,"enemies":"3 Sentries","floor":11,"turns":5},{"damage":2,"enemies":"2 Fungi Beasts","floor":13,"turns":2},{"damage":41,"enemies":"Slime Boss","floor":16,"turns":7},{"damage":5,"enemies":"3 Byrds","floor":18,"turns":2},{"damage":15,"enemies":"2 Thieves","floor":21,"turns":2},{"damage":12,"enemies":"Snake Plant","floor":24,"turns":3},{"damage":11,"enemies":"Gremlin Leader","floor":25,"turns":5},{"damage":30,"enemies":"Shelled Parasite and Fungi","floor":27,"turns":4},{"damage":1,"enemies":"Centurion and Healer","floor":28,"turns":3},{"damage":7,"enemies":"Cultist and Chosen","floor":31,"turns":4},{"damage":81,"enemies":"Collector","floor":33,"turns":8}],"seed_played":"1216298783750694834","potions_obtained":[{"floor":5,"key":"Energy Potion"},{"floor":8,"key":"Strength Potion"},{"floor":10,"key":"BloodPotion"},{"floor":11,"key":"LiquidBronze"},{"floor":18,"key":"EssenceOfSteel"},{"floor":24,"key":"FearPotion"},{"floor":28,"key":"Poison Potion"}],"is_trial":false,"path_per_floor":["M","?","$","M","M","R","M","E","T","M","E","?","M","?","R","B",null,"M","$","?","M","?","R","M","E","T","M","M","$","R","M","R","B"],"character_chosen":"IRONCLAD","items_purchased":["Spot Weakness","Offering","Spot Weakness","Combust","Whirlwind"],"campfire_rested":3,"item_purchase_floors":[3,19,19,19,29],"current_hp_per_floor":[78,75,75,80,80,80,70,52,52,43,46,46,52,41,65,30,82,82,82,66,57,57,81,77,72,72,48,53,53,53,52,77,0],"gold":18,"neow_bonus":"RANDOM_COLORLESS_2","is_prod":false,"is_daily":false,"chose_seed":false,"campfire_upgraded":2,"win_rate":0,"timestamp":1545710371,"path_taken":["M","?","$","M","M","R","M","E","T","M","E","?","M","?","R","BOSS","M","$","?","M","?","R","M","E","T","M","M","?","R","M","R","BOSS"],"build_version":"2018-12-20","purchased_purges":2,"victory":false,"max_hp_per_floor":[80,80,80,80,80,80,80,80,80,80,80,80,82,82,82,82,82,82,82,82,82,82,82,84,84,84,84,84,84,84,84,84,84],"card_choices":[{"not_picked":["Searing Blow","Body Slam"],"picked":"Thunderclap","floor":1},{"not_picked":["Warcry","Perfected Strike"],"picked":"Pommel Strike","floor":4},{"not_picked":["Armaments","Fire Breathing"],"picked":"Bloodletting","floor":5},{"not_picked":["Power Through","Clothesline"],"picked":"Headbutt","floor":7},{"not_picked":["Flame Barrier","Armaments"],"picked":"Seeing Red","floor":8},{"not_picked":["Sever Soul","Warcry"],"picked":"Sword Boomerang","floor":10},{"not_picked":["Sentinel","Second Wind"],"picked":"Combust","floor":11},{"not_picked":["Twin Strike","Headbutt","Sword Boomerang"],"picked":"Singing Bowl","floor":13},{"not_picked":["Fiend Fire","Brutality"],"picked":"Immolate","floor":16},{"not_picked":["Perfected Strike","Twin Strike"],"picked":"Cleave+1","floor":18},{"not_picked":["Ghostly Armor","Twin Strike+1"],"picked":"Heavy Blade","floor":21},{"not_picked":["Entrench","Fire Breathing","Second Wind"],"picked":"Singing Bowl","floor":24},{"not_picked":["Dual Wield","Sentinel"],"picked":"True Grit","floor":25},{"not_picked":["Sever Soul+1","Juggernaut"],"picked":"Armaments","floor":27},{"not_picked":["Flex","Shrug It Off"],"picked":"Combust","floor":28},{"not_picked":["Evolve","Heavy Blade"],"picked":"Spot Weakness","floor":31}],"player_experience":2113243,"relics_obtained":[{"floor":8,"key":"Singing Bowl"},{"floor":9,"key":"Bronze Scales"},{"floor":11,"key":"Dodecahedron"},{"floor":20,"key":"Enchiridion"},{"floor":25,"key":"Bag of Marbles"},{"floor":26,"key":"Shovel"}],"event_choices":[{"damage_healed":0,"gold_gain":0,"player_choice":"Success","damage_taken":3,"relics_obtained":["Centennial Puzzle"],"max_hp_gain":0,"max_hp_loss":0,"event_name":"Scrap Ooze","floor":2,"gold_loss":0},{"damage_healed":0,"gold_gain":30,"player_choice":"Searched \u00272\u0027 times","damage_taken":0,"max_hp_gain":0,"max_hp_loss":0,"event_name":"Dead Adventurer","floor":12,"gold_loss":0},{"damage_healed":0,"gold_gain":75,"player_choice":"Gather Gold","damage_taken":11,"max_hp_gain":0,"max_hp_loss":0,"event_name":"World of Goop","floor":14,"gold_loss":0},{"damage_healed":0,"gold_gain":0,"player_choice":"Obtained Book","damage_taken":16,"max_hp_gain":0,"max_hp_loss":0,"event_name":"Cursed Tome","floor":20,"gold_loss":0},{"damage_healed":0,"gold_gain":0,"player_choice":"Ignored","damage_taken":0,"max_hp_gain":0,"max_hp_loss":0,"event_name":"Beggar","floor":22,"gold_loss":0}],"is_beta":false,"boss_relics":[{"not_picked":["Orrery","Black Blood"],"picked":"Mark of Pain"}],"items_purged_floors":[3,29],"is_endless":false,"potions_floor_spawned":[5,8,10,11,18,24,28],"killed_by":"Collector","ascension_level":0}