{"gold_per_floor":[116,127,142,71,146,146,157,169,169,7,7,40,40,100,100,202,202,214,92,105,105],"floor_reached":21,"playtime":1049,"items_purged":[],"score":197,"play_id":"a0b38a7f-4ae4-466c-b5da-d17c7bc96f2b","local_time":"20190914100757","is_ascension_mode":true,"campfire_choices":[{"floor":6,"key":"RECALL"},{"floor":11,"key":"REST"},{"floor":13,"key":"REST"},{"floor":15,"key":"REST"}],"neow_cost":"NONE","seed_source_timestamp":233941954030013,"circlet_count":0,"master_deck":["Strike_R","Strike_R","Strike_R","Strike_R","Strike_R","Defend_R","Defend_R","Defend_R","Defend_R","Bash","Perfected Strike","Cleave","Dropkick","Heavy Blade","Clothesline","Flex","Shrug It Off","Spot Weakness","Inflame","Feed","Anger","Bludgeon","Combust","Rampage","Thunderclap+1"],"relics":["Burning Blood","Potion Belt","Boot","Meat on the Bone","Runic Pyramid"],"potions_floor_usage":[12,18,20,21,21],"damage_taken":[{"damage":9,"enemies":"Jaw Worm","floor":1,"turns":5},{"damage":1,"enemies":"Cultist","floor":2,"turns":3},{"damage":0,"enemies":"2 Louse","floor":3,"turns":2},{"damage":13,"enemies":"Blue Slaver","floor":7,"turns":4},{"damage":23,"enemies":"Large Slime","floor":8,"turns":6},{"damage":27,"enemies":"3 Sentries","floor":12,"turns":8},{"damage":34,"enemies":"Gremlin Nob","floor":14,"turns":5},{"damage":30,"enemies":"The Guardian","floor":16,"turns":9},{"damage":60,"enemies":"3 Byrds","floor":18,"turns":7},{"damage":0,"enemies":"Spheric Guardian","floor":20,"turns":3},{"damage":63,"enemies":"Shelled Parasite and Fungi","floor":21,"turns":4}],"seed_played":"46605162874460249","potions_obtained":[{"floor":1,"key":"SmokeBomb"},{"floor":7,"key":"PowerPotion"},{"floor":12,"key":"Regen Potion"},{"floor":16,"key":"Swift Potion"},{"floor":18,"key":"Fire Potion"}],"is_trial":false,"path_per_floor":["M","M","M","$","?","R","M","M","T","$","R","E","R","?","R","B",null,"M","$","M","M"],"character_chosen":"IRONCLAD","items_purchased":["Heavy Blade","Clothesline","Spot Weakness","Inflame","Block Potion","Block Potion","Rampage"],"campfire_rested":3,"item_purchase_floors":[4,4,10,10,10,19,19],"current_hp_per_floor":[85,88,88,88,80,80,73,56,56,56,82,61,87,59,85,61,88,52,52,58,0],"gold":105,"neow_bonus":"TEN_PERCENT_HP_BONUS","is_prod":false,"is_daily":false,"chose_seed":false,"campfire_upgraded":0,"win_rate":0,"timestamp":1568466477,"path_taken":["M","M","M","$","?","R","M","M","T","?","R","E","R","?","R","BOSS","M","$","M","M"],"build_version":"2019-09-12","purchased_purges":0,"victory":false,"max_hp_per_floor":[88,88,88,88,88,88,88,88,88,88,88,88,88,88,88,88,88,91,91,91,94],"card_choices":[{"not_picked":["True Grit","Shrug It Off"],"picked":"Perfected Strike","floor":1},{"not_picked":["Whirlwind","Havoc"],"picked":"Cleave","floor":2},{"not_picked":["Armaments","Warcry"],"picked":"Dropkick","floor":3},{"not_picked":["Armaments","Shrug It Off"],"picked":"Flex","floor":7},{"not_picked":["Dual Wield","Pommel Strike"],"picked":"Shrug It Off","floor":8},{"not_picked":["Warcry","Headbutt"],"picked":"Feed","floor":12},{"not_picked":["Warcry","Intimidate"],"picked":"Anger","floor":14},{"not_picked":["Feed","Limit Break"],"picked":"Bludgeon","floor":16},{"not_picked":["Havoc","Clash+1"],"picked":"Combust","floor":18},{"not_picked":["Blood for Blood","Cleave"],"picked":"Thunderclap+1","floor":20}],"player_experience":417265,"relics_obtained":[{"floor":9,"key":"Potion Belt"},{"floor":12,"key":"Boot"},{"floor":14,"key":"Meat on the Bone"}],"event_choices":[{"damage_healed":0,"gold_gain":75,"player_choice":"Touch","damage_taken":8,"max_hp_gain":0,"max_hp_loss":0,"event_name":"FaceTrader","floor":5,"gold_loss":0},{"damage_healed":0,"gold_gain":0,"player_choice":"Searched \u00272\u0027 times","damage_taken":0,"max_hp_gain":0,"max_hp_loss":0,"event_name":"Dead Adventurer","floor":14,"gold_loss":0}],"is_beta":true,"boss_relics":[{"not_picked":["Busted Crown","SacredBark"],"picked":"Runic Pyramid"}],"items_purged_floors":[],"is_endless":false,"potions_floor_spawned":[1,7,12,16,18],"killed_by":"Shelled Parasite and Fungi","ascension_level":2}