{"gold_per_floor":[118,118,128,78,89,115,133,133,133,8,8,36,70,86,86,190,190,208,226,276,199,210,210,223,223,248,248,20,31,56,70,70,167,167,182,49,66,66,78,78,78,78,78,94,94,112,145,145,145,145],"floor_reached":51,"playtime":5439,"items_purged":["Defend_R","Strike_R"],"score":834,"play_id":"35af5871-404e-484c-9d04-7c369305bb1e","local_time":"20180726034344","is_ascension_mode":true,"campfire_choices":[{"floor":8,"key":"REST"},{"data":"Infernal Blade","floor":11,"key":"SMITH"},{"data":"Strike_R","floor":15,"key":"PURGE"},{"data":"Strike_R","floor":23,"key":"PURGE"},{"floor":25,"key":"REST"},{"data":"Strike_R","floor":27,"key":"PURGE"},{"floor":32,"key":"REST"},{"data":"Apotheosis","floor":40,"key":"SMITH"},{"data":"Defend_R","floor":42,"key":"PURGE"},{"floor":45,"key":"REST"},{"floor":49,"key":"REST"}],"neow_cost":"NONE","seed_source_timestamp":2053829210026347,"circlet_count":0,"master_deck":["Defend_R","Bash","Infernal Blade+1","Bloodletting","Dropkick","Headbutt","Thunderclap","Shrug It Off","Flame Barrier","Ghostly Armor","Carnage","Demon Form","Feed","Shrug It Off","J.A.X.","Pommel Strike+1","Whirlwind","Apotheosis+1","Barricade","Heavy Blade","Ghostly Armor","Flex","Power Through","Heavy Blade+1","Madness","Madness","Uppercut+1","Spot Weakness"],"relics":["Burning Blood","The Courier","Pear","Odd Mushroom","Peace Pipe","Busted Crown","Vajra","Question Card","Sozu","Matryoshka","Lantern","Thread and Needle"],"potions_floor_usage":[6,12,16,24,29,30,31,33],"damage_taken":[{"damage":4,"enemies":"Jaw Worm","floor":1,"turns":5},{"damage":0,"enemies":"2 Louse","floor":3,"turns":3},{"damage":13,"enemies":"Small Slimes","floor":5,"turns":3},{"damage":35,"enemies":"Gremlin Nob","floor":6,"turns":4},{"damage":13,"enemies":"Blue Slaver","floor":7,"turns":2},{"damage":9,"floor":12,"turns":4},{"damage":17,"enemies":"3 Sentries","floor":13,"turns":5},{"damage":0,"enemies":"2 Fungi Beasts","floor":14,"turns":3},{"damage":57,"enemies":"Slime Boss","floor":16,"turns":11},{"damage":18,"enemies":"Chosen","floor":18,"turns":5},{"damage":26,"enemies":"Spheric Guardian","floor":19,"turns":7},{"damage":20,"enemies":"Chosen and Byrds","floor":22,"turns":6},{"damage":20,"enemies":"3 Cultists","floor":24,"turns":5},{"damage":26,"enemies":"Centurion and Healer","floor":29,"turns":4},{"damage":39,"enemies":"Book of Stabbing","floor":30,"turns":5},{"damage":12,"enemies":"Slaver and Parasite","floor":31,"turns":3},{"damage":13,"enemies":"Champ","floor":33,"turns":7},{"damage":15,"enemies":"3 Darklings","floor":35,"turns":5},{"damage":4,"enemies":"3 Shapes","floor":37,"turns":4},{"damage":20,"enemies":"3 Darklings","floor":39,"turns":5},{"damage":3,"enemies":"Spire Growth","floor":44,"turns":3},{"damage":12,"enemies":"4 Shapes","floor":46,"turns":2},{"damage":41,"enemies":"Nemesis","floor":47,"turns":7},{"damage":3,"floor":48,"turns":5},{"damage":66,"enemies":"Donu and Deca","floor":50,"turns":8}],"seed_played":"-5563154875447564745","potions_obtained":[{"floor":3,"key":"GamblersBrew"},{"floor":6,"key":"AttackPotion"},{"floor":13,"key":"Weak Potion"},{"floor":18,"key":"Swift Potion"},{"floor":24,"key":"GamblersBrew"},{"floor":29,"key":"EssenceOfSteel"},{"floor":30,"key":"Fire Potion"},{"floor":31,"key":"PowerPotion"}],"is_trial":false,"path_per_floor":["M","?","M","?","M","E","M","R","T","$","R","?","E","M","R","B",null,"M","M","?","?","M","R","M","R","T","R","$","M","E","M","R","B",null,"M","$","M","?","M","R","$","R","T","M","R","M","E","?","R","B"],"character_chosen":"IRONCLAD","items_purchased":["Flame Barrier","Apotheosis","Ghostly Armor","Flex","Power Through"],"campfire_rested":5,"item_purchase_floors":[10,28,36,36,36],"current_hp_per_floor":[80,80,80,80,73,44,37,61,71,71,71,68,57,63,63,12,90,81,61,61,61,53,53,42,72,72,72,72,52,19,13,43,36,102,93,93,99,86,72,72,72,72,72,75,106,100,65,68,99,53],"gold":145,"neow_bonus":"THREE_CARDS","is_prod":false,"is_daily":false,"chose_seed":false,"campfire_upgraded":2,"win_rate":0,"timestamp":1532591024,"path_taken":["M","?","M","?","M","E","M","R","T","$","R","?","E","?","R","BOSS","M","M","?","?","M","R","M","R","T","R","$","?","E","M","R","BOSS","M","$","?","?","M","R","?","R","T","M","R","?","E","?","R","BOSS"],"build_version":"2018-07-19v2","purchased_purges":2,"victory":true,"max_hp_per_floor":[80,80,80,80,80,80,80,80,90,90,90,90,90,90,90,90,90,93,93,93,93,99,99,102,102,102,102,102,102,102,102,102,102,102,102,102,106,106,106,106,106,106,106,106,106,106,106,106,106,110],"card_choices":[{"not_picked":["Flex","Anger"],"picked":"Infernal Blade","floor":0},{"not_picked":["Flex","Perfected Strike"],"picked":"Bloodletting","floor":1},{"not_picked":["Feel No Pain","Anger"],"picked":"Dropkick","floor":3},{"not_picked":["Warcry","Havoc"],"picked":"Headbutt","floor":5},{"not_picked":["Evolve","Warcry"],"picked":"Thunderclap","floor":6},{"not_picked":["Reckless Charge","Heavy Blade"],"picked":"Shrug It Off","floor":7},{"not_picked":["Sword Boomerang","Clash"],"picked":"Ghostly Armor","floor":12},{"not_picked":["Flame Barrier","Shrug It Off"],"picked":"Carnage","floor":13},{"not_picked":["Twin Strike","Battle Trance"],"picked":"Demon Form","floor":14},{"not_picked":["Barricade","Brutality"],"picked":"Feed","floor":16},{"not_picked":["Feel No Pain"],"picked":"SKIP","floor":18},{"not_picked":[],"picked":"Shrug It Off","floor":19},{"not_picked":[],"picked":"Pommel Strike+1","floor":22},{"not_picked":[],"picked":"Whirlwind","floor":24},{"not_picked":["Wild Strike"],"picked":"SKIP","floor":29},{"not_picked":["Fire Breathing"],"picked":"SKIP","floor":30},{"not_picked":["Headbutt","Clothesline"],"picked":"SKIP","floor":31},{"not_picked":["Bludgeon"],"picked":"Barricade","floor":33},{"not_picked":["Sword Boomerang"],"picked":"Heavy Blade","floor":35},{"not_picked":["Flame Barrier+1"],"picked":"Heavy Blade+1","floor":37},{"not_picked":["Headbutt","Reckless Charge+1"],"picked":"SKIP","floor":39},{"not_picked":["Twin Strike","Whirlwind+1"],"picked":"SKIP","floor":44},{"not_picked":["Sword Boomerang+1","Reckless Charge+1"],"picked":"SKIP","floor":46},{"not_picked":["Wild Strike+1"],"picked":"Uppercut+1","floor":47},{"not_picked":["Cleave"],"picked":"Spot Weakness","floor":48}],"player_experience":1331557,"relics_obtained":[{"floor":6,"key":"The Courier"},{"floor":9,"key":"Pear"},{"floor":12,"key":"Odd Mushroom"},{"floor":13,"key":"Peace Pipe"},{"floor":26,"key":"Vajra"},{"floor":30,"key":"Question Card"},{"floor":43,"key":"Matryoshka"},{"floor":47,"key":"Lantern"},{"floor":48,"key":"Thread and Needle"}],"event_choices":[{"event_name":"Living Wall","player_choice":"Forget","floor":2,"damage_taken":0},{"event_name":"The Cleric","player_choice":"Card Removal","floor":4,"damage_taken":0},{"event_name":"Mushrooms","player_choice":"Fought Mushrooms","floor":12,"damage_taken":0},{"event_name":"The Joust","player_choice":"Bet on Murderer","floor":20,"damage_taken":0},{"event_name":"Drug Dealer","player_choice":"Got JAXXED","floor":21,"damage_taken":0},{"event_name":"Winding Halls","player_choice":"Embrace Madness","floor":38,"damage_taken":0},{"event_name":"MindBloom","player_choice":"Fight","floor":48,"damage_taken":0}],"is_beta":false,"boss_relics":[{"not_picked":["Calling Bell","Pandora\u0027s Box"],"picked":"Busted Crown"},{"not_picked":["Tiny House","Mark of Pain"],"picked":"Sozu"}],"items_purged_floors":[10,28],"is_endless":false,"potions_floor_spawned":[3,6,13,18,24,29,30,31,46,47,48],"ascension_level":3}