{"gold_per_floor":[110,110,18,18,35,35,46,61,141,141,141,165,165,19,19,144,144,160,83,101,77,93,93,18,18,42,58,58,58,78,99,99,222,222,243,576,1575,1594,907,907],"floor_reached":40,"playtime":3660,"items_purged":["Skewer","Normality"],"score":523,"play_id":"1048c675-bbe2-4707-b8f1-153eeb844831","local_time":"20180812125138","is_ascension_mode":true,"campfire_choices":[{"floor":6,"key":"REST"},{"floor":11,"key":"REST"},{"floor":15,"key":"REST"},{"floor":23,"key":"REST"},{"floor":29,"key":"REST"},{"floor":32,"key":"REST"}],"neow_cost":"","seed_source_timestamp":26842560484134,"circlet_count":0,"master_deck":["Survivor","Neutralize","Flying Knee","Poisoned Stab","Noxious Fumes","Infinite Blades","Escape Plan","Choke","Cloak And Dagger","Leg Sweep","Die Die Die","Dash","Dagger Throw","Blur","Blade Dance","Bane","Infinite Blades","Flying Knee","Flying Knee","Quick Slash","Poisoned Stab","Poisoned Stab","J.A.X.","Noxious Fumes+1","Slice","Calculated Gamble","PiercingWail+1","Outmaneuver","Slice","Endless Agony+1","Footwork","Backflip+1","Tools of the Trade","Predator+1","Normality","Blur","Panacea","Secret Weapon"],"relics":["Ring of the Snake","Dream Catcher","Meat on the Bone","Shuriken","Pandora\u0027s Box","Potion Belt","Sozu","Strawberry","Art of War"],"potions_floor_usage":[22,25,33],"damage_taken":[{"damage":13,"enemies":"Small Slimes","floor":1,"turns":4},{"damage":11,"enemies":"Jaw Worm","floor":5,"turns":4},{"damage":0,"enemies":"2 Louse","floor":7,"turns":2},{"damage":5,"enemies":"Exordium Thugs","floor":8,"turns":6},{"damage":2,"enemies":"3 Louse","floor":12,"turns":2},{"damage":34,"enemies":"Hexaghost","floor":16,"turns":9},{"damage":26,"enemies":"3 Byrds","floor":18,"turns":5},{"damage":25,"enemies":"Shell Parasite","floor":20,"turns":5},{"damage":21,"enemies":"Snake Plant","floor":22,"turns":4},{"damage":0,"enemies":"Snecko","floor":25,"turns":4},{"damage":31,"enemies":"3 Cultists","floor":27,"turns":5},{"damage":30,"enemies":"Snake Plant","floor":30,"turns":5},{"damage":5,"enemies":"Snecko","floor":31,"turns":4},{"damage":47,"enemies":"Automaton","floor":33,"turns":10},{"damage":10,"enemies":"3 Darklings","floor":35,"turns":6},{"damage":15,"enemies":"3 Shapes","floor":38,"turns":6},{"damage":57,"enemies":"Nemesis","floor":40,"turns":4}],"seed_played":"2881408945626216334","potions_obtained":[{"floor":5,"key":"Strength Potion"},{"floor":7,"key":"Regen Potion"},{"floor":8,"key":"Strength Potion"},{"floor":12,"key":"PowerPotion"},{"floor":18,"key":"SmokeBomb"},{"floor":22,"key":"AttackPotion"},{"floor":31,"key":"GhostInAJar"}],"is_trial":false,"path_per_floor":["M","?","$","?","M","R","M","M","T","?","R","M","?","$","R","B",null,"M","?","M","$","M","R","$","M","T","M","?","R","M","M","R","B",null,"M","?","?","M","$"],"character_chosen":"THE_SILENT","items_purchased":["Dark Shackles","Skewer","Doppelganger","Slice","Strawberry","Art of War","Panacea","Secret Weapon"],"campfire_rested":6,"item_purchase_floors":[3,14,14,21,39,39,39,39],"current_hp_per_floor":[57,50,50,50,39,60,60,55,55,38,59,57,43,43,64,42,63,37,37,24,24,24,45,45,45,45,26,26,47,29,36,57,22,58,48,48,48,45,52,0],"gold":907,"neow_bonus":"","is_prod":false,"is_daily":false,"chose_seed":false,"campfire_upgraded":0,"win_rate":0,"timestamp":1534092698,"path_taken":["M","?","?","?","M","R","M","M","T","?","R","?","?","?","R","BOSS","M","?","?","$","M","R","$","M","T","?","?","R","M","M","R","BOSS","M","?","?","?","$","E"],"build_version":"2018-08-09","purchased_purges":2,"victory":false,"max_hp_per_floor":[70,70,70,70,70,70,70,70,70,70,70,70,70,70,70,70,70,70,70,70,70,70,70,70,70,70,70,70,70,70,70,70,70,70,70,70,70,70,77,77],"card_choices":[{"not_picked":["Deflect","Acrobatics"],"picked":"Flying Knee","floor":1},{"not_picked":["Leg Sweep","Dagger Throw"],"picked":"Poisoned Stab","floor":5},{"not_picked":["Backflip","Deadly Poison"],"picked":"Noxious Fumes","floor":6},{"not_picked":["Caltrops","Tactician"],"picked":"Infinite Blades","floor":7},{"not_picked":["Tactician","Finisher"],"picked":"Escape Plan","floor":8},{"not_picked":["Backflip","Dash"],"picked":"Choke","floor":11},{"not_picked":["Expertise","Flying Knee"],"picked":"Cloak And Dagger","floor":12},{"not_picked":["Acrobatics","All Out Attack"],"picked":"Leg Sweep","floor":15},{"not_picked":["Doppelganger","Burst"],"picked":"Die Die Die","floor":16},{"not_picked":["Dagger Spray","Finisher+1"],"picked":"Poisoned Stab","floor":18},{"not_picked":["Quick Slash","Sucker Punch"],"picked":"Noxious Fumes+1","floor":20},{"not_picked":["Skewer","Dodge and Roll"],"picked":"Calculated Gamble","floor":22},{"not_picked":["Cloak And Dagger","Poisoned Stab+1"],"picked":"PiercingWail+1","floor":23},{"not_picked":["Quick Slash","Finisher"],"picked":"Outmaneuver","floor":27},{"not_picked":["Dodge and Roll","All Out Attack"],"picked":"Slice","floor":29},{"not_picked":["Distraction","Storm of Steel"],"picked":"Endless Agony+1","floor":30},{"not_picked":["Flying Knee","Backflip"],"picked":"Footwork","floor":31},{"not_picked":["Bane","Skewer"],"picked":"Backflip+1","floor":32},{"not_picked":["Die Die Die","A Thousand Cuts"],"picked":"Tools of the Trade","floor":33},{"not_picked":["Backflip","Dagger Throw"],"picked":"Predator+1","floor":35},{"not_picked":["Quick Slash","Flying Knee"],"picked":"Blur","floor":38}],"player_experience":1509557,"relics_obtained":[{"floor":9,"key":"Shuriken"},{"floor":26,"key":"Potion Belt"}],"event_choices":[{"event_name":"Scrap Ooze","player_choice":"success","floor":2,"damage_taken":7},{"event_name":"WeMeetAgain","player_choice":"Card","floor":4,"damage_taken":0},{"event_name":"Golden Idol","player_choice":"Take Damage","floor":10,"damage_taken":0},{"event_name":"Shining Light","player_choice":"Entered Light","floor":13,"damage_taken":0},{"event_name":"Drug Dealer","player_choice":"Got JAXXED","floor":19,"damage_taken":0},{"event_name":"Back to Basics","player_choice":"Elegance","floor":28,"damage_taken":0},{"event_name":"The Moai Head","player_choice":"Gave Idol","floor":36,"damage_taken":0},{"event_name":"MindBloom","player_choice":"Gold","floor":37,"damage_taken":0}],"is_beta":false,"boss_relics":[{"not_picked":["White Beast Statue","Ectoplasm"],"picked":"Pandora\u0027s Box"},{"not_picked":["Orrery","Black Star"],"picked":"Sozu"}],"items_purged_floors":[24,39],"is_endless":false,"potions_floor_spawned":[5,7,8,12,18,20,22,31],"killed_by":"Nemesis","ascension_level":5}