{"gold_per_floor":[110,125,135,26,44,79,79,92,92,92,123,134,134,154,154,255,255,275,36,36,50,69,98,98,111,136,136,162,162,174,22,22,22],"floor_reached":33,"playtime":1880,"items_purged":["Pain"],"score":339,"play_id":"cfe3dfcd-1404-4c75-b1db-bb358871c335","local_time":"20190905145204","is_ascension_mode":true,"campfire_choices":[{"data":"Accuracy","floor":7,"key":"SMITH"},{"data":"Storm of Steel","floor":10,"key":"SMITH"},{"floor":15,"key":"REST"},{"floor":24,"key":"REST"},{"floor":27,"key":"REST"},{"floor":29,"key":"REST"},{"floor":32,"key":"REST"}],"neow_cost":"NONE","seed_source_timestamp":21148514939770,"circlet_count":0,"master_deck":["Strike_G","Strike_G+1","Strike_G","Strike_G","Strike_G","Defend_G","Defend_G","Defend_G","Defend_G","Defend_G","Survivor","Neutralize","Dagger Throw","Poisoned Stab","Dodge and Roll","Accuracy+1","Blur","Heel Hook","Cloak And Dagger","Storm of Steel+1","Bane","Blade Dance","Regret","Dagger Throw","Flying Knee","Envenom","Doubt","Decay","Concentrate","Caltrops","Poisoned Stab","Flash of Steel+1","Dash","Endless Agony+1","Underhanded Strike","Noxious Fumes","Dash","Backstab","Leg Sweep+1","Dodge and Roll","Die Die Die","Quick Slash+1"],"relics":["Ring of the Snake","Dream Catcher","Bronze Scales","Bag of Marbles","Smiling Mask","Blue Candle","Calling Bell","Boot","Mummified Hand","Du-Vu Doll","Matryoshka","Regal Pillow","Pen Nib","Whetstone","Oddly Smooth Stone"],"potions_floor_usage":[6,6,11,16,23,23,33],"damage_taken":[{"damage":4,"enemies":"Small Slimes","floor":1,"turns":5},{"damage":0,"enemies":"Cultist","floor":2,"turns":3},{"damage":0,"enemies":"2 Louse","floor":3,"turns":4},{"damage":0,"enemies":"Blue Slaver","floor":5,"turns":5},{"damage":4,"enemies":"Lagavulin","floor":6,"turns":8},{"damage":5,"enemies":"2 Fungi Beasts","floor":8,"turns":4},{"damage":19,"enemies":"3 Sentries","floor":11,"turns":9},{"damage":0,"enemies":"3 Louse","floor":12,"turns":3},{"damage":6,"enemies":"Gremlin Gang","floor":14,"turns":4},{"damage":27,"enemies":"Hexaghost","floor":16,"turns":9},{"damage":13,"enemies":"Spheric Guardian","floor":18,"turns":3},{"damage":14,"enemies":"2 Thieves","floor":21,"turns":3},{"damage":8,"enemies":"Snake Plant","floor":22,"turns":2},{"damage":22,"enemies":"Slavers","floor":23,"turns":3},{"damage":15,"enemies":"Cultist and Chosen","floor":25,"turns":5},{"damage":42,"enemies":"Gremlin Leader","floor":28,"turns":7},{"damage":15,"enemies":"3 Cultists","floor":30,"turns":4},{"damage":73,"enemies":"Automaton","floor":33,"turns":6}],"seed_played":"-2764114501384566093","potions_obtained":[{"floor":2,"key":"Weak Potion"},{"floor":3,"key":"PowerPotion"},{"floor":5,"key":"GhostInAJar"},{"floor":12,"key":"Poison Potion"},{"floor":16,"key":"LiquidBronze"},{"floor":21,"key":"AttackPotion"},{"floor":28,"key":"SpeedPotion"}],"is_trial":false,"path_per_floor":["M","M","M","$","M","E","R","M","T","R","E","M","?","M","R","B",null,"M","$","?","M","M","E","R","M","T","R","E","R","M","$","R","B"],"character_chosen":"THE_SILENT","items_purchased":["Accuracy","Blur","Caltrops","Poisoned Stab","Flash of Steel","Oddly Smooth Stone"],"campfire_rested":5,"item_purchase_floors":[4,4,19,19,19,31],"current_hp_per_floor":[66,66,66,66,66,62,62,57,57,57,38,38,38,32,53,26,70,57,57,70,56,48,26,47,32,32,68,26,62,47,47,70,0],"gold":22,"neow_bonus":"RANDOM_COMMON_RELIC","is_prod":false,"is_daily":false,"chose_seed":false,"campfire_upgraded":2,"win_rate":0,"timestamp":1567705924,"path_taken":["M","M","M","$","M","E","R","M","T","R","E","M","?","M","R","BOSS","M","$","?","M","M","E","R","M","T","R","E","R","M","$","R","BOSS"],"build_version":"2019-07-17","purchased_purges":1,"victory":false,"max_hp_per_floor":[70,70,70,70,70,70,70,70,70,70,70,70,70,70,70,70,70,70,70,70,70,70,70,70,70,70,70,70,70,70,70,70,70],"card_choices":[{"not_picked":["Setup","Tactician"],"picked":"Dagger Throw","floor":1},{"not_picked":["Quick Slash","Flechettes"],"picked":"Poisoned Stab","floor":2},{"not_picked":["After Image","Acrobatics"],"picked":"Dodge and Roll","floor":3},{"not_picked":["Expertise","Tactician"],"picked":"Heel Hook","floor":5},{"not_picked":["Backflip","Blur"],"picked":"Cloak And Dagger","floor":6},{"not_picked":["Backstab","Poisoned Stab"],"picked":"Storm of Steel","floor":8},{"not_picked":["Outmaneuver","Distraction"],"picked":"Bane","floor":11},{"not_picked":["Catalyst","Deadly Poison"],"picked":"Blade Dance","floor":12},{"not_picked":["Tactician","Eviscerate"],"picked":"Dagger Throw","floor":14},{"not_picked":["Backflip","Night Terror"],"picked":"Flying Knee","floor":15},{"not_picked":["Glass Knife","Doppelganger"],"picked":"Envenom","floor":16},{"not_picked":["Escape Plan","Reflex"],"picked":"Concentrate","floor":18},{"not_picked":["Outmaneuver+1","Slice+1"],"picked":"Dash","floor":21},{"not_picked":["Eviscerate","Flying Knee+1"],"picked":"Endless Agony+1","floor":22},{"not_picked":["Escape Plan","Acrobatics"],"picked":"Underhanded Strike","floor":23},{"not_picked":["Finisher+1","Flying Knee+1"],"picked":"Noxious Fumes","floor":24},{"not_picked":["Dodge and Roll","Eviscerate+1"],"picked":"Dash","floor":25},{"not_picked":["Cloak And Dagger","Endless Agony"],"picked":"Backstab","floor":27},{"not_picked":["Caltrops","Flying Knee"],"picked":"Leg Sweep+1","floor":28},{"not_picked":["Dagger Throw","Acrobatics+1"],"picked":"Dodge and Roll","floor":29},{"not_picked":["Escape Plan","Bane"],"picked":"Die Die Die","floor":30},{"not_picked":["Prepared+1","Deflect"],"picked":"Quick Slash+1","floor":32}],"player_experience":372285,"relics_obtained":[{"floor":6,"key":"Bronze Scales"},{"floor":9,"key":"Bag of Marbles"},{"floor":11,"key":"Smiling Mask"},{"floor":17,"key":"Boot"},{"floor":17,"key":"Mummified Hand"},{"floor":17,"key":"Du-Vu Doll"},{"floor":23,"key":"Matryoshka"},{"floor":26,"key":"Regal Pillow"},{"floor":26,"key":"Pen Nib"},{"floor":28,"key":"Whetstone"}],"event_choices":[{"damage_healed":0,"gold_gain":0,"player_choice":"Box","damage_taken":0,"relics_obtained":["Blue Candle"],"max_hp_gain":0,"max_hp_loss":0,"event_name":"Big Fish","floor":13,"gold_loss":0,"cards_obtained":["Regret"]},{"damage_healed":23,"gold_gain":0,"player_choice":"Heal","damage_taken":0,"max_hp_gain":0,"max_hp_loss":0,"event_name":"The Library","floor":20,"gold_loss":0}],"is_beta":false,"boss_relics":[{"not_picked":["Tiny House","Snecko Eye"],"picked":"Calling Bell"}],"items_purged_floors":[19],"is_endless":false,"potions_floor_spawned":[2,3,5,12,16,21,28],"killed_by":"Automaton","ascension_level":1}