{"gold_per_floor":[119,119,136,155,175,175,147,147,147,180,180,195,214,224,224,297,297,316,329,329,13,13,13,44,44],"floor_reached":25,"playtime":1934,"items_purged":["Strike_G"],"score":450,"play_id":"88ea93f2-34de-4e28-80c2-f13e523b7bee","local_time":"20191011180255","is_ascension_mode":true,"campfire_choices":[{"data":"Neutralize","floor":6.0,"key":"SMITH"},{"data":"A Thousand Cuts","floor":8.0,"key":"SMITH"},{"data":"Noxious Fumes","floor":11.0,"key":"SMITH"},{"floor":15.0,"key":"REST"},{"data":"Sucker Punch","floor":23.0,"key":"SMITH"}],"neow_cost":"NONE","seed_source_timestamp":1805803929057954,"circlet_count":0,"master_deck":["AscendersBane","Defend_G","Defend_G","Defend_G","Defend_G","Defend_G","Strike_G","Strike_G","Strike_G","Survivor","Neutralize+1","A Thousand Cuts+1","Heel Hook","Quick Slash","Finisher","PiercingWail","Noxious Fumes+1","Heel Hook","PiercingWail","Flying Knee","Terror","Bullet Time","Sucker Punch+1","Slice","Bouncing Flask","Heel Hook","Choke","Sucker Punch","Corpse Explosion","Acrobatics","Panache","Leg Sweep"],"special_seed":0,"relics":["Ring of the Snake","Bag of Marbles","Ancient Tea Set","Orrery","Frozen Egg 2"],"potions_floor_usage":[24,25,25],"damage_taken":[{"damage":5.0,"enemies":"Small Slimes","floor":1.0,"turns":5.0},{"damage":0.0,"enemies":"Cultist","floor":3.0,"turns":5.0},{"damage":7.0,"enemies":"Jaw Worm","floor":4.0,"turns":5.0},{"damage":0.0,"enemies":"2 Fungi Beasts","floor":5.0,"turns":4.0},{"damage":1.0,"enemies":"Exordium Thugs","floor":7.0,"turns":4.0},{"damage":13.0,"enemies":"3 Sentries","floor":10.0,"turns":5.0},{"damage":0.0,"enemies":"Red Slaver","floor":12.0,"turns":3.0},{"damage":3.0,"enemies":"Large Slime","floor":13.0,"turns":3.0},{"damage":3.0,"enemies":"3 Louse","floor":14.0,"turns":3.0},{"damage":7.0,"enemies":"Slime Boss","floor":16.0,"turns":7.0},{"damage":33.0,"enemies":"2 Thieves","floor":18.0,"turns":4.0},{"damage":8.0,"enemies":"Chosen","floor":19.0,"turns":4.0},{"damage":18,"enemies":"Book of Stabbing","floor":24,"turns":4},{"damage":30,"enemies":"Snecko","floor":25,"turns":4}],"seed_played":"1765463618193442970","potions_obtained":[{"floor":4.0,"key":"FearPotion"},{"floor":5.0,"key":"Dexterity Potion"},{"floor":14.0,"key":"PowerPotion"},{"floor":16.0,"key":"FearPotion"},{"floor":18.0,"key":"Swift Potion"},{"floor":24,"key":"PowerPotion"}],"is_trial":false,"path_per_floor":["M","?","M","M","M","R","M","R","T","E","R","M","M","M","R","B",null,"M","M","?","$","?","R","E","M"],"character_chosen":"THE_SILENT","items_purchased":["Acrobatics","Panache"],"campfire_rested":1,"item_purchase_floors":[21,21],"current_hp_per_floor":[54,54,54,47,47,47,46,46,46,33,33,33,30,27,46,39,59,26,18,31,31,31,31,13,0],"gold":44,"neow_bonus":"ONE_RANDOM_RARE_CARD","is_prod":false,"is_daily":false,"chose_seed":false,"campfire_upgraded":4,"win_rate":0,"timestamp":1570831375,"path_taken":["M","?","M","M","M","R","?","R","T","E","R","M","M","M","R","BOSS","M","M","?","$","?","R","E","M"],"build_version":"2019-01-23","purchased_purges":1,"victory":false,"max_hp_per_floor":[66,66,66,66,66,66,66,66,66,66,66,66,66,66,66,66,66,66,66,66,66,66,66,66,66],"card_choices":[{"not_picked":["Dagger Throw","Backflip"],"picked":"Heel Hook","floor":1.0},{"not_picked":["Dodge and Roll","Finisher"],"picked":"Quick Slash","floor":3.0},{"not_picked":["Prepared","Eviscerate"],"picked":"Finisher","floor":4.0},{"not_picked":["Caltrops","Finisher"],"picked":"PiercingWail","floor":5.0},{"not_picked":["Blur","Prepared"],"picked":"Noxious Fumes","floor":7.0},{"not_picked":["Choke","Sucker Punch"],"picked":"Heel Hook","floor":10.0},{"not_picked":["Backstab","Outmaneuver"],"picked":"PiercingWail","floor":12.0},{"not_picked":["Phantasmal Killer","Blur"],"picked":"Flying Knee","floor":13.0},{"not_picked":["Masterful Stab","Poisoned Stab"],"picked":"Terror","floor":14.0},{"not_picked":["Storm of Steel","Die Die Die"],"picked":"Bullet Time","floor":16.0},{"not_picked":["Masterful Stab","Expertise"],"picked":"Sucker Punch","floor":17.0},{"not_picked":["Storm of Steel","All Out Attack"],"picked":"Slice","floor":17.0},{"not_picked":["Concentrate","Dash"],"picked":"Bouncing Flask","floor":17.0},{"not_picked":["Dagger Throw","Terror"],"picked":"Heel Hook","floor":17.0},{"not_picked":["Terror","Bane"],"picked":"Choke","floor":17.0},{"not_picked":["Dagger Spray","Deadly Poison"],"picked":"Sucker Punch","floor":18.0},{"not_picked":["Backflip","Flying Knee"],"picked":"Corpse Explosion","floor":19.0},{"not_picked":["Deadly Poison","Sucker Punch"],"picked":"Leg Sweep","floor":24}],"player_experience":3022891,"relics_obtained":[{"floor":9.0,"key":"Bag of Marbles"},{"floor":10.0,"key":"Ancient Tea Set"},{"floor":24,"key":"Frozen Egg 2"}],"event_choices":[{"cards_removed":["Strike_G"],"damage_healed":0.0,"max_hp_gain":0.0,"max_hp_loss":0.0,"gold_gain":0.0,"event_name":"Purifier","player_choice":"Purged","floor":2.0,"gold_loss":0.0,"damage_taken":0.0},{"damage_healed":13.0,"max_hp_gain":0.0,"max_hp_loss":0.0,"gold_gain":0.0,"event_name":"The Library","player_choice":"Heal","floor":20.0,"gold_loss":0.0,"damage_taken":0.0},{"damage_healed":0.0,"max_hp_gain":0.0,"max_hp_loss":0.0,"gold_gain":0.0,"event_name":"Vampires","player_choice":"Ignored","floor":22.0,"gold_loss":0.0,"damage_taken":0.0}],"is_beta":false,"boss_relics":[{"not_picked":["Snecko Eye","Runic Dome"],"picked":"Orrery"}],"items_purged_floors":[21],"is_endless":false,"potions_floor_spawned":[4,5,7,14,16,18,24],"killed_by":"Snecko","ascension_level":20}