{"gold_per_floor":[110,123,17,35,35,35,50,50,50,50,225,300,336,336,336,457,457,482,482,32,46,62,62,77,152,233,244,23,36,36,70,70,70],"floor_reached":33,"playtime":1308,"items_purged":[],"score":419,"play_id":"92ce2e8d-e63f-4f71-80a5-f94b66987b2b","local_time":"20190814170519","is_ascension_mode":true,"campfire_choices":[{"data":"Perfected Strike","floor":6,"key":"SMITH"},{"data":"Thunderclap","floor":8,"key":"SMITH"},{"floor":15,"key":"REST"},{"floor":23,"key":"REST"},{"data":"Feed","floor":30,"key":"SMITH"},{"floor":32,"key":"REST"}],"neow_cost":"NONE","seed_source_timestamp":230896224427877,"circlet_count":0,"master_deck":["Strike_R","Strike_R","Strike_R","Strike_R","Strike_R","Defend_R","Defend_R+1","Defend_R","Defend_R+1","Bash","Flex","Perfected Strike+1","Flex","Thunderclap","Thunderclap+1","Headbutt","Injury","Doubt","Perfected Strike","Exhume","Perfected Strike","Combust","Headbutt","Flex","Feed+1","Flex","Carnage","Clash","Wild Strike","Heavy Blade","Cleave+1","Heavy Blade","Armaments","Perfected Strike","Disarm"],"relics":["Burning Blood","Art of War","Self Forming Clay","Bloody Idol","Peace Pipe","Orrery","Chemical X","Pen Nib","Frozen Egg 2","Lee\u0027s Waffle","Shovel"],"potions_floor_usage":[16,22,24],"damage_taken":[{"damage":8,"enemies":"2 Louse","floor":1,"turns":4},{"damage":7,"enemies":"Small Slimes","floor":2,"turns":3},{"damage":0,"enemies":"Cultist","floor":4,"turns":2},{"damage":7,"enemies":"Looter","floor":7,"turns":3},{"damage":24,"enemies":"Gremlin Nob","floor":13,"turns":4},{"damage":42,"enemies":"Hexaghost","floor":16,"turns":7},{"damage":21,"enemies":"Shell Parasite","floor":18,"turns":4},{"damage":19,"enemies":"2 Thieves","floor":21,"turns":3},{"damage":31,"enemies":"Snake Plant","floor":22,"turns":3},{"damage":32,"enemies":"Shelled Parasite and Fungi","floor":24,"turns":4},{"damage":31,"enemies":"Chosen and Byrds","floor":27,"turns":5},{"damage":12,"enemies":"Cultist and Chosen","floor":29,"turns":4},{"damage":54,"enemies":"Book of Stabbing","floor":31,"turns":6},{"damage":96,"enemies":"Champ","floor":33,"turns":9}],"seed_played":"6656089821327074261","potions_obtained":[{"floor":7,"key":"GamblersBrew"},{"floor":13,"key":"AttackPotion"},{"floor":16,"key":"SteroidPotion"},{"floor":18,"key":"BloodPotion"}],"is_trial":false,"path_per_floor":["M","M","$","M","?","R","M","R","T","?","?","?","E","?","R","B",null,"M","?","$","M","M","R","M","?","T","M","$","M","R","E","R","B"],"character_chosen":"IRONCLAD","items_purchased":["Flex","Thunderclap","Chemical X","Pen Nib","Carnage","Clash","Lee\u0027s Waffle","Armaments"],"campfire_rested":3,"item_purchase_floors":[3,3,20,20,20,20,28,28],"current_hp_per_floor":[78,77,77,80,80,80,79,79,79,79,79,68,50,34,58,22,80,68,68,68,65,68,86,68,65,70,50,96,95,95,52,80,0],"gold":70,"neow_bonus":"RANDOM_COMMON_RELIC","is_prod":false,"is_daily":false,"chose_seed":false,"campfire_upgraded":3,"win_rate":0,"timestamp":1565813119,"path_taken":["M","M","$","M","?","R","M","R","T","?","?","?","E","?","R","BOSS","M","?","$","M","M","R","M","?","T","?","$","M","R","E","R","BOSS"],"build_version":"2019-07-17","purchased_purges":0,"victory":false,"max_hp_per_floor":[80,80,80,80,80,80,80,80,80,80,80,80,80,80,80,80,80,83,83,83,83,86,86,89,89,89,89,96,96,96,96,96,96],"card_choices":[{"not_picked":["Twin Strike","Armaments"],"picked":"Flex","floor":1},{"not_picked":["Headbutt","Twin Strike"],"picked":"Perfected Strike","floor":2},{"not_picked":["Sever Soul","Warcry"],"picked":"Thunderclap","floor":4},{"not_picked":["Shrug It Off","Disarm"],"picked":"Headbutt","floor":7},{"not_picked":["Brutality","Warcry"],"picked":"Perfected Strike","floor":13},{"not_picked":["Offering","Juggernaut"],"picked":"Exhume","floor":16},{"not_picked":["Body Slam","Pummel"],"picked":"Perfected Strike","floor":17},{"not_picked":["Clothesline","Metallicize"],"picked":"Combust","floor":17},{"not_picked":["Wild Strike","Whirlwind"],"picked":"Headbutt","floor":17},{"not_picked":["Warcry","Shrug It Off"],"picked":"Flex","floor":17},{"not_picked":["Thunderclap","Heavy Blade"],"picked":"Feed","floor":17},{"not_picked":["Havoc","Seeing Red"],"picked":"Flex","floor":18},{"not_picked":["Dropkick+1","Battle Trance"],"picked":"Wild Strike","floor":21},{"not_picked":["Twin Strike","Rampage"],"picked":"Heavy Blade","floor":22},{"not_picked":["Ghostly Armor","Clash"],"picked":"Cleave+1","floor":24},{"not_picked":["Ghostly Armor","Rupture+1"],"picked":"Heavy Blade","floor":27},{"not_picked":["Headbutt","Whirlwind+1"],"picked":"Perfected Strike","floor":29},{"not_picked":["Warcry","Dark Embrace+1"],"picked":"Disarm","floor":31}],"player_experience":309856,"relics_obtained":[{"floor":9,"key":"Self Forming Clay"},{"floor":13,"key":"Peace Pipe"},{"floor":26,"key":"Frozen Egg 2"},{"floor":31,"key":"Shovel"}],"event_choices":[{"damage_healed":0,"gold_gain":0,"player_choice":"Ignored","damage_taken":0,"max_hp_gain":0,"max_hp_loss":0,"event_name":"Golden Wing","floor":5,"gold_loss":0},{"damage_healed":0,"gold_gain":0,"player_choice":"Take Wound","damage_taken":0,"relics_obtained":["Golden Idol"],"max_hp_gain":0,"max_hp_loss":0,"event_name":"Golden Idol","floor":10,"gold_loss":0,"cards_obtained":["Injury"]},{"damage_healed":0,"gold_gain":175,"player_choice":"AGREE","damage_taken":0,"max_hp_gain":0,"max_hp_loss":0,"event_name":"Liars Game","floor":11,"gold_loss":0,"cards_obtained":["Doubt"]},{"damage_healed":0,"gold_gain":75,"player_choice":"Gather Gold","damage_taken":11,"max_hp_gain":0,"max_hp_loss":0,"event_name":"World of Goop","floor":12,"gold_loss":0},{"damage_healed":0,"gold_gain":0,"player_choice":"Entered Light","damage_taken":16,"max_hp_gain":0,"max_hp_loss":0,"event_name":"Shining Light","floor":14,"gold_loss":0,"cards_upgraded":["Defend_R","Defend_R"]},{"damage_healed":0,"gold_gain":0,"player_choice":"Gave Idol","damage_taken":0,"relics_obtained":["Bloody Idol"],"max_hp_gain":0,"max_hp_loss":0,"event_name":"Forgotten Altar","floor":19,"relics_lost":["Golden Idol"],"gold_loss":0},{"damage_healed":0,"gold_gain":75,"player_choice":"Touch","damage_taken":8,"max_hp_gain":0,"max_hp_loss":0,"event_name":"FaceTrader","floor":25,"gold_loss":0}],"is_beta":false,"boss_relics":[{"not_picked":["Astrolabe","Busted Crown"],"picked":"Orrery"}],"items_purged_floors":[],"is_endless":false,"potions_floor_spawned":[7,13,16,18],"killed_by":"Champ","ascension_level":2}