{"gold_per_floor":[219,249,263,12,31,31,59,59,83,83,108,133,148,162,162,239,239,254,254,254,273,273],"floor_reached":22,"playtime":1818,"items_purged":[],"score":388,"play_id":"32ebaa77-618d-4ef1-930f-df5abec65a9f","local_time":"20190811001133","is_ascension_mode":true,"campfire_choices":[{"data":"Armaments","floor":6.0,"key":"SMITH"},{"data":"Offering","floor":8.0,"key":"SMITH"},{"data":"Flame Barrier","floor":10.0,"key":"SMITH"},{"floor":15.0,"key":"REST"}],"neow_cost":"NONE","seed_source_timestamp":575905992122404,"circlet_count":0,"master_deck":["AscendersBane","Strike_R","Strike_R","Strike_R","Strike_R","Strike_R","Defend_R","Defend_R+1","Defend_R","Defend_R+1","Bash","Flame Barrier+1","Armaments+1","Offering+1","Anger","Rupture","Wild Strike","Spot Weakness","Battle Trance","Fiend Fire","Combust","Evolve"],"special_seed":0,"relics":["Black Blood","Tiny Chest","Singing Bowl","Anchor","Strawberry","War Paint","Mummified Hand"],"potions_floor_usage":[],"damage_taken":[{"damage":10.0,"enemies":"Small Slimes","floor":1.0,"turns":3.0},{"damage":4.0,"enemies":"Jaw Worm","floor":3.0,"turns":6.0},{"damage":6.0,"enemies":"Cultist","floor":5.0,"turns":3.0},{"damage":19.0,"enemies":"Lagavulin","floor":7.0,"turns":8.0},{"damage":18.0,"enemies":"3 Sentries","floor":12.0,"turns":9.0},{"damage":4.0,"enemies":"Red Slaver","floor":13.0,"turns":3.0},{"damage":15.0,"enemies":"Exordium Thugs","floor":14.0,"turns":4.0},{"damage":8.0,"enemies":"The Guardian","floor":16.0,"turns":10.0},{"damage":49.0,"enemies":"Chosen","floor":18.0,"turns":7.0},{"damage":30.0,"enemies":"Spheric Guardian","floor":21.0,"turns":6.0},{"damage":37,"enemies":"Shelled Parasite and Fungi","floor":22,"turns":5}],"seed_played":"-4779140970576839706","potions_obtained":[{"floor":1.0,"key":"Strength Potion"},{"floor":3.0,"key":"SpeedPotion"},{"floor":14.0,"key":"PowerPotion"},{"floor":16.0,"key":"SpeedPotion"}],"is_trial":false,"path_per_floor":["M","?","M","$","M","R","E","R","T","R","T","E","M","M","R","B",null,"M","?","T","M","M"],"character_chosen":"IRONCLAD","items_purchased":["Offering","Anger","Rupture"],"campfire_rested":1,"item_purchase_floors":[4,4,4],"current_hp_per_floor":[64,59,61,61,61,61,50,50,50,50,57,45,47,38,63,61,78,39,56,56,36,0],"gold":273,"neow_bonus":"HUNDRED_GOLD","is_prod":false,"is_daily":false,"chose_seed":false,"campfire_upgraded":3,"win_rate":0,"timestamp":1565496693,"path_taken":["M","?","M","$","M","R","E","R","T","R","?","E","M","M","R","BOSS","M","?","?","?","M"],"build_version":"2019-01-23","purchased_purges":0,"victory":false,"max_hp_per_floor":[75,75,75,75,75,75,77,77,77,77,84,84,84,84,84,84,84,84,84,84,84,84],"card_choices":[{"not_picked":["Bloodletting","Perfected Strike"],"picked":"Flame Barrier","floor":1.0},{"not_picked":["Flex","Blood for Blood"],"picked":"Armaments","floor":3.0},{"not_picked":["Corruption","Armaments","Entrench"],"picked":"SKIP","floor":5.0},{"not_picked":["Clash","Ghostly Armor","Reckless Charge"],"picked":"Singing Bowl","floor":7.0},{"not_picked":["Headbutt","Corruption"],"picked":"Wild Strike","floor":12.0},{"not_picked":["Heavy Blade","Fire Breathing"],"picked":"Spot Weakness","floor":13.0},{"not_picked":["Second Wind","Seeing Red"],"picked":"Battle Trance","floor":14.0},{"not_picked":["Dark Embrace","Barricade"],"picked":"Fiend Fire","floor":16.0},{"not_picked":["Burning Pact","Thunderclap"],"picked":"Combust","floor":18.0},{"not_picked":["Clash","Feel No Pain"],"picked":"Evolve","floor":21.0}],"player_experience":2776207,"relics_obtained":[{"floor":7.0,"key":"Singing Bowl"},{"floor":9.0,"key":"Anchor"},{"floor":11.0,"key":"Strawberry"},{"floor":12.0,"key":"War Paint"},{"floor":20.0,"key":"Mummified Hand"}],"event_choices":[{"damage_healed":0.0,"max_hp_gain":0.0,"max_hp_loss":0.0,"gold_gain":0.0,"event_name":"Scrap Ooze","player_choice":"Success","floor":2.0,"gold_loss":0.0,"damage_taken":5.0,"relics_obtained":["Tiny Chest"]},{"damage_healed":17.0,"max_hp_gain":0.0,"max_hp_loss":0.0,"gold_gain":0.0,"event_name":"The Library","player_choice":"Heal","floor":19.0,"gold_loss":0.0,"damage_taken":0.0}],"is_beta":false,"boss_relics":[{"not_picked":["Orrery","Runic Dome"],"picked":"Black Blood"}],"items_purged_floors":[],"is_endless":false,"potions_floor_spawned":[1,3,14,16],"killed_by":"Shelled Parasite and Fungi","ascension_level":20}