{"gold_per_floor":[112,132,132,232,251,284,284,294,344,377,13,29,42,53,53,151,151,169,183,15,15,15,15,31,31,55,73,73,1,1,18,18,117,117,137,14,29,81,81,98,117,133,157,157,157,172,172],"floor_reached":47,"playtime":2077,"items_purged":["Pain","Writhe"],"score":510,"play_id":"e8139ede-42fd-4ea1-b867-56fe670af2c8","local_time":"20190824121616","is_ascension_mode":true,"campfire_choices":[{"floor":7,"key":"REST"},{"floor":15,"key":"REST"},{"data":"Electrodynamics","floor":23,"key":"SMITH"},{"data":"Chill","floor":25,"key":"SMITH"},{"floor":28,"key":"REST"},{"floor":30,"key":"REST"},{"data":"Echo Form","floor":32,"key":"SMITH"},{"floor":44,"key":"REST"}],"neow_cost":"NONE","seed_source_timestamp":559393499191994,"circlet_count":0,"master_deck":["Strike_B","Strike_B","Strike_B","Strike_B","Defend_B+1","Defend_B+1","Defend_B","Defend_B","Zap","Dualcast","Gash","Sweeping Beam","Chill+1","Sunder+1","Cold Snap+1","Force Field","Defragment","Steam","Sunder+1","Conserve Battery","Doom and Gloom+1","Electrodynamics+1","Writhe","BootSequence","Echo Form+1","Conserve Battery","Turbo","Compile Driver+1","Streamline+1","Defragment","Buffer","Go for the Eyes+1","Conserve Battery","Sweeping Beam+1","White Noise","Leap","Steam","Reinforced Body+1","Deep Breath","Recycle+1"],"relics":["Cracked Core","War Paint","Molten Egg 2","Centennial Puzzle","Anchor","Ornamental Fan","Mercury Hourglass","Calling Bell","Ancient Tea Set","Blue Candle","Mango","Nilry\u0027s Codex","PreservedInsect","Busted Crown","Ice Cream","Lantern"],"potions_floor_usage":[5,16,24,27,27,33,38,38],"damage_taken":[{"damage":0,"enemies":"2 Louse","floor":1,"turns":2},{"damage":0,"enemies":"Cultist","floor":2,"turns":3},{"damage":12,"enemies":"Jaw Worm","floor":5,"turns":2},{"damage":20,"enemies":"Gremlin Nob","floor":6,"turns":4},{"damage":6,"enemies":"Blue Slaver","floor":8,"turns":3},{"damage":16,"enemies":"3 Sentries","floor":10,"turns":5},{"damage":0,"enemies":"2 Fungi Beasts","floor":12,"turns":2},{"damage":1,"enemies":"Exordium Wildlife","floor":13,"turns":3},{"damage":0,"enemies":"Blue Slaver","floor":14,"turns":2},{"damage":4,"enemies":"Slime Boss","floor":16,"turns":7},{"damage":3,"enemies":"Chosen","floor":18,"turns":4},{"damage":12,"enemies":"3 Byrds","floor":19,"turns":3},{"damage":16,"enemies":"Snake Plant","floor":24,"turns":3},{"damage":34,"enemies":"3 Cultists","floor":27,"turns":6},{"damage":6,"enemies":"Snecko","floor":31,"turns":3},{"damage":72,"enemies":"Champ","floor":33,"turns":12},{"damage":8,"enemies":"Orb Walker","floor":35,"turns":4},{"damage":1,"enemies":"3 Shapes","floor":37,"turns":5},{"damage":7,"enemies":"2 Orb Walkers","floor":38,"turns":4},{"damage":8,"enemies":"Sphere and 2 Shapes","floor":40,"turns":4},{"damage":5,"enemies":"3 Darklings","floor":41,"turns":3},{"damage":10,"enemies":"Jaw Worm Horde","floor":42,"turns":5},{"damage":31,"enemies":"Transient","floor":46,"turns":5},{"damage":104,"enemies":"Giant Head","floor":47,"turns":8}],"seed_played":"-1457257517283948169","potions_obtained":[{"floor":1,"key":"FearPotion"},{"floor":8,"key":"Swift Potion"},{"floor":10,"key":"SpeedPotion"},{"floor":12,"key":"Weak Potion"},{"floor":14,"key":"Poison Potion"},{"floor":18,"key":"AttackPotion"},{"floor":31,"key":"PowerPotion"},{"floor":35,"key":"Swift Potion"},{"floor":37,"key":"PowerPotion"},{"floor":41,"key":"FairyPotion"},{"floor":42,"key":"SpeedPotion"}],"is_trial":false,"path_per_floor":["M","M","?","?","M","E","R","M","T","E","$","M","M","M","R","B",null,"M","M","$","?","?","R","M","R","T","M","R","$","R","M","R","B",null,"M","$","M","?","?","M","M","M","T","R","?","M","E"],"character_chosen":"DEFECT","items_purchased":["Mercury Hourglass","Defragment","Steam","Conserve Battery","Turbo","Defragment","Conserve Battery"],"campfire_rested":5,"item_purchase_floors":[11,11,11,20,20,29,36],"current_hp_per_floor":[75,75,72,72,60,40,62,56,56,40,40,40,39,39,61,57,89,86,74,74,58,87,87,71,71,71,37,63,63,89,83,83,11,89,81,81,80,73,73,65,60,50,50,76,76,45,0],"gold":172,"neow_bonus":"RANDOM_COMMON_RELIC","is_prod":false,"is_daily":false,"chose_seed":false,"campfire_upgraded":3,"win_rate":0,"timestamp":1566659776,"path_taken":["M","M","?","?","M","E","R","M","T","E","$","M","?","M","R","BOSS","M","M","$","?","?","R","M","R","T","M","R","$","R","M","R","BOSS","M","$","M","?","?","M","M","M","T","R","?","?","E"],"build_version":"2019-07-17","purchased_purges":2,"victory":false,"max_hp_per_floor":[75,75,75,75,75,75,75,75,75,75,75,75,75,75,75,75,89,89,89,89,89,89,89,89,89,89,89,89,89,89,89,89,89,89,89,89,89,89,89,89,89,89,89,89,89,89,89],"card_choices":[{"not_picked":["Double Energy","Ball Lightning"],"picked":"Gash","floor":1},{"not_picked":["Reprogram","Storm"],"picked":"Sweeping Beam","floor":2},{"not_picked":["Defragment","Fission"],"picked":"Chill","floor":5},{"not_picked":["Loop","White Noise"],"picked":"Sunder+1","floor":6},{"not_picked":["Sweeping Beam+1","Compile Driver+1"],"picked":"Cold Snap+1","floor":8},{"not_picked":["Tempest","Consume"],"picked":"Force Field","floor":10},{"not_picked":["Ball Lightning+1","Rip and Tear+1"],"picked":"Sunder+1","floor":12},{"not_picked":["Reprogram","Hologram"],"picked":"Conserve Battery","floor":13},{"not_picked":["Blizzard+1","Rip and Tear+1"],"picked":"Doom and Gloom+1","floor":14},{"not_picked":["Amplify","Seek"],"picked":"Electrodynamics","floor":16},{"not_picked":["Turbo+1","Glacier+1"],"picked":"BootSequence","floor":18},{"not_picked":["Streamline+1","Capacitor+1"],"picked":"Echo Form","floor":19},{"not_picked":["Defragment","Streamline+1"],"picked":"Compile Driver+1","floor":24},{"not_picked":["Recycle","Hologram"],"picked":"Streamline+1","floor":27},{"not_picked":["Barrage+1","Ball Lightning+1"],"picked":"Chill+1","floor":31},{"not_picked":["All For One+1","Creative AI"],"picked":"Buffer","floor":33},{"not_picked":[],"picked":"Go for the Eyes+1","floor":35},{"not_picked":[],"picked":"Sweeping Beam+1","floor":37},{"not_picked":[],"picked":"White Noise","floor":38},{"not_picked":[],"picked":"Leap","floor":40},{"not_picked":[],"picked":"Steam","floor":41},{"not_picked":[],"picked":"Reinforced Body+1","floor":42},{"not_picked":[],"picked":"Deep Breath","floor":45},{"not_picked":[],"picked":"Recycle+1","floor":46}],"player_experience":345132,"relics_obtained":[{"floor":6,"key":"Centennial Puzzle"},{"floor":9,"key":"Anchor"},{"floor":10,"key":"Ornamental Fan"},{"floor":17,"key":"Ancient Tea Set"},{"floor":17,"key":"Blue Candle"},{"floor":17,"key":"Mango"},{"floor":21,"key":"Nilry\u0027s Codex"},{"floor":26,"key":"PreservedInsect"},{"floor":38,"key":"Ice Cream"},{"floor":43,"key":"Lantern"}],"event_choices":[{"damage_healed":0,"gold_gain":0,"player_choice":"Success","damage_taken":3,"relics_obtained":["Molten Egg 2"],"max_hp_gain":0,"max_hp_loss":0,"event_name":"Scrap Ooze","floor":3,"gold_loss":0},{"damage_healed":0,"gold_gain":100,"player_choice":"Pray","damage_taken":0,"max_hp_gain":0,"max_hp_loss":0,"event_name":"Golden Shrine","floor":4,"gold_loss":0},{"damage_healed":0,"gold_gain":0,"player_choice":"Obtained Book","damage_taken":16,"max_hp_gain":0,"max_hp_loss":0,"event_name":"Cursed Tome","floor":21,"gold_loss":0},{"damage_healed":29,"gold_gain":0,"player_choice":"Heal","damage_taken":0,"max_hp_gain":0,"max_hp_loss":0,"event_name":"The Library","floor":22,"gold_loss":0},{"damage_healed":0,"gold_gain":0,"player_choice":"Fight","damage_taken":0,"max_hp_gain":0,"max_hp_loss":0,"event_name":"Mysterious Sphere","floor":38,"gold_loss":0},{"cards_removed":["Chill"],"damage_healed":0,"gold_gain":0,"player_choice":"Removed Skill","damage_taken":0,"max_hp_gain":0,"max_hp_loss":0,"event_name":"Falling","floor":39,"gold_loss":0},{"damage_healed":0,"gold_gain":0,"player_choice":"Memory 1","damage_taken":0,"max_hp_gain":0,"max_hp_loss":0,"event_name":"SensoryStone","floor":45,"gold_loss":0}],"is_beta":false,"boss_relics":[{"not_picked":["Empty Cage","Snecko Eye"],"picked":"Calling Bell"},{"not_picked":["Astrolabe","Runic Dome"],"picked":"Busted Crown"}],"items_purged_floors":[20,36],"is_endless":false,"potions_floor_spawned":[1,8,10,12,14,18,31,35,37,41,42],"killed_by":"Giant Head","ascension_level":2}