{"gold_per_floor":[114,129,144,159,110,110,110,19,69,69,84,99,114,129,129,229,229,244,259,6,6,6,6,36,36,111,126,141,156,156,171,171,171],"floor_reached":33,"playtime":2661,"items_purged":[],"score":313,"play_id":"518954ab-e28f-4238-abe3-6fce03683d4d","local_time":"20190819145559","daily_mods":["Draft","Colorless Cards","Lethality"],"is_ascension_mode":false,"campfire_choices":[{"floor":6,"key":"REST"},{"data":"Accuracy","floor":10,"key":"SMITH"},{"floor":15,"key":"REST"},{"floor":23,"key":"REST"},{"floor":25,"key":"REST"},{"floor":30,"key":"REST"},{"floor":32,"key":"REST"}],"neow_cost":"","seed_source_timestamp":0,"circlet_count":0,"master_deck":["Slice","Quick Slash","Distraction","Poisoned Stab","Backflip","Poisoned Stab","PiercingWail","Catalyst","Cloak And Dagger","Dagger Throw","Deadly Poison","Poisoned Stab","Slice","Deadly Poison","Deadly Poison","Blade Dance","Deadly Poison","Slice","Bouncing Flask","Accuracy+1","Blade Dance","Dagger Spray","Blur","Enlightenment","Endless Agony","Apotheosis","Good Instincts+1","Backflip","Cloak And Dagger","J.A.X.","Backflip","Quick Slash","PanicButton+1","Sucker Punch+1","Dagger Spray"],"special_seed":18127,"relics":["Ring of the Snake","Snake Skull","Black Star","TwistedFunnel","Orichalcum","Potion Belt","Kunai"],"potions_floor_usage":[18,18,19,29],"damage_taken":[{"damage":0,"enemies":"Small Slimes","floor":1,"turns":2},{"damage":0,"enemies":"Cultist","floor":2,"turns":2},{"damage":14,"enemies":"Jaw Worm","floor":3,"turns":2},{"damage":18,"enemies":"3 Louse","floor":4,"turns":2},{"damage":9,"enemies":"Exordium Wildlife","floor":11,"turns":3},{"damage":0,"enemies":"Lots of Slimes","floor":12,"turns":1},{"damage":13,"enemies":"Large Slime","floor":13,"turns":2},{"damage":16,"enemies":"Red Slaver","floor":14,"turns":2},{"damage":32,"enemies":"Hexaghost","floor":16,"turns":5},{"damage":11,"enemies":"2 Thieves","floor":18,"turns":3},{"damage":16,"enemies":"Chosen","floor":19,"turns":2},{"damage":16,"enemies":"Gremlin Leader","floor":24,"turns":4},{"damage":13,"enemies":"Centurion and Healer","floor":27,"turns":4},{"damage":3,"enemies":"3 Cultists","floor":28,"turns":3},{"damage":3,"enemies":"Snake Plant","floor":29,"turns":2},{"damage":17,"enemies":"Shelled Parasite and Fungi","floor":31,"turns":3},{"damage":88,"enemies":"Automaton","floor":33,"turns":6}],"seed_played":"-1712421257355705167","potions_obtained":[{"floor":2,"key":"Ancient Potion"},{"floor":3,"key":"Block Potion"},{"floor":12,"key":"Block Potion"},{"floor":13,"key":"Fire Potion"},{"floor":27,"key":"Dexterity Potion"},{"floor":28,"key":"PowerPotion"},{"floor":31,"key":"Dexterity Potion"}],"is_trial":false,"path_per_floor":["M","M","M","M","?","R","?","$","T","R","M","M","M","M","R","B",null,"M","M","$","?","?","R","E","R","T","M","M","M","R","M","R","B"],"character_chosen":"THE_SILENT","items_purchased":["Accuracy","Blade Dance","TwistedFunnel","Cloak And Dagger"],"campfire_rested":6,"item_purchase_floors":[8,8,20,20],"current_hp_per_floor":[70,70,56,38,38,59,70,70,70,70,61,61,48,32,53,21,70,59,43,43,43,43,64,48,69,69,56,53,50,70,53,70,0],"gold":171,"neow_bonus":"","is_prod":false,"is_daily":true,"chose_seed":false,"campfire_upgraded":1,"win_rate":0,"timestamp":1566237359,"path_taken":["M","M","M","M","?","R","?","$","T","R","M","M","?","M","R","BOSS","M","M","$","?","?","R","E","R","T","M","M","M","R","M","R","BOSS"],"build_version":"2019-07-17","purchased_purges":0,"victory":false,"max_hp_per_floor":[70,70,70,70,70,70,70,70,70,70,70,70,70,70,70,70,70,70,70,70,70,70,70,70,70,70,70,70,70,70,70,70,70],"card_choices":[{"not_picked":["Expertise","Flying Knee"],"picked":"Slice","floor":0},{"not_picked":["Sucker Punch","All Out Attack"],"picked":"Quick Slash","floor":0},{"not_picked":["Expertise","Outmaneuver"],"picked":"Distraction","floor":0},{"not_picked":["Leg Sweep","Deflect"],"picked":"Poisoned Stab","floor":0},{"not_picked":["Outmaneuver","Deflect"],"picked":"Backflip","floor":0},{"not_picked":["Masterful Stab","PiercingWail"],"picked":"Poisoned Stab","floor":0},{"not_picked":["Deflect","Flying Knee"],"picked":"PiercingWail","floor":0},{"not_picked":["Blur","Quick Slash"],"picked":"Catalyst","floor":0},{"not_picked":["Dodge and Roll","Deflect"],"picked":"Cloak And Dagger","floor":0},{"not_picked":["Quick Slash","Deflect"],"picked":"Dagger Throw","floor":0},{"not_picked":["Quick Slash","Bane"],"picked":"Deadly Poison","floor":0},{"not_picked":["Underhanded Strike","Escape Plan"],"picked":"Poisoned Stab","floor":0},{"not_picked":["PiercingWail","Expertise"],"picked":"Slice","floor":0},{"not_picked":["Bane","Underhanded Strike"],"picked":"Deadly Poison","floor":0},{"not_picked":["Expertise","Deep Breath"],"picked":"Deadly Poison","floor":0},{"not_picked":["Sucker Punch","Backstab"],"picked":"Blade Dance","floor":1},{"not_picked":["Underhanded Strike","Sucker Punch"],"picked":"Deadly Poison","floor":2},{"not_picked":["Underhanded Strike","Poisoned Stab"],"picked":"Slice","floor":3},{"not_picked":["Prepared","Panacea"],"picked":"Bouncing Flask","floor":4},{"not_picked":["Acrobatics","Riddle With Holes"],"picked":"Dagger Spray","floor":11},{"not_picked":["Leg Sweep","Calculated Gamble"],"picked":"Blur","floor":12},{"not_picked":["Dagger Throw","PiercingWail"],"picked":"Enlightenment","floor":13},{"not_picked":["Good Instincts","Dagger Throw"],"picked":"Endless Agony","floor":14},{"not_picked":["Thinking Ahead","Envenom"],"picked":"Apotheosis","floor":16},{"not_picked":["Bouncing Flask+1","Choke"],"picked":"Good Instincts+1","floor":18},{"not_picked":["Quick Slash+1","Deflect"],"picked":"Backflip","floor":19},{"not_picked":["Infinite Blades","Acrobatics"],"picked":"Backflip","floor":24},{"not_picked":["Sucker Punch+1","Dagger Throw"],"picked":"Quick Slash","floor":27},{"not_picked":["Acrobatics+1","Cloak And Dagger"],"picked":"PanicButton+1","floor":28},{"not_picked":["Impatience+1","Outmaneuver+1"],"picked":"Sucker Punch+1","floor":29},{"not_picked":["Predator","PiercingWail"],"picked":"Dagger Spray","floor":31}],"player_experience":332177,"relics_obtained":[{"floor":9,"key":"Snake Skull"},{"floor":24,"key":"Orichalcum"},{"floor":24,"key":"Potion Belt"},{"floor":26,"key":"Kunai"}],"event_choices":[{"damage_healed":0,"gold_gain":0,"player_choice":"Left Gold","damage_taken":0,"max_hp_gain":0,"max_hp_loss":0,"event_name":"World of Goop","floor":5,"gold_loss":49},{"damage_healed":11,"gold_gain":0,"player_choice":"Full Heal","damage_taken":0,"max_hp_gain":0,"max_hp_loss":0,"event_name":"Wheel of Change","floor":7,"gold_loss":0},{"damage_healed":0,"gold_gain":0,"player_choice":"Ignored","damage_taken":0,"max_hp_gain":0,"max_hp_loss":0,"event_name":"Vampires","floor":21,"gold_loss":0},{"damage_healed":0,"gold_gain":0,"player_choice":"Obtain J.A.X.","damage_taken":0,"max_hp_gain":0,"max_hp_loss":0,"event_name":"Drug Dealer","floor":22,"gold_loss":0,"cards_obtained":["J.A.X."]}],"is_beta":false,"boss_relics":[{"not_picked":["Snecko Eye","HoveringKite"],"picked":"Black Star"}],"items_purged_floors":[],"is_endless":false,"potions_floor_spawned":[2,3,12,13,27,28,31],"killed_by":"Automaton","ascension_level":0}