{"gold_per_floor":[116,134,107,122,122,122,152,152,152,167,16,31,90,118,130,246,258,281,293,317,345,373,385,410,422,434,456,468,497,520,542,554,566],"floor_reached":33,"playtime":2800,"items_purged":[],"score":263,"play_id":"ad1155fb-44ed-4217-a5e6-ea6784c2dd5d","local_time":"20190626165407","is_ascension_mode":false,"campfire_choices":[{"data":"Dramatic Entrance","floor":6,"key":"SMITH"},{"floor":8,"key":"REST"},{"floor":15,"key":"REST"},{"data":"Capacitor","floor":23,"key":"SMITH"},{"floor":28,"key":"REST"},{"floor":32,"key":"REST"}],"neow_cost":"NONE","seed_source_timestamp":582384665779824,"circlet_count":0,"master_deck":["Strike_B","Strike_B","Strike_B","Strike_B","Defend_B","Defend_B","Defend_B","Defend_B","Zap","Dualcast","Dramatic Entrance+1","Rip and Tear","BootSequence","Chill","Beam Cell","Compile Driver","Static Discharge","Go for the Eyes","Tempest","All For One","Sweeping Beam+1","Capacitor+1","Beam Cell+1","Genetic Algorithm","Electrodynamics","Capacitor","Stack","Defragment","Redo+1","Defragment"],"relics":["FrozenCore","Ornamental Fan","Oddly Smooth Stone","Orichalcum","MawBank","Nloth\u0027s Gift","Bottled Lightning"],"potions_floor_usage":[7,7,21,21,21,31,31],"damage_taken":[{"damage":1,"enemies":"Cultist","floor":1,"turns":3},{"damage":8,"enemies":"2 Louse","floor":2,"turns":2},{"damage":0,"enemies":"Small Slimes","floor":4,"turns":2},{"damage":15,"enemies":"Lagavulin","floor":7,"turns":4},{"damage":0,"enemies":"3 Louse","floor":10,"turns":2},{"damage":0,"enemies":"2 Fungi Beasts","floor":12,"turns":2},{"damage":21,"enemies":"Lagavulin Event","floor":13,"turns":5},{"damage":16,"enemies":"Gremlin Nob","floor":14,"turns":4},{"damage":23,"enemies":"The Guardian","floor":16,"turns":9},{"damage":0,"enemies":"Shell Parasite","floor":18,"turns":5},{"damage":13,"enemies":"Spheric Guardian","floor":20,"turns":5},{"damage":5,"enemies":"Snecko","floor":21,"turns":5},{"damage":4,"enemies":"3 Cultists","floor":22,"turns":5},{"damage":2,"enemies":"Chosen and Byrds","floor":24,"turns":6},{"damage":22,"enemies":"Snecko","floor":27,"turns":6},{"damage":13,"enemies":"Snake Plant","floor":29,"turns":6},{"damage":2,"enemies":"Chosen and Byrds","floor":30,"turns":7},{"damage":0,"enemies":"3 Cultists","floor":31,"turns":3},{"damage":80,"enemies":"Automaton","floor":33,"turns":12}],"seed_played":"-4223153761823922630","potions_obtained":[{"floor":2,"key":"Fire Potion"},{"floor":4,"key":"SkillPotion"},{"floor":7,"key":"FearPotion"},{"floor":13,"key":"Energy Potion"},{"floor":14,"key":"Regen Potion"},{"floor":18,"key":"Fruit Juice"},{"floor":24,"key":"Poison Potion"},{"floor":30,"key":"Strength Potion"},{"floor":31,"key":"Weak Potion"}],"is_trial":false,"path_per_floor":["M","M","?","M","?","R","E","R","T","M","$","M","?","E","R","B",null,"M","?","M","M","M","R","M","?","T","M","R","M","M","M","R","B"],"character_chosen":"DEFECT","items_purchased":["Orichalcum"],"campfire_rested":4,"item_purchase_floors":[11],"current_hp_per_floor":[74,66,66,66,66,66,51,73,73,73,73,73,52,36,58,35,75,75,75,62,76,72,72,70,70,70,48,72,59,57,57,80,0],"gold":566,"neow_bonus":"RANDOM_COLORLESS","is_prod":false,"is_daily":false,"chose_seed":false,"campfire_upgraded":2,"win_rate":0.0,"timestamp":1561578847,"path_taken":["M","?","?","M","?","R","E","R","T","M","$","M","?","E","R","BOSS","M","?","M","?","?","R","M","?","T","M","R","M","M","M","R","BOSS"],"build_version":"2019-01-23","purchased_purges":0,"victory":false,"max_hp_per_floor":[75,75,75,75,75,75,75,75,75,75,75,75,75,75,75,75,75,75,75,75,80,80,80,80,80,80,80,80,80,80,80,80,80],"card_choices":[{"not_picked":["Consume","Barrage"],"picked":"Rip and Tear","floor":1},{"not_picked":["Cold Snap","Stack"],"picked":"BootSequence","floor":2},{"not_picked":["Defragment","Steam"],"picked":"Chill","floor":4},{"not_picked":["Consume","Redo"],"picked":"Beam Cell","floor":7},{"not_picked":["Blizzard","BootSequence"],"picked":"Compile Driver","floor":10},{"not_picked":["Cold Snap","Heatsinks"],"picked":"Static Discharge","floor":12},{"not_picked":["Stack","Barrage"],"picked":"Go for the Eyes","floor":13},{"not_picked":["Static Discharge","Chill"],"picked":"Tempest","floor":14},{"not_picked":["Seek","Rainbow"],"picked":"All For One","floor":16},{"not_picked":["Leap+1","Barrage"],"picked":"Sweeping Beam+1","floor":18},{"not_picked":["Static Discharge","Coolheaded+1"],"picked":"Capacitor","floor":20},{"not_picked":["Cold Snap","Reprogram+1"],"picked":"Beam Cell+1","floor":21},{"not_picked":["Go for the Eyes","Reprogram"],"picked":"Genetic Algorithm","floor":22},{"not_picked":["Glacier+1","Compile Driver"],"picked":"Electrodynamics","floor":24},{"not_picked":["Hologram","Coolheaded"],"picked":"Stack","floor":27},{"not_picked":["Cold Snap","Blizzard"],"picked":"Defragment","floor":29},{"not_picked":["Leap","Steam+1"],"picked":"Redo+1","floor":30},{"not_picked":["Streamline","Scrape"],"picked":"Defragment","floor":31}],"player_experience":8354,"relics_obtained":[{"floor":7,"key":"Ornamental Fan"},{"floor":9,"key":"Oddly Smooth Stone"},{"floor":14,"key":"MawBank"},{"floor":26,"key":"Bottled Lightning"}],"event_choices":[{"damage_healed":0,"gold_gain":0,"player_choice":"Left Gold","damage_taken":0,"max_hp_gain":0,"max_hp_loss":0,"event_name":"World of Goop","floor":3,"gold_loss":27},{"damage_healed":0,"gold_gain":0,"player_choice":"Ignored","damage_taken":0,"max_hp_gain":0,"max_hp_loss":0,"event_name":"Liars Game","floor":5,"gold_loss":0},{"damage_healed":0,"gold_gain":30,"player_choice":"Searched \u00273\u0027 times","damage_taken":0,"relics_obtained":["Vajra"],"max_hp_gain":0,"max_hp_loss":0,"event_name":"Dead Adventurer","floor":13,"gold_loss":0},{"damage_healed":0,"gold_gain":0,"player_choice":"Traded Relic","damage_taken":0,"relics_obtained":["Nloth\u0027s Gift"],"max_hp_gain":0,"max_hp_loss":0,"event_name":"N\u0027loth","floor":19,"relics_lost":["Vajra"],"gold_loss":0},{"damage_healed":0,"gold_gain":0,"player_choice":"Read","damage_taken":0,"max_hp_gain":0,"max_hp_loss":0,"event_name":"The Library","floor":25,"gold_loss":0,"cards_obtained":["Capacitor"]}],"is_beta":false,"boss_relics":[{"not_picked":["Orrery","Velvet Choker"],"picked":"FrozenCore"}],"items_purged_floors":[],"is_endless":false,"potions_floor_spawned":[2,4,7,13,14,18,20,24,30,31],"killed_by":"Automaton","ascension_level":0}