{"gold_per_floor":[114,114,130,144,419,419,430,430,430,440,452,452,471,471,471,568,568,581,601,11,11,0,0,15,25,25,54,54,16,41,41,41,41],"floor_reached":33,"playtime":1685,"items_purged":[],"score":380,"play_id":"10342d0d-fc76-4cf4-85b0-e4811e750d7a","local_time":"20190925085435","is_ascension_mode":true,"campfire_choices":[{"data":"Deadly Poison","floor":6.0,"key":"SMITH"},{"floor":8.0,"key":"REST"},{"floor":12.0,"key":"REST"},{"data":"Crippling Poison","floor":15.0,"key":"SMITH"},{"data":"Blade Dance","floor":23.0,"key":"SMITH"},{"floor":28,"key":"REST"},{"floor":32,"key":"REST"}],"neow_cost":"NONE","seed_source_timestamp":0,"circlet_count":0,"master_deck":["Strike_G","Strike_G","Strike_G","Strike_G","Strike_G","Defend_G","Defend_G","Defend_G","Defend_G","Defend_G","Survivor","After Image","Blade Dance+1","Neutralize","Predator","Bandage Up","Deadly Poison+1","Footwork","Regret","Endless Agony","Cloak And Dagger","Crippling Poison+1","Backflip","Outmaneuver","Glass Knife","Backflip+1","Dagger Spray+1","The Bomb","Poisoned Stab","Infinite Blades","Acrobatics","Deadly Poison","Finisher+1","Endless Agony","Endless Agony","Endless Agony+1","Shame"],"special_seed":0,"relics":["Ring of the Snake","Eternal Feather","WristBlade","Pear","Shuriken","Singing Bowl","Ancient Tea Set","Regal Pillow","Darkstone Periapt"],"potions_floor_usage":[33,33,33],"damage_taken":[{"damage":0.0,"enemies":"Small Slimes","floor":1.0,"turns":6.0},{"damage":2.0,"enemies":"Cultist","floor":3.0,"turns":3.0},{"damage":7.0,"enemies":"Jaw Worm","floor":4.0,"turns":4.0},{"damage":33.0,"enemies":"Lots of Slimes","floor":7.0,"turns":5.0},{"damage":31.0,"enemies":"Large Slime","floor":10.0,"turns":6.0},{"damage":4.0,"enemies":"Gremlin Gang","floor":11.0,"turns":3.0},{"damage":2.0,"enemies":"2 Fungi Beasts","floor":13.0,"turns":3.0},{"damage":37.0,"enemies":"The Guardian","floor":16.0,"turns":11.0},{"damage":17.0,"enemies":"2 Thieves","floor":18.0,"turns":4.0},{"damage":6.0,"enemies":"Chosen","floor":19.0,"turns":4.0},{"damage":20.0,"enemies":"Centurion and Healer","floor":24.0,"turns":4.0},{"damage":9.0,"enemies":"Cultist and Chosen","floor":25.0,"turns":4.0},{"damage":36,"enemies":"Slavers","floor":27,"turns":5},{"damage":57,"enemies":"Gremlin Leader","floor":30,"turns":5},{"damage":85,"enemies":"Champ","floor":33,"turns":11}],"seed_played":"-2317900281632680935","potions_obtained":[{"floor":4.0,"key":"FearPotion"},{"floor":10.0,"key":"Fire Potion"},{"floor":13.0,"key":"GamblersBrew"},{"floor":16.0,"key":"AttackPotion"},{"floor":18.0,"key":"Explosive Potion"},{"floor":19.0,"key":"SpeedPotion"},{"floor":30,"key":"SkillPotion"}],"is_trial":false,"path_per_floor":["M","?","M","M","?","R","M","R","T","M","M","R","M","?","R","B",null,"M","M","$","?","?","R","M","M","T","E","R","$","E","?","R","B"],"character_chosen":"THE_SILENT","items_purchased":["The Bomb","Pear","Poisoned Stab","Infinite Blades","Acrobatics","Endless Agony"],"campfire_rested":4,"item_purchase_floors":[20,20,20,20,20,29],"current_hp_per_floor":[70,70,70,67,67,67,38,59,59,32,28,61,63,63,70,37,70,57,55,65,65,65,80,64,55,55,23,65,65,12,18,79,0],"gold":41,"neow_bonus":"ONE_RANDOM_RARE_CARD","is_prod":false,"is_daily":false,"chose_seed":false,"campfire_upgraded":3,"win_rate":0,"timestamp":1569412475,"path_taken":["M","?","?","M","?","R","M","R","T","M","?","R","M","?","R","BOSS","M","?","$","?","?","R","M","M","T","E","R","$","E","?","R","BOSS"],"build_version":"2019-09-24","purchased_purges":0,"victory":false,"max_hp_per_floor":[70,70,70,70,70,70,70,70,70,70,70,70,70,70,70,70,70,70,70,80,80,80,80,80,80,80,80,80,80,80,86,86,86],"card_choices":[{"not_picked":["Dodge and Roll","Flying Knee"],"picked":"Blade Dance","floor":1.0},{"not_picked":["Flying Knee","Distraction"],"picked":"Deadly Poison","floor":3.0},{"not_picked":["Skewer","Concentrate"],"picked":"Footwork","floor":4.0},{"not_picked":["Outmaneuver","Underhanded Strike"],"picked":"Endless Agony","floor":7.0},{"not_picked":["Wraith Form v2","Deflect"],"picked":"Cloak And Dagger","floor":10.0},{"not_picked":["Slice","Skewer"],"picked":"Crippling Poison","floor":11.0},{"not_picked":["Dodge and Roll","Cloak And Dagger"],"picked":"Backflip","floor":13.0},{"not_picked":["A Thousand Cuts","Phantasmal Killer"],"picked":"Glass Knife","floor":16.0},{"not_picked":["Sucker Punch+1","Tactician"],"picked":"Backflip+1","floor":18.0},{"not_picked":["Deflect","PiercingWail"],"picked":"Dagger Spray+1","floor":19.0},{"not_picked":["Cloak And Dagger+1","Poisoned Stab+1"],"picked":"Deadly Poison","floor":24.0},{"not_picked":["Flechettes","Bane+1"],"picked":"Finisher+1","floor":25.0},{"not_picked":["Burst","Reflex"],"picked":"Endless Agony","floor":27},{"not_picked":["Escape Plan+1","Infinite Blades"],"picked":"Endless Agony+1","floor":30}],"player_experience":428875,"relics_obtained":[{"floor":9.0,"key":"Eternal Feather"},{"floor":26.0,"key":"Singing Bowl"},{"floor":27,"key":"Ancient Tea Set"},{"floor":30,"key":"Regal Pillow"}],"event_choices":[{"damage_healed":0.0,"max_hp_gain":0.0,"max_hp_loss":0.0,"gold_gain":0.0,"event_name":"Match and Keep!","player_choice":"3 cards matched","floor":2.0,"gold_loss":0.0,"damage_taken":0.0,"cards_obtained":["Neutralize","Predator","Bandage Up"]},{"damage_healed":0.0,"max_hp_gain":0.0,"max_hp_loss":0.0,"gold_gain":275.0,"event_name":"Golden Shrine","player_choice":"Desecrate","floor":5.0,"gold_loss":0.0,"damage_taken":0.0,"cards_obtained":["Regret"]},{"damage_healed":0.0,"max_hp_gain":0.0,"max_hp_loss":0.0,"gold_gain":0.0,"cards_transformed":["Neutralize"],"event_name":"Transmorgrifier","player_choice":"Transformed","floor":14.0,"gold_loss":0.0,"damage_taken":0.0,"cards_obtained":["Outmaneuver"]},{"damage_healed":0.0,"max_hp_gain":0.0,"max_hp_loss":0.0,"gold_gain":0.0,"event_name":"The Mausoleum","player_choice":"Opened","floor":21.0,"gold_loss":0.0,"damage_taken":0.0,"relics_obtained":["Shuriken"]},{"damage_healed":0.0,"max_hp_gain":0.0,"max_hp_loss":0.0,"gold_gain":0.0,"event_name":"Masked Bandits","player_choice":"Paid Fearfully","floor":22.0,"gold_loss":11.0,"damage_taken":0.0},{"damage_healed":0,"gold_gain":0,"player_choice":"Stole Relic","damage_taken":0,"relics_obtained":["Darkstone Periapt"],"max_hp_gain":0,"max_hp_loss":0,"event_name":"Addict","floor":31,"gold_loss":0,"cards_obtained":["Shame"]}],"is_beta":true,"boss_relics":[{"not_picked":["SacredBark","Ectoplasm"],"picked":"WristBlade"}],"items_purged_floors":[],"is_endless":false,"potions_floor_spawned":[4,10,13,16,18,19,30],"killed_by":"Champ","ascension_level":2}