{"gold_per_floor":[113,12,12,30,30,58,58,77,77,90,105,105,116,130,130,234,234,254,268,286,286,286,316,316,336,359,372,372,399,359,416,416,517,517,536,536,312,312,312,312,326,356,382,382],"floor_reached":44,"playtime":3645,"items_purged":["Strike_G"],"score":575,"play_id":"b8797cf3-7a4b-4d8f-81b8-19f4e7a549c3","local_time":"20191025183631","is_ascension_mode":true,"campfire_choices":[{"data":"Cloak And Dagger","floor":12,"key":"SMITH"},{"data":"Neutralize","floor":15,"key":"SMITH"},{"floor":24,"key":"REST"},{"floor":32,"key":"REST"},{"floor":40,"key":"REST"}],"neow_cost":"NONE","seed_source_timestamp":863413897802000,"circlet_count":0,"master_deck":["Strike_G","Strike_G","Strike_G","Strike_G","Defend_G","Defend_G","Defend_G","Defend_G","Defend_G","Survivor","Neutralize+1","Poisoned Stab","Cloak And Dagger","Dagger Spray","Cloak And Dagger+1","Venomology","Noxious Fumes","Backstab","Envenom","Bane+1","All Out Attack+1","Die Die Die","Catalyst+1","Dodge and Roll","Blade Dance","Storm of Steel","Cloak And Dagger+1","Corpse Explosion","Accuracy","Decay"],"relics":["Ring of the Serpent","NeowsBlessing","Shuriken","Dodecahedron","Nilry\u0027s Codex","Art of War","Juzu Bracelet","Mercury Hourglass","Blood Vial","Tiny Chest","Cursed Key","Regal Pillow","Lantern","Happy Flower"],"potions_floor_usage":[11,14,16,18,19,23,23,27,27,27,29,31,31,31,42,42],"damage_taken":[{"damage":0,"enemies":"Cultist","floor":1,"turns":1},{"damage":0,"enemies":"2 Louse","floor":4,"turns":1},{"damage":0,"enemies":"3 Sentries","floor":6,"turns":1},{"damage":2,"enemies":"Jaw Worm","floor":8,"turns":5},{"damage":11,"enemies":"Large Slime","floor":10,"turns":6},{"damage":3,"enemies":"Gremlin Gang","floor":11,"turns":4},{"damage":0,"enemies":"Exordium Wildlife","floor":13,"turns":2},{"damage":3,"enemies":"Red Slaver","floor":14,"turns":3},{"damage":11,"enemies":"Slime Boss","floor":16,"turns":8},{"damage":0,"enemies":"Chosen","floor":18,"turns":4},{"damage":0,"enemies":"3 Byrds","floor":19,"turns":4},{"damage":2,"enemies":"Cultist and Chosen","floor":20,"turns":4},{"damage":22,"enemies":"Book of Stabbing","floor":23,"turns":4},{"damage":6,"enemies":"Centurion and Healer","floor":25,"turns":5},{"damage":26,"enemies":"Snake Plant","floor":27,"turns":5},{"damage":27,"enemies":"Slavers","floor":29,"turns":4},{"damage":5,"enemies":"Book of Stabbing","floor":31,"turns":5},{"damage":16,"enemies":"Automaton","floor":33,"turns":8},{"damage":32,"enemies":"3 Darklings","floor":35,"turns":3},{"damage":3,"enemies":"3 Shapes","floor":41,"turns":5},{"damage":48,"enemies":"Nemesis","floor":42,"turns":7},{"damage":0,"enemies":"Transient","floor":44,"turns":1}],"seed_played":"-1071507096973429248","potions_obtained":[{"floor":4,"key":"Strength Potion"},{"floor":5,"key":"Fire Potion"},{"floor":19,"key":"Regen Potion"},{"floor":27,"key":"GhostInAJar"},{"floor":29,"key":"PowerPotion"},{"floor":30,"key":"GhostInAJar"},{"floor":30,"key":"GhostInAJar"},{"floor":31,"key":"Ancient Potion"}],"is_trial":false,"path_per_floor":["M","$","$","M","?","E","$","M","T","M","M","R","M","M","R","B",null,"M","M","M","?","?","E","R","M","T","M","T","E","?","E","R","B",null,"M","?","$","?","?","R","M","E","T","M"],"character_chosen":"THE_SILENT","items_purchased":["Block Potion","Block Potion","Regal Pillow"],"campfire_rested":3,"item_purchase_floors":[2,2,37],"current_hp_per_floor":[70,70,70,70,70,70,70,68,68,57,54,54,54,51,51,40,70,70,70,68,52,52,30,51,45,45,33,33,6,6,3,24,10,70,38,38,38,38,38,70,67,21,21,23],"gold":382,"neow_bonus":"THREE_ENEMY_KILL","is_prod":false,"is_daily":false,"chose_seed":false,"campfire_upgraded":2,"win_rate":0,"timestamp":1572021391,"path_taken":["M","?","$","M","?","E","$","M","T","?","M","R","M","M","R","BOSS","M","M","?","?","?","E","R","M","T","M","?","E","?","E","R","BOSS","M","?","$","?","?","R","M","E","T","M"],"build_version":"2019-07-17","purchased_purges":1,"victory":false,"max_hp_per_floor":[70,70,70,70,70,70,70,70,70,70,70,70,70,70,70,70,70,70,70,70,70,70,70,70,70,70,70,70,70,70,70,70,70,70,70,70,70,70,70,70,70,70,70,70],"card_choices":[{"not_picked":["Backflip","Bane"],"picked":"Poisoned Stab","floor":1},{"not_picked":["Quick Slash","Bouncing Flask","Deflect"],"picked":"SKIP","floor":4},{"not_picked":["PiercingWail","Bane"],"picked":"Cloak And Dagger","floor":6},{"not_picked":["PiercingWail","Quick Slash"],"picked":"Dagger Spray","floor":8},{"not_picked":["Sucker Punch","Quick Slash"],"picked":"Cloak And Dagger","floor":10},{"not_picked":["Heel Hook","Deadly Poison"],"picked":"Venomology","floor":11},{"not_picked":["Flechettes","Caltrops"],"picked":"Noxious Fumes","floor":13},{"not_picked":["Acrobatics","Outmaneuver"],"picked":"Backstab","floor":14},{"not_picked":["Adrenaline","Venomology"],"picked":"Envenom","floor":16},{"not_picked":["Dagger Throw","Deflect+1"],"picked":"Bane+1","floor":18},{"not_picked":["Concentrate","Sucker Punch"],"picked":"All Out Attack+1","floor":19},{"not_picked":["Flying Knee","Poisoned Stab","Quick Slash"],"picked":"SKIP","floor":20},{"not_picked":["Skewer","Outmaneuver","Quick Slash"],"picked":"SKIP","floor":23},{"not_picked":["Deadly Poison+1","Poisoned Stab"],"picked":"Die Die Die","floor":25},{"not_picked":["All Out Attack","Poisoned Stab"],"picked":"Catalyst+1","floor":27},{"not_picked":["Envenom","Bane"],"picked":"Dodge and Roll","floor":29},{"not_picked":["Skewer","Acrobatics"],"picked":"Blade Dance","floor":31},{"not_picked":["Phantasmal Killer","Night Terror"],"picked":"Storm of Steel","floor":33},{"not_picked":["Prepared","Catalyst+1"],"picked":"Cloak And Dagger+1","floor":35},{"not_picked":["Flying Knee","Terror","Slice"],"picked":"SKIP","floor":41},{"not_picked":["Heel Hook+1","Underhanded Strike"],"picked":"Accuracy","floor":42}],"player_experience":121069,"relics_obtained":[{"floor":6,"key":"Shuriken"},{"floor":9,"key":"Dodecahedron"},{"floor":21,"key":"Nilry\u0027s Codex"},{"floor":23,"key":"Art of War"},{"floor":26,"key":"Juzu Bracelet"},{"floor":28,"key":"Mercury Hourglass"},{"floor":29,"key":"Blood Vial"},{"floor":31,"key":"Tiny Chest"},{"floor":42,"key":"Lantern"},{"floor":43,"key":"Happy Flower"}],"event_choices":[{"damage_healed":0,"gold_gain":0,"player_choice":"Got Potions","damage_taken":0,"max_hp_gain":0,"max_hp_loss":0,"event_name":"Lab","floor":5,"gold_loss":0},{"damage_healed":0,"gold_gain":0,"player_choice":"Obtained Book","damage_taken":16,"max_hp_gain":0,"max_hp_loss":0,"event_name":"Cursed Tome","floor":21,"gold_loss":0},{"damage_healed":0,"gold_gain":0,"player_choice":"Ignored","damage_taken":0,"max_hp_gain":0,"max_hp_loss":0,"event_name":"Ghosts","floor":22,"gold_loss":0},{"damage_healed":0,"gold_gain":0,"player_choice":"Bought 3 Potions","damage_taken":0,"max_hp_gain":0,"max_hp_loss":0,"event_name":"The Woman in Blue","floor":30,"gold_loss":0},{"damage_healed":0,"gold_gain":0,"player_choice":"Ignored","damage_taken":0,"max_hp_gain":0,"max_hp_loss":0,"event_name":"Tomb of Lord Red Mask","floor":36,"gold_loss":0},{"damage_healed":0,"gold_gain":0,"player_choice":"1 cards matched","damage_taken":0,"max_hp_gain":0,"max_hp_loss":0,"event_name":"Match and Keep!","floor":38,"gold_loss":0,"cards_obtained":["Corpse Explosion"]},{"damage_healed":0,"gold_gain":0,"player_choice":"Ignored","damage_taken":0,"max_hp_gain":0,"max_hp_loss":0,"event_name":"Mysterious Sphere","floor":39,"gold_loss":0}],"is_beta":false,"boss_relics":[{"not_picked":["Tiny House","Snecko Eye"],"picked":"Ring of the Serpent"},{"not_picked":["Empty Cage","Astrolabe"],"picked":"Cursed Key"}],"items_purged_floors":[37],"is_endless":false,"potions_floor_spawned":[4,6,14,16,19,27,29,31,35],"killed_by":"Transient","ascension_level":2}