{"gold_per_floor":[214,224,0,0,15,42,53,53,76,126,144,144,169,94,94,171,171,181,181,181,193,206,206,239,239,290,309,199,221,221,263,263,342,342,360,385,446,446,426,426,453,273,344,344,367,400,136,150,150,150,150,150,150,41,71,71],"floor_reached":56,"playtime":7083,"items_purged":["Strike_P","Consecrate"],"score":2000,"play_id":"9183b646-d62c-4eca-8112-8bf3eef38ac4","local_time":"20190928183206","is_ascension_mode":true,"campfire_choices":[{"data":"SandsOfTime","floor":8,"key":"SMITH"},{"data":"SashWhip","floor":15,"key":"SMITH"},{"data":"ConjureBlade","floor":23,"key":"SMITH"},{"data":"SandsOfTime","floor":25,"key":"SMITH"},{"floor":30,"key":"REST"},{"data":"Alpha","floor":32,"key":"SMITH"},{"data":"SpiritShield","floor":40,"key":"SMITH"},{"floor":49,"key":"RECALL"},{"data":"Meditate","floor":53,"key":"SMITH"}],"neow_cost":"NONE","seed_source_timestamp":18448287303787,"circlet_count":0,"master_deck":["AscendersBane","Defend_P","Defend_P+1","Defend_P","Defend_P","Eruption","Vigilance","EmptyFist","SandsOfTime+1","SashWhip+1","Worship","Sanctity","Sanctity","ConjureBlade+1","SandsOfTime+1","RitualDagger","Vengeance","FearNoEvil","EmptyMind","Sanctity+1","Alpha+1","Ragnarok","SpiritShield+1","SashWhip","CutThroughFate","CutThroughFate+1","Meditate+1"],"relics":["PureWater","Anchor","Bag of Marbles","PreservedInsect","Happy Flower","Snecko Eye","Potion Belt","CeramicFish","Bag of Preparation","Runic Dome","Turnip","Art of War","Pantograph","Dodecahedron"],"potions_floor_usage":[6,16,24,33,37,41,50,50,56,56,56,56],"damage_taken":[{"damage":0,"enemies":"2 Louse","floor":1,"turns":2},{"damage":0,"enemies":"Small Slimes","floor":2,"turns":3},{"damage":2,"enemies":"Cultist","floor":5,"turns":3},{"damage":20,"enemies":"3 Sentries","floor":6,"turns":5},{"damage":0,"enemies":"2 Fungi Beasts","floor":7,"turns":2},{"damage":0,"enemies":"Red Slaver","floor":11,"turns":1},{"damage":4,"enemies":"Lagavulin","floor":13,"turns":5},{"damage":12,"enemies":"The Guardian","floor":16,"turns":10},{"damage":1,"enemies":"Spheric Guardian","floor":18,"turns":3},{"damage":3,"enemies":"Chosen","floor":21,"turns":3},{"damage":8,"enemies":"Snake Plant","floor":22,"turns":4},{"damage":0,"enemies":"Gremlin Leader","floor":24,"turns":4},{"damage":7,"enemies":"Shelled Parasite and Fungi","floor":27,"turns":2},{"damage":0,"enemies":"Sentry and Sphere","floor":29,"turns":2},{"damage":0,"enemies":"Slavers","floor":31,"turns":2},{"damage":44,"enemies":"Collector","floor":33,"turns":6},{"damage":0,"enemies":"Orb Walker","floor":35,"turns":1},{"damage":0,"enemies":"3 Shapes","floor":36,"turns":4},{"damage":0,"enemies":"2 Orb Walkers","floor":37,"turns":2},{"damage":0,"enemies":"Writhing Mass","floor":41,"turns":2},{"damage":0,"enemies":"Jaw Worm Horde","floor":45,"turns":2},{"damage":34,"enemies":"Reptomancer","floor":46,"turns":3},{"damage":9,"enemies":"Sphere and 2 Shapes","floor":48,"turns":4},{"damage":24,"enemies":"Awakened One","floor":50,"turns":15},{"damage":10,"enemies":"Time Eater","floor":51,"turns":5},{"damage":0,"enemies":"Shield and Spear","floor":55,"turns":2},{"damage":67,"enemies":"The Heart","floor":56,"turns":5}],"seed_played":"1318594451958296773","potions_obtained":[{"floor":2,"key":"Strength Potion"},{"floor":6,"key":"DuplicationPotion"},{"floor":13,"key":"LiquidBronze"},{"floor":22,"key":"Swift Potion"},{"floor":29,"key":"AttackPotion"},{"floor":31,"key":"Fire Potion"},{"floor":35,"key":"Explosive Potion"},{"floor":36,"key":"Dexterity Potion"},{"floor":39,"key":"SpeedPotion"}],"is_trial":false,"path_per_floor":["M","M","$","?","M","E","M","R","T","?","M","?","E","$","R","B",null,"M","?","?","M","M","R","E","R","T","M","?","M","R","E","R","B",null,"M","M","?","?","?","R","M","$","T","?","M","E","$","M","R","B","B",null,"R","$","E","B"],"character_chosen":"WATCHER","items_purchased":["Anchor","Explosive Potion","DuplicationPotion","Pantograph","Dexterity Potion","Fire Potion"],"campfire_rested":1,"item_purchase_floors":[3,3,42,47,54,54],"current_hp_per_floor":[61,61,61,54,52,32,32,32,32,26,26,26,22,22,22,10,54,53,47,47,44,36,36,36,36,36,29,29,29,49,49,49,5,52,52,52,52,52,52,52,52,52,52,52,52,18,18,9,9,10,25,55,55,55,55,0],"gold":71,"neow_bonus":"HUNDRED_GOLD","is_prod":false,"is_daily":false,"chose_seed":false,"campfire_upgraded":7,"win_rate":0,"timestamp":1569652326,"path_taken":["M","M","$","?","M","E","M","R","T","?","?","?","E","$","R","BOSS","M","?","?","M","M","R","E","R","T","M","?","M","R","E","R","BOSS","M","?","?","?","?","R","?","$","T","?","M","E","$","M","R","BOSS","BOSS","R","$","E","BOSS"],"build_version":"2019-09-27","purchased_purges":2,"victory":false,"max_hp_per_floor":[68,68,68,68,68,68,68,68,68,68,68,68,68,68,68,68,68,68,68,68,68,68,68,68,68,68,68,68,68,68,68,68,68,68,68,68,68,68,68,68,68,68,68,65,65,65,65,65,65,65,65,65,65,65,65,65],"card_choices":[{"not_picked":["Crescendo","FlyingSleeves"],"picked":"EmptyFist","floor":1},{"not_picked":["Wireheading","Prostrate"],"picked":"SandsOfTime","floor":2},{"not_picked":["SandsOfTime","Protect"],"picked":"SashWhip","floor":5},{"not_picked":["SashWhip","PathToVictory"],"picked":"Consecrate","floor":6},{"not_picked":["PathToVictory","DevaForm"],"picked":"Worship","floor":7},{"not_picked":["ThirdEye","EmptyMind"],"picked":"Sanctity","floor":11},{"not_picked":["Prostrate","Protect"],"picked":"Sanctity","floor":13},{"not_picked":["Alpha","Nirvana"],"picked":"ConjureBlade","floor":16},{"not_picked":["FearNoEvil","InnerPeace"],"picked":"SandsOfTime","floor":18},{"not_picked":["Prostrate","Sanctity"],"picked":"Vengeance","floor":21},{"not_picked":["WindmillStrike","Prostrate+1"],"picked":"FearNoEvil","floor":22},{"not_picked":["CrushJoints","Consecrate","FlowState"],"picked":"SKIP","floor":24},{"not_picked":["EmptyFist","FollowUp"],"picked":"EmptyMind","floor":27},{"not_picked":["EmptyFist","CutThroughFate"],"picked":"Sanctity+1","floor":29},{"not_picked":["CutThroughFate","Sanctity"],"picked":"Alpha","floor":31},{"not_picked":["Establishment","Judgement"],"picked":"Ragnarok","floor":33},{"not_picked":["BowlingBash","Weave+1"],"picked":"SpiritShield","floor":35},{"not_picked":["JustLucky","CarveReality"],"picked":"SashWhip","floor":36},{"not_picked":["JustLucky","CrushJoints"],"picked":"CutThroughFate","floor":37},{"not_picked":["DeceiveReality","Weave"],"picked":"CutThroughFate+1","floor":41},{"not_picked":["Swivel+1","Prostrate"],"picked":"Meditate","floor":45},{"not_picked":["Crescendo","FlyingSleeves","ForeignInfluence+1"],"picked":"SKIP","floor":46},{"not_picked":["WreathOfFlame","Consecrate","DeusExMachina"],"picked":"SKIP","floor":48},{"not_picked":["Conclude+1","CutThroughFate","CarveReality"],"picked":"SKIP","floor":55}],"player_experience":1292748,"relics_obtained":[{"floor":6,"key":"Bag of Marbles"},{"floor":9,"key":"PreservedInsect"},{"floor":13,"key":"Happy Flower"},{"floor":24,"key":"Potion Belt"},{"floor":26,"key":"CeramicFish"},{"floor":31,"key":"Bag of Preparation"},{"floor":37,"key":"Turnip"},{"floor":46,"key":"Art of War"},{"floor":55,"key":"Dodecahedron"}],"event_choices":[{"cards_removed":["Strike_P"],"damage_healed":0,"gold_gain":0,"player_choice":"Card Removal","damage_taken":7,"max_hp_gain":0,"max_hp_loss":0,"event_name":"Golden Wing","floor":4,"gold_loss":0},{"damage_healed":0,"gold_gain":50,"player_choice":"Touch","damage_taken":6,"max_hp_gain":0,"max_hp_loss":0,"event_name":"FaceTrader","floor":10,"gold_loss":0},{"cards_removed":["Strike_P"],"damage_healed":0,"gold_gain":0,"player_choice":"Offered Basic","damage_taken":0,"max_hp_gain":0,"max_hp_loss":0,"event_name":"Bonfire Elementals","floor":12,"gold_loss":0},{"damage_healed":0,"gold_gain":0,"player_choice":"Joined the Cult","damage_taken":6,"max_hp_gain":0,"max_hp_loss":0,"event_name":"Nest","floor":19,"gold_loss":0,"cards_obtained":["RitualDagger"]},{"damage_healed":0,"gold_gain":0,"player_choice":"Ignored","damage_taken":0,"max_hp_gain":0,"max_hp_loss":0,"event_name":"The Mausoleum","floor":20,"gold_loss":0},{"cards_removed":["Strike_P"],"damage_healed":0,"gold_gain":0,"player_choice":"Upgrade and Remove","damage_taken":0,"max_hp_gain":0,"max_hp_loss":0,"event_name":"Designer","floor":28,"gold_loss":110,"cards_upgraded":["Defend_P"]},{"damage_healed":0,"gold_gain":0,"player_choice":"Fight","damage_taken":0,"max_hp_gain":0,"max_hp_loss":0,"event_name":"Mysterious Sphere","floor":37,"gold_loss":0},{"damage_healed":0,"gold_gain":0,"player_choice":"Memory 1","damage_taken":0,"max_hp_gain":0,"max_hp_loss":0,"event_name":"SensoryStone","floor":38,"gold_loss":0},{"damage_healed":0,"gold_gain":0,"player_choice":"Bought 1 Potion","damage_taken":0,"max_hp_gain":0,"max_hp_loss":0,"event_name":"The Woman in Blue","floor":39,"gold_loss":0},{"cards_removed":["Parasite"],"damage_healed":0,"gold_gain":0,"player_choice":"Purged","damage_taken":0,"max_hp_gain":0,"max_hp_loss":0,"event_name":"Purifier","floor":44,"gold_loss":0}],"is_beta":true,"boss_relics":[{"not_picked":["Astrolabe","Cursed Key"],"picked":"Snecko Eye"},{"not_picked":["HolyWater","Pandora\u0027s Box"],"picked":"Runic Dome"}],"items_purged_floors":[14,42],"is_endless":false,"potions_floor_spawned":[2,6,7,13,22,29,31,35,36,48],"killed_by":"The Heart","ascension_level":20}