{"gold_per_floor":[121,133,156,181,203,215,252,276,288,6,21,32,47,64,64,166,166,182,195,120,35,35,35,12,25,51,1,31,31],"floor_reached":29,"playtime":2119,"items_purged":[],"score":249,"play_id":"e0d0b5b9-a35c-4700-abc9-dfbceec01223","local_time":"20190701171750","is_ascension_mode":false,"campfire_choices":[{"floor":6,"key":"REST"},{"floor":15,"key":"REST"},{"floor":23,"key":"REST"}],"neow_cost":"NONE","seed_source_timestamp":711227325052711,"circlet_count":0,"master_deck":["Strike_B","Strike_B","Strike_B","Defend_B","Defend_B","Defend_B","Defend_B","Zap","Dualcast","Iron Wave","Rip and Tear","Capacitor","Chill","Loop","Rebound","Dramatic Entrance","Panache+1","Stack","Loop+1","Hello World+1","Rebound","Gash","Rainbow","Sunder","Leap+1","Redo","Beam Cell+1","Streamline","Ball Lightning+1"],"relics":["Cracked Core","MawBank","Anchor","Frozen Egg 2","Lizard Tail","Shuriken","Boot","Smiling Mask"],"potions_floor_usage":[4,7,12,12,22,22],"damage_taken":[{"damage":5,"enemies":"Small Slimes","floor":1,"turns":3},{"damage":1,"enemies":"Cultist","floor":3,"turns":3},{"damage":1,"enemies":"2 Louse","floor":4,"turns":2},{"damage":34,"enemies":"Exordium Thugs","floor":5,"turns":6},{"damage":14,"enemies":"3 Sentries","floor":7,"turns":8},{"damage":18,"enemies":"Gremlin Gang","floor":8,"turns":4},{"damage":0,"enemies":"Large Slime","floor":11,"turns":4},{"damage":0,"enemies":"Blue Slaver","floor":12,"turns":2},{"damage":2,"enemies":"2 Fungi Beasts","floor":13,"turns":3},{"damage":4,"enemies":"Red Slaver","floor":14,"turns":3},{"damage":43,"enemies":"Hexaghost","floor":16,"turns":13},{"damage":20,"enemies":"Spheric Guardian","floor":18,"turns":4},{"damage":28,"enemies":"3 Byrds","floor":19,"turns":4},{"damage":20,"enemies":"Colosseum Slavers","floor":22,"turns":4},{"damage":3,"enemies":"Snecko","floor":25,"turns":6},{"damage":50,"enemies":"Book of Stabbing","floor":28,"turns":8},{"damage":17,"enemies":"3 Cultists","floor":29,"turns":4}],"seed_played":"-8360215188824088433","potions_obtained":[{"floor":3,"key":"PowerPotion"},{"floor":4,"key":"Block Potion"},{"floor":8,"key":"Strength Potion"},{"floor":11,"key":"SneckoOil"},{"floor":12,"key":"Explosive Potion"},{"floor":14,"key":"FairyPotion"},{"floor":18,"key":"Fire Potion"}],"is_trial":false,"path_per_floor":["M","?","M","M","M","R","E","M","T","$","M","M","M","M","R","B",null,"M","M","?","?","?","R","$","M","T","$","E","M"],"character_chosen":"DEFECT","items_purchased":["Dramatic Entrance","Panache+1","Stack","Redo","Streamline"],"campfire_rested":3,"item_purchase_floors":[10,10,10,24,27],"current_hp_per_floor":[70,70,69,68,34,56,42,24,24,24,24,24,22,18,40,4,75,55,27,27,27,7,29,29,26,26,26,16,0],"gold":31,"neow_bonus":"RANDOM_COMMON_RELIC","is_prod":false,"is_daily":false,"chose_seed":false,"campfire_upgraded":0,"win_rate":0.0,"timestamp":1562012270,"path_taken":["M","?","M","?","M","R","E","M","T","$","M","M","M","M","R","BOSS","M","M","?","?","?","R","$","M","T","$","E","M"],"build_version":"2019-01-23","purchased_purges":0,"victory":false,"max_hp_per_floor":[75,75,75,75,75,75,75,75,75,75,75,75,75,75,75,75,75,75,75,75,75,75,75,75,75,75,75,75,75],"card_choices":[{"not_picked":["Streamline","Steam"],"picked":"Storm","floor":1},{"not_picked":["Fusion","Go for the Eyes"],"picked":"Rip and Tear","floor":3},{"not_picked":["Force Field","Barrage"],"picked":"Capacitor","floor":4},{"not_picked":["Recycle","Gash"],"picked":"Chill","floor":5},{"not_picked":["Sweeping Beam","Reboot"],"picked":"Loop","floor":7},{"not_picked":["Compile Driver","Blizzard"],"picked":"Rebound","floor":8},{"not_picked":["Barrage","Scrape"],"picked":"Loop+1","floor":11},{"not_picked":["Sunder","Auto Shields"],"picked":"Hello World+1","floor":12},{"not_picked":["Cold Snap","Coolheaded"],"picked":"Rebound","floor":13},{"not_picked":["Storm+1","Redo"],"picked":"Gash","floor":14},{"not_picked":["Creative AI+1","Reboot"],"picked":"Rainbow","floor":16},{"not_picked":["Chill","Rebound"],"picked":"Sunder","floor":18},{"not_picked":["Rebound","Hologram"],"picked":"Leap+1","floor":19},{"not_picked":["Chill","Rebound"],"picked":"Beam Cell+1","floor":25},{"not_picked":["Sweeping Beam","Beam Cell"],"picked":"Ball Lightning+1","floor":28}],"player_experience":46585,"relics_obtained":[{"floor":7,"key":"Anchor"},{"floor":9,"key":"Frozen Egg 2"},{"floor":26,"key":"Boot"},{"floor":28,"key":"Smiling Mask"}],"event_choices":[{"cards_removed":["Strike_B"],"damage_healed":0,"gold_gain":0,"player_choice":"Took Card","damage_taken":0,"max_hp_gain":0,"max_hp_loss":0,"event_name":"NoteForYourself","floor":2,"gold_loss":0,"cards_obtained":["Iron Wave"]},{"cards_removed":["Storm"],"damage_healed":0,"gold_gain":0,"player_choice":"Gave Gold","damage_taken":0,"max_hp_gain":0,"max_hp_loss":0,"event_name":"Beggar","floor":20,"gold_loss":75},{"damage_healed":0,"gold_gain":0,"player_choice":"Obtained Relic","damage_taken":0,"relics_obtained":["Shuriken"],"max_hp_gain":0,"max_hp_loss":0,"event_name":"Addict","floor":21,"gold_loss":85},{"damage_healed":0,"gold_gain":0,"player_choice":"Fight","damage_taken":0,"max_hp_gain":0,"max_hp_loss":0,"event_name":"Colosseum","floor":22,"gold_loss":0},{"damage_healed":0,"gold_gain":0,"player_choice":"Fled From Nobs","damage_taken":0,"max_hp_gain":0,"max_hp_loss":0,"event_name":"Colosseum","floor":22,"gold_loss":0}],"is_beta":false,"boss_relics":[{"not_picked":["Runic Pyramid","Ectoplasm"],"picked":"Lizard Tail"}],"items_purged_floors":[],"is_endless":false,"potions_floor_spawned":[3,4,8,11,12,14,18,19,25],"killed_by":"3 Cultists","ascension_level":0}