{"gold_per_floor":[113,127,146,160,172,172,0,0,82,94,120,120,138,166,166,238,238,252,272,272,272,286,286,320,338,363,363,123,136,136,156,156,231,281,295,295],"floor_reached":36,"playtime":3395,"items_purged":["Pain"],"score":846,"play_id":"fe305fa2-7483-4da8-8432-0e1c9f9b06eb","local_time":"20191005225729","is_ascension_mode":true,"campfire_choices":[{"floor":6,"key":"REST"},{"data":"Neutralize","floor":12,"key":"SMITH"},{"floor":15,"key":"REST"},{"data":"Footwork","floor":23,"key":"SMITH"},{"data":"Footwork","floor":30,"key":"SMITH"},{"data":"Well Laid Plans","floor":32,"key":"SMITH"}],"neow_cost":"NONE","seed_source_timestamp":1677834316744474,"circlet_count":0,"master_deck":["AscendersBane","Defend_G","Defend_G","Defend_G","Defend_G","Defend_G","Survivor+1","Neutralize+1","Sucker Punch+1","Deflect+1","Masterful Stab","Quick Slash","Footwork+1","Noxious Fumes","Masterful Stab","Backflip","Bane","PiercingWail","Noxious Fumes","Well Laid Plans+1","Corpse Explosion","PiercingWail+1","Dagger Throw","Bite","Bite","Bite","Bite+1","Bite","Acrobatics+1","Dodge and Roll+1","Catalyst","Terror","Footwork+1","Calculated Gamble","PiercingWail","Burst","Deflect","Venomology"],"relics":["Ring of the Snake","Bag of Marbles","Ornamental Fan","Tough Bandages","Cursed Key","Whetstone","Anchor","War Paint","Tiny House"],"potions_floor_usage":[4,11,11,16,19,22,24,33,36,36],"damage_taken":[{"damage":29,"enemies":"Jaw Worm","floor":1,"turns":10},{"damage":1,"enemies":"2 Louse","floor":2,"turns":3},{"damage":0,"enemies":"Small Slimes","floor":3,"turns":4},{"damage":6,"enemies":"Gremlin Gang","floor":4,"turns":6},{"damage":0,"enemies":"Looter","floor":5,"turns":1},{"damage":0,"enemies":"3 Louse","floor":10,"turns":3},{"damage":10,"enemies":"Gremlin Nob","floor":11,"turns":4},{"damage":0,"enemies":"2 Fungi Beasts","floor":13,"turns":1},{"damage":5,"enemies":"3 Sentries","floor":14,"turns":9},{"damage":15,"enemies":"Hexaghost","floor":16,"turns":11},{"damage":11,"enemies":"Spheric Guardian","floor":18,"turns":5},{"damage":4,"enemies":"2 Thieves","floor":19,"turns":3},{"damage":5,"enemies":"Shelled Parasite and Fungi","floor":22,"turns":5},{"damage":38,"enemies":"Slavers","floor":24,"turns":5},{"damage":4,"enemies":"Cultist and Chosen","floor":25,"turns":6},{"damage":2,"enemies":"Centurion and Healer","floor":29,"turns":6},{"damage":4,"enemies":"Snecko","floor":31,"turns":5},{"damage":50,"enemies":"Collector","floor":33,"turns":11},{"damage":6,"enemies":"3 Shapes","floor":35,"turns":7},{"damage":85,"enemies":"2 Orb Walkers","floor":36,"turns":5}],"seed_played":"1580790101259048054","potions_obtained":[{"floor":2,"key":"Regen Potion"},{"floor":3,"key":"Energy Potion"},{"floor":10,"key":"Block Potion"},{"floor":13,"key":"PowerPotion"},{"floor":16,"key":"SpeedPotion"},{"floor":18,"key":"Block Potion"},{"floor":22,"key":"LiquidBronze"},{"floor":25,"key":"EssenceOfSteel"},{"floor":31,"key":"Energy Potion"},{"floor":34,"key":"PowerPotion"},{"floor":35,"key":"Explosive Potion"}],"is_trial":false,"path_per_floor":["M","M","M","M","M","R","$","?","T","M","E","R","M","E","R","B",null,"M","M","?","?","M","R","E","M","T","?","$","M","R","M","R","B",null,"M","?"],"character_chosen":"THE_SILENT","items_purchased":["Noxious Fumes","Masterful Stab","Backflip","Terror","Footwork"],"campfire_rested":2,"item_purchase_floors":[7,7,7,28,28],"current_hp_per_floor":[30,29,29,23,23,42,42,37,37,37,39,39,39,34,53,40,60,51,49,49,49,54,54,24,34,34,34,34,44,44,49,49,26,61,64,0],"gold":295,"neow_bonus":"RANDOM_COMMON_RELIC","is_prod":false,"is_daily":false,"chose_seed":false,"campfire_upgraded":4,"win_rate":0,"timestamp":1570330649,"path_taken":["M","M","M","M","M","R","$","?","T","M","E","R","M","E","R","BOSS","M","M","?","?","M","R","E","M","T","?","$","M","R","?","R","BOSS","M","?"],"build_version":"2019-01-23","purchased_purges":1,"victory":false,"max_hp_per_floor":[66,66,66,66,66,66,66,66,66,66,66,66,66,66,66,66,66,66,66,66,66,66,66,66,66,66,66,66,66,66,66,66,66,71,71,71],"card_choices":[{"not_picked":["Slice","Flying Knee"],"picked":"Sucker Punch","floor":1},{"not_picked":["Flying Knee","Expertise"],"picked":"Deflect","floor":2},{"not_picked":["Dodge and Roll","Tools of the Trade"],"picked":"Masterful Stab","floor":3},{"not_picked":["Backflip","Underhanded Strike"],"picked":"Quick Slash","floor":4},{"not_picked":["Tactician","Dagger Throw"],"picked":"Footwork","floor":5},{"not_picked":["Quick Slash","All Out Attack"],"picked":"Bane","floor":10},{"not_picked":["Die Die Die","Bane"],"picked":"PiercingWail","floor":11},{"not_picked":["Expertise","Infinite Blades"],"picked":"Noxious Fumes","floor":13},{"not_picked":["Riddle With Holes","Dash"],"picked":"Well Laid Plans","floor":14},{"not_picked":["Envenom","Malaise"],"picked":"Corpse Explosion","floor":16},{"not_picked":["Blade Dance","Deadly Poison"],"picked":"PiercingWail+1","floor":18},{"not_picked":["Slice","Expertise"],"picked":"Dagger Throw","floor":19},{"not_picked":["Sucker Punch","Prepared"],"picked":"Acrobatics+1","floor":22},{"not_picked":["Sucker Punch","Flying Knee"],"picked":"Dodge and Roll","floor":24},{"not_picked":["Phantasmal Killer","Bouncing Flask"],"picked":"Catalyst","floor":25},{"not_picked":["Dash+1","Predator"],"picked":"Calculated Gamble","floor":29},{"not_picked":["Poisoned Stab","Caltrops"],"picked":"PiercingWail","floor":31},{"not_picked":["Phantasmal Killer","Grand Finale"],"picked":"Burst","floor":33},{"not_picked":["Slice","Underhanded Strike"],"picked":"Deflect","floor":34},{"not_picked":["Skewer","Outmaneuver+1"],"picked":"Venomology","floor":35}],"player_experience":3013351,"relics_obtained":[{"floor":9,"key":"Ornamental Fan"},{"floor":11,"key":"Tough Bandages"},{"floor":14,"key":"Blood Vial"},{"floor":24,"key":"Whetstone"},{"floor":26,"key":"Anchor"}],"event_choices":[{"damage_healed":0,"gold_gain":0,"player_choice":"Fled","damage_taken":5,"max_hp_gain":0,"max_hp_loss":0,"event_name":"Scrap Ooze","floor":8,"gold_loss":0},{"damage_healed":0,"gold_gain":0,"player_choice":"Became a vampire (Vial)","damage_taken":0,"max_hp_gain":0,"max_hp_loss":0,"event_name":"Vampires","floor":20,"relics_lost":["Blood Vial"],"gold_loss":0,"cards_obtained":["Bite","Bite","Bite","Bite","Bite"]},{"damage_healed":0,"gold_gain":0,"player_choice":"Ignored","damage_taken":0,"max_hp_gain":0,"max_hp_loss":0,"event_name":"Ghosts","floor":21,"gold_loss":0},{"damage_healed":0,"gold_gain":0,"player_choice":"Gave Potion","damage_taken":0,"relics_obtained":["War Paint"],"max_hp_gain":0,"max_hp_loss":0,"event_name":"WeMeetAgain","floor":27,"gold_loss":0},{"damage_healed":0,"gold_gain":0,"player_choice":"Fight","damage_taken":0,"max_hp_gain":0,"max_hp_loss":0,"event_name":"Mysterious Sphere","floor":36,"gold_loss":0}],"is_beta":false,"boss_relics":[{"not_picked":["Orrery","Runic Dome"],"picked":"Cursed Key"},{"not_picked":["Runic Pyramid","Empty Cage"],"picked":"Tiny House"}],"items_purged_floors":[28],"is_endless":false,"potions_floor_spawned":[2,3,10,13,16,18,22,25,31,35],"killed_by":"2 Orb Walkers","ascension_level":20}