{"gold_per_floor":[116,40,60,60,73,84,84,98,171,235,195,205,225,255,255,356,356,373,373,386,21,21,21,21,21,68,83,113,128,128,128,128,128],"floor_reached":33,"playtime":992,"items_purged":[],"score":319,"play_id":"69aa7418-0d43-4859-923b-501fb6b75622","local_time":"20191014174545","is_ascension_mode":true,"campfire_choices":[{"floor":7,"key":"RECALL"},{"floor":15,"key":"REST"},{"floor":23,"key":"REST"},{"floor":25,"key":"REST"},{"floor":32,"key":"REST"}],"neow_cost":"NONE","seed_source_timestamp":180846227562835,"circlet_count":0,"master_deck":["Strike_R","Strike_R","Strike_R","Strike_R","Strike_R","Defend_R","Defend_R","Defend_R","Defend_R","Bash","Wild Strike","Heavy Blade","Cleave","Cleave","Clash","Anger","Flex","Anger","Fire Breathing","Double Tap+1","Feed","Heavy Blade","Shockwave","Shrug It Off","Pommel Strike","Shame","Necronomicurse","Headbutt+1","Fire Breathing+1","Shrug It Off","RitualDagger"],"relics":["Black Blood","Happy Flower","FaceOfCleric","WingedGreaves","Juzu Bracelet","MealTicket","Art of War","Necronomicon","Vajra","Pear"],"potions_floor_usage":[18,28,29],"damage_taken":[{"damage":20,"enemies":"Small Slimes","floor":1,"turns":3},{"damage":1,"enemies":"Cultist","floor":3,"turns":4},{"damage":2,"enemies":"Jaw Worm","floor":5,"turns":3},{"damage":6,"enemies":"3 Louse","floor":6,"turns":2},{"damage":0,"enemies":"2 Fungi Beasts","floor":8,"turns":2},{"damage":8,"enemies":"Exordium Thugs","floor":12,"turns":3},{"damage":3,"enemies":"Blue Slaver","floor":13,"turns":2},{"damage":27,"enemies":"Gremlin Nob","floor":14,"turns":4},{"damage":25,"enemies":"Slime Boss","floor":16,"turns":6},{"damage":23,"enemies":"Spheric Guardian","floor":18,"turns":4},{"damage":24,"enemies":"Chosen","floor":20,"turns":4},{"damage":32,"enemies":"Snake Plant","floor":27,"turns":4},{"damage":47,"enemies":"Book of Stabbing","floor":28,"turns":5},{"damage":0,"enemies":"Cultist and Chosen","floor":29,"turns":3},{"damage":95,"enemies":"Collector","floor":33,"turns":7}],"seed_played":"-4387512742523487283","potions_obtained":[{"floor":1,"key":"LiquidBronze"},{"floor":6,"key":"Ancient Potion"},{"floor":11,"key":"Dexterity Potion"},{"floor":11,"key":"SmokeBomb"},{"floor":11,"key":"SneckoOil"},{"floor":12,"key":"LiquidBronze"},{"floor":13,"key":"PowerPotion"},{"floor":16,"key":"ElixirPotion"},{"floor":18,"key":"Fire Potion"}],"is_trial":false,"path_per_floor":["M","$","M","?","M","M","R","M","T","?","?","M","M","E","R","B",null,"M","?","M","$","?","R","?","R","T","M","E","M","?","?","R","B"],"character_chosen":"IRONCLAD","items_purchased":["Heavy Blade","Cleave","Juzu Bracelet","MealTicket","Shrug It Off","Pommel Strike"],"campfire_rested":4,"item_purchase_floors":[2,2,21,21,21,21],"current_hp_per_floor":[66,66,71,71,76,77,77,83,83,83,83,82,85,65,86,68,87,77,77,69,69,69,92,76,92,92,73,49,62,62,56,87,0],"gold":128,"neow_bonus":"RANDOM_COMMON_RELIC","is_prod":false,"is_daily":false,"chose_seed":false,"campfire_upgraded":0,"win_rate":0,"timestamp":1571085945,"path_taken":["M","$","M","?","M","M","R","?","T","?","?","M","?","E","R","BOSS","M","?","M","$","?","R","?","R","T","M","E","M","?","?","R","BOSS"],"build_version":"2019-10-14","purchased_purges":0,"victory":false,"max_hp_per_floor":[80,80,80,80,81,82,82,83,83,83,83,84,85,86,86,87,87,88,88,92,92,92,92,92,92,92,93,104,105,105,105,105,105],"card_choices":[{"not_picked":["Uppercut","Flex"],"picked":"Wild Strike","floor":1},{"not_picked":["Thunderclap","True Grit"],"picked":"Cleave","floor":3},{"not_picked":["Combust","Rupture"],"picked":"Clash","floor":5},{"not_picked":["Reckless Charge","Burning Pact"],"picked":"Anger","floor":6},{"not_picked":["Warcry","Double Tap"],"picked":"Flex","floor":8},{"not_picked":["Metallicize","Wild Strike"],"picked":"Anger","floor":12},{"not_picked":["Body Slam","Twin Strike"],"picked":"Fire Breathing","floor":13},{"not_picked":["Headbutt","Pommel Strike"],"picked":"Double Tap","floor":14},{"not_picked":["Reaper","Brutality"],"picked":"Feed","floor":16},{"not_picked":["Perfected Strike","Body Slam"],"picked":"Heavy Blade","floor":18},{"not_picked":["Clothesline","Sentinel"],"picked":"Shockwave","floor":20},{"not_picked":["Shrug It Off","Flex"],"picked":"Headbutt+1","floor":27},{"not_picked":["Evolve+1","Berserk"],"picked":"Fire Breathing+1","floor":28},{"not_picked":["Sentinel","Pummel+1"],"picked":"Shrug It Off","floor":29}],"player_experience":455118,"relics_obtained":[{"floor":14,"key":"WingedGreaves"},{"floor":24,"key":"Necronomicon"},{"floor":26,"key":"Vajra"},{"floor":28,"key":"Pear"}],"event_choices":[{"damage_healed":0,"gold_gain":0,"player_choice":"Trade","damage_taken":0,"relics_obtained":["FaceOfCleric"],"max_hp_gain":0,"max_hp_loss":0,"event_name":"FaceTrader","floor":4,"gold_loss":0},{"damage_healed":0,"gold_gain":64,"player_choice":"Gained Gold","damage_taken":0,"max_hp_gain":0,"max_hp_loss":0,"event_name":"Golden Wing","floor":10,"gold_loss":0},{"damage_healed":0,"gold_gain":0,"player_choice":"Bought 3 Potions","damage_taken":0,"max_hp_gain":0,"max_hp_loss":0,"event_name":"The Woman in Blue","floor":11,"gold_loss":0},{"damage_healed":0,"gold_gain":0,"player_choice":"Forge","damage_taken":0,"max_hp_gain":0,"max_hp_loss":0,"event_name":"Accursed Blacksmith","floor":19,"gold_loss":0,"cards_upgraded":["Double Tap"]},{"damage_healed":0,"gold_gain":0,"player_choice":"Stole Relic","damage_taken":0,"relics_obtained":["Art of War"],"max_hp_gain":0,"max_hp_loss":0,"event_name":"Addict","floor":22,"gold_loss":0,"cards_obtained":["Shame"]},{"damage_healed":0,"gold_gain":0,"player_choice":"Obtained Book","damage_taken":16,"max_hp_gain":0,"max_hp_loss":0,"event_name":"Cursed Tome","floor":24,"gold_loss":0},{"damage_healed":0,"gold_gain":0,"player_choice":"Ignored","damage_taken":0,"max_hp_gain":0,"max_hp_loss":0,"event_name":"Ghosts","floor":30,"gold_loss":0},{"damage_healed":0,"gold_gain":0,"player_choice":"Joined the Cult","damage_taken":6,"max_hp_gain":0,"max_hp_loss":0,"event_name":"Nest","floor":31,"gold_loss":0,"cards_obtained":["RitualDagger"]}],"is_beta":true,"boss_relics":[{"not_picked":["Busted Crown","Runic Cube"],"picked":"Black Blood"}],"items_purged_floors":[],"is_endless":false,"potions_floor_spawned":[1,6,12,13,16,18,27],"killed_by":"Collector","ascension_level":2}