{"gold_per_floor":[110,185,204,204,214,242,242,258,335,360,378,391,391,401,401,476,476,491,508,528,133,147,180,196,196,220,220,240,55,55,55,55,132,132,150,113,0,0,400,400,413,413,413,413,413,7,41,57,57,57],"floor_reached":51,"playtime":5534,"items_purged":["Strike_P","Defend_P","Decay"],"score":1404,"play_id":"9ecb47fe-271d-4eae-ac9c-a682b0dc9446","local_time":"20190921165840","is_ascension_mode":true,"campfire_choices":[{"data":"Eruption","floor":7.0,"key":"SMITH"},{"data":"BowlingBash","floor":13.0,"key":"SMITH"},{"data":"Crescendo","floor":15.0,"key":"SMITH"},{"floor":27.0,"key":"REST"},{"floor":32.0,"key":"REST"},{"data":"Devotion","floor":40.0,"key":"SMITH"},{"floor":44.0,"key":"REST"},{"floor":49.0,"key":"REST"}],"neow_cost":"NONE","seed_source_timestamp":0,"circlet_count":0,"master_deck":["AscendersBane","Strike_P","Defend_P","Eruption+1","Vigilance","CrushJoints+1","WreathOfFlame+1","Pray+1","CutThroughFate","EmptyBody","FollowUp","Meditate","BowlingBash+1","FlurryOfBlows","Wallop","Crescendo+1","DeceiveReality","Omniscience+1","InnerPeace+1","Sanctity+1","EmptyMind","LessonLearned","MentalFortress","SashWhip+1","FlyingSleeves+1","Sanctity","CutThroughFate","Alpha+1","Devotion+1","Thinking Ahead+1","Apotheosis","Wireheading","SpiritShield+1","Protect"],"special_seed":0,"relics":["Astrolabe","StoneCalendar","Gremlin Horn","Bag of Marbles","VioletLotus","FossilizedHelix","MutagenicStrength","Boot","Philosopher\u0027s Stone","Red Mask","Old Coin","Lantern","Prayer Wheel"],"potions_floor_usage":[50,50],"damage_taken":[{"damage":7.0,"enemies":"Jaw Worm","floor":1.0,"turns":3.0},{"damage":0.0,"enemies":"Small Slimes","floor":3.0,"turns":2.0},{"damage":0.0,"enemies":"Cultist","floor":5.0,"turns":2.0},{"damage":8.0,"enemies":"Lagavulin","floor":6.0,"turns":6.0},{"damage":24.0,"enemies":"Gremlin Gang","floor":8.0,"turns":4.0},{"damage":2.0,"enemies":"3 Sentries","floor":10.0,"turns":4.0},{"damage":7.0,"enemies":"Large Slime","floor":11.0,"turns":3.0},{"damage":0.0,"enemies":"Exordium Wildlife","floor":12.0,"turns":3.0},{"damage":0.0,"enemies":"Looter","floor":14.0,"turns":2.0},{"damage":1.0,"enemies":"Slime Boss","floor":16.0,"turns":5.0},{"damage":27.0,"enemies":"Shell Parasite","floor":18.0,"turns":6.0},{"damage":0.0,"enemies":"Spheric Guardian","floor":19.0,"turns":3.0},{"damage":0.0,"enemies":"Snake Plant","floor":20.0,"turns":2.0},{"damage":15.0,"enemies":"Shelled Parasite and Fungi","floor":22.0,"turns":2.0},{"damage":4.0,"enemies":"Gremlin Leader","floor":23.0,"turns":6.0},{"damage":1.0,"enemies":"Cultist and Chosen","floor":24.0,"turns":4.0},{"damage":9.0,"enemies":"Snake Plant","floor":28.0,"turns":4.0},{"damage":23.0,"enemies":"Collector","floor":33.0,"turns":7.0},{"damage":14.0,"enemies":"3 Darklings","floor":35.0,"turns":5.0},{"damage":3.0,"enemies":"Mind Bloom Boss Battle","floor":39.0,"turns":7.0},{"damage":0.0,"enemies":"3 Shapes","floor":41.0,"turns":6.0},{"damage":0.0,"enemies":"Giant Head","floor":47.0,"turns":6.0},{"damage":0.0,"enemies":"Transient","floor":48.0,"turns":6.0},{"damage":42,"enemies":"Time Eater","floor":50,"turns":11}],"seed_played":"-8656067778281563720","potions_obtained":[{"floor":5.0,"key":"DuplicationPotion"},{"floor":6.0,"key":"Regen Potion"},{"floor":8.0,"key":"DuplicationPotion"},{"floor":19.0,"key":"Energy Potion"},{"floor":23.0,"key":"AttackPotion"},{"floor":24.0,"key":"Weak Potion"},{"floor":35.0,"key":"LiquidBronze"},{"floor":48.0,"key":"GamblersBrew"}],"is_trial":false,"path_per_floor":["M","?","M","?","M","E","R","M","T","E","M","M","R","M","R","B",null,"M","M","M","$","M","E","M","?","T","R","M","$","?","?","R","B",null,"M","$","?","?","?","R","M","?","T","R","?","$","E","M","R","B",null],"character_chosen":"WATCHER","items_purchased":["LessonLearned","SteroidPotion","MentalFortress","Sanctity","CutThroughFate","Devotion","Apotheosis","Wireheading","PowerPotion"],"campfire_rested":4,"item_purchase_floors":[21,21,21,29,29,36,46,46,46],"current_hp_per_floor":[48,37,37,37,37,29,29,17,17,15,8,8,8,8,8,7,48,21,21,21,21,6,2,1,1,1,19,10,10,10,10,28,5,47,33,33,33,33,30,30,30,25,25,43,43,43,43,43,58,16],"gold":57,"neow_bonus":"BOSS_RELIC","is_prod":false,"is_daily":false,"chose_seed":false,"campfire_upgraded":4,"win_rate":0,"timestamp":1569041920,"path_taken":["M","?","M","?","M","E","R","?","T","E","M","M","R","M","R","BOSS","M","M","M","$","?","E","M","?","T","R","M","$","?","?","R","BOSS","M","$","?","?","?","R","?","?","T","R","?","$","E","M","R","BOSS"],"build_version":"2019-09-20","purchased_purges":3,"victory":true,"max_hp_per_floor":[61,61,61,61,61,61,61,61,61,61,61,61,61,61,61,61,61,61,61,61,61,61,61,61,61,61,61,61,61,61,61,61,61,61,61,61,61,61,61,61,61,61,61,61,58,58,58,58,58,58],"card_choices":[{"not_picked":["ThirdEye","MentalFortress"],"picked":"CutThroughFate","floor":1.0},{"not_picked":["JustLucky","StepAndStrike"],"picked":"EmptyBody","floor":3.0},{"not_picked":["SpiritShield","Weave"],"picked":"FollowUp","floor":5.0},{"not_picked":["EmptyBody","PathToVictory"],"picked":"Meditate","floor":6.0},{"not_picked":["Protect","CrushJoints"],"picked":"BowlingBash","floor":8.0},{"not_picked":["FollowUp","Halt"],"picked":"FlurryOfBlows","floor":10.0},{"not_picked":["ThirdEye","MentalFortress"],"picked":"Wallop","floor":11.0},{"not_picked":["WindmillStrike","DeusExMachina"],"picked":"Crescendo","floor":12.0},{"not_picked":["WindmillStrike","Perseverance"],"picked":"DeceiveReality","floor":14.0},{"not_picked":["Wish","Alpha"],"picked":"Omniscience","floor":16.0},{"not_picked":["Halt","ThirdEye"],"picked":"InnerPeace","floor":18.0},{"not_picked":["Crescendo","Weave"],"picked":"Sanctity+1","floor":19.0},{"not_picked":["ThirdEye","WreathOfFlame+1"],"picked":"EmptyMind","floor":20.0},{"not_picked":["FlurryOfBlows","WreathOfFlame"],"picked":"SashWhip+1","floor":22.0},{"not_picked":["EmptyFist","Fasting"],"picked":"FlyingSleeves","floor":23.0},{"not_picked":["JustLucky","Consecrate","Weave"],"picked":"SKIP","floor":24.0},{"not_picked":["Meditate","CrushJoints","PathToVictory"],"picked":"SKIP","floor":28.0},{"not_picked":["Unraveling","Wish"],"picked":"Alpha","floor":33.0},{"not_picked":["CutThroughFate+1","Evaluate","Worship"],"picked":"SKIP","floor":35.0},{"not_picked":["CleanseEvil","CutThroughFate","Evaluate"],"picked":"SKIP","floor":41.0},{"not_picked":["Blind","Deep Breath"],"picked":"Thinking Ahead","floor":42.0},{"not_picked":["BowlingBash","Halt","Prostrate"],"picked":"SKIP","floor":47.0},{"not_picked":["Prostrate","Crescendo"],"picked":"SpiritShield+1","floor":48.0},{"not_picked":["Meditate","JustLucky"],"picked":"Protect","floor":48.0}],"player_experience":1150468,"relics_obtained":[{"floor":6.0,"key":"StoneCalendar"},{"floor":9.0,"key":"Gremlin Horn"},{"floor":10.0,"key":"Bag of Marbles"},{"floor":23.0,"key":"FossilizedHelix"},{"floor":26.0,"key":"Boot"},{"floor":39.0,"key":"Old Coin"},{"floor":43.0,"key":"Lantern"},{"floor":47.0,"key":"Prayer Wheel"}],"event_choices":[{"damage_healed":0.0,"max_hp_gain":0.0,"max_hp_loss":0.0,"gold_gain":75.0,"event_name":"World of Goop","player_choice":"Gather Gold","floor":2.0,"gold_loss":0.0,"damage_taken":11.0},{"cards_removed":["Strike_P"],"damage_healed":0.0,"max_hp_gain":0.0,"max_hp_loss":0.0,"gold_gain":0.0,"event_name":"Purifier","player_choice":"Purged","floor":4.0,"gold_loss":0.0,"damage_taken":0.0},{"damage_healed":0.0,"max_hp_gain":0.0,"max_hp_loss":0.0,"gold_gain":0.0,"event_name":"Drug Dealer","player_choice":"Inject Mutagens","floor":25.0,"gold_loss":0.0,"damage_taken":0.0,"relics_obtained":["MutagenicStrength"]},{"damage_healed":0.0,"max_hp_gain":0.0,"max_hp_loss":0.0,"gold_gain":0.0,"event_name":"Forgotten Altar","player_choice":"Smashed Altar","floor":30.0,"gold_loss":0.0,"damage_taken":0.0,"cards_obtained":["Decay"]},{"damage_healed":0.0,"max_hp_gain":0.0,"max_hp_loss":0.0,"gold_gain":0.0,"event_name":"Cursed Tome","player_choice":"Ignored","floor":31.0,"gold_loss":0.0,"damage_taken":0.0},{"damage_healed":0.0,"max_hp_gain":0.0,"max_hp_loss":0.0,"gold_gain":0.0,"event_name":"Tomb of Lord Red Mask","player_choice":"Paid","floor":37.0,"gold_loss":113.0,"damage_taken":0.0,"relics_obtained":["Red Mask"]},{"damage_healed":0.0,"max_hp_gain":0.0,"max_hp_loss":0.0,"gold_gain":0.0,"event_name":"Mysterious Sphere","player_choice":"Ignored","floor":38.0,"gold_loss":0.0,"damage_taken":0.0},{"damage_healed":0.0,"max_hp_gain":0.0,"max_hp_loss":0.0,"gold_gain":0.0,"event_name":"MindBloom","player_choice":"Fight","floor":39.0,"gold_loss":0.0,"damage_taken":0.0},{"damage_healed":0.0,"max_hp_gain":0.0,"max_hp_loss":0.0,"gold_gain":0.0,"event_name":"SensoryStone","player_choice":"Memory 2","floor":42.0,"gold_loss":0.0,"damage_taken":5.0},{"damage_healed":0.0,"max_hp_gain":0.0,"max_hp_loss":3.0,"gold_gain":0.0,"event_name":"Winding Halls","player_choice":"Max HP","floor":45.0,"gold_loss":0.0,"damage_taken":0.0}],"is_beta":true,"boss_relics":[{"not_picked":["Ectoplasm","SlaversCollar"],"picked":"VioletLotus"},{"not_picked":["Black Star","Coffee Dripper"],"picked":"Philosopher\u0027s Stone"}],"items_purged_floors":[21,29,46],"is_endless":false,"potions_floor_spawned":[5,6,8,12,19,23,24,28,35,48],"ascension_level":19}