{"gold_per_floor":[117,192,16,30,4,4,33,33,33,33,33,33,58,70,70,147,147,163,183,183,206,206,237,237,263,263,280,280,292,292,321,321,321],"floor_reached":33,"playtime":1763,"items_purged":[],"score":676,"play_id":"3414c75d-82d1-4ee3-8b77-0998b7cfdced","local_time":"20190706220815","is_ascension_mode":true,"campfire_choices":[{"data":"Blind","floor":6.0,"key":"SMITH"},{"data":"Neutralize","floor":8.0,"key":"SMITH"},{"data":"Dagger Spray","floor":10.0,"key":"SMITH"},{"floor":15.0,"key":"REST"},{"floor":24.0,"key":"REST"},{"floor":30,"key":"REST"},{"data":"Well Laid Plans","floor":32,"key":"SMITH"}],"neow_cost":"NONE","seed_source_timestamp":116096263663864,"circlet_count":0,"master_deck":["AscendersBane","Defend_G","Defend_G","Defend_G","Defend_G","Defend_G","Survivor","Neutralize+1","Dagger Spray+1","Blind+1","Well Laid Plans+1","Flying Knee","Poisoned Stab","Quick Slash","Corpse Explosion","After Image","RitualDagger","Poisoned Stab","Slice","Riddle With Holes+1","Bite+1","Bite+1","Bite+1","Bite+1","Bite+1"],"special_seed":0,"relics":["Ring of the Snake","NeowsBlessing","Shuriken","Singing Bowl","The Specimen","Busted Crown","Anchor","Juzu Bracelet","Incense Burner","Molten Egg 2","Boot"],"potions_floor_usage":[25,29,33],"damage_taken":[{"damage":0.0,"enemies":"2 Louse","floor":1.0,"turns":1.0},{"damage":0.0,"enemies":"Small Slimes","floor":4.0,"turns":1.0},{"damage":0.0,"enemies":"Gremlin Nob","floor":7.0,"turns":1.0},{"damage":28.0,"enemies":"Lagavulin","floor":13.0,"turns":8.0},{"damage":7.0,"enemies":"Jaw Worm","floor":14.0,"turns":5.0},{"damage":37.0,"enemies":"Hexaghost","floor":16.0,"turns":11.0},{"damage":0.0,"enemies":"3 Byrds","floor":18.0,"turns":2.0},{"damage":21.0,"enemies":"2 Thieves","floor":19.0,"turns":4.0},{"damage":19.0,"enemies":"Gremlin Leader","floor":23.0,"turns":7.0},{"damage":8,"enemies":"Slavers","floor":25,"turns":3},{"damage":18,"enemies":"Snake Plant","floor":27,"turns":4},{"damage":14,"enemies":"Cultist and Chosen","floor":29,"turns":4},{"damage":28,"enemies":"Book of Stabbing","floor":31,"turns":5},{"damage":82,"enemies":"Collector","floor":33,"turns":8}],"seed_played":"-6480908778342911126","potions_obtained":[{"floor":16.0,"key":"LiquidBronze"},{"floor":19.0,"key":"SteroidPotion"},{"floor":23.0,"key":"Fruit Juice"},{"floor":25,"key":"Regen Potion"},{"floor":31,"key":"Regen Potion"}],"is_trial":false,"path_per_floor":["M","?","$","M","$","R","E","R","T","R","?","?","E","M","R","B",null,"M","M","?","T","?","E","R","E","T","M","?","M","R","E","R","B"],"character_chosen":"THE_SILENT","items_purchased":["Blind","Well Laid Plans","Poisoned Stab"],"campfire_rested":3,"item_purchase_floors":[3,3,5],"current_hp_per_floor":[59,48,48,48,48,48,48,48,48,48,48,53,27,20,41,4,56,58,39,33,33,33,14,42,34,34,16,16,25,42,34,34,0],"gold":321,"neow_bonus":"THREE_ENEMY_KILL","is_prod":false,"is_daily":false,"chose_seed":false,"campfire_upgraded":4,"win_rate":0,"timestamp":1562465295,"path_taken":["M","?","$","M","$","R","E","R","T","R","?","?","E","M","R","BOSS","M","M","?","?","?","E","R","E","T","M","?","M","R","E","R","BOSS"],"build_version":"2019-01-23","purchased_purges":0,"victory":false,"max_hp_per_floor":[66,66,66,66,66,66,66,66,66,66,66,71,73,73,73,73,73,75,77,77,77,77,77,82,82,82,82,57,59,59,61,61,61],"card_choices":[{"not_picked":["Deflect","Dagger Throw"],"picked":"Dagger Spray","floor":1.0},{"not_picked":["Dodge and Roll","Flechettes"],"picked":"Flying Knee","floor":4.0},{"not_picked":["Concentrate","Calculated Gamble"],"picked":"Quick Slash","floor":7.0},{"not_picked":["Choke","Outmaneuver","Quick Slash"],"picked":"Singing Bowl","floor":13.0},{"not_picked":["Concentrate","Dagger Spray"],"picked":"Corpse Explosion","floor":14.0},{"not_picked":["Die Die Die","Grand Finale"],"picked":"After Image","floor":16.0},{"not_picked":["Sucker Punch"],"picked":"Singing Bowl","floor":18.0},{"not_picked":["Dagger Spray"],"picked":"Singing Bowl","floor":19.0},{"not_picked":[],"picked":"Poisoned Stab","floor":23.0},{"not_picked":[],"picked":"Slice","floor":25},{"not_picked":[],"picked":"Riddle With Holes+1","floor":27},{"not_picked":["Flying Knee+1"],"picked":"Singing Bowl","floor":29},{"not_picked":["Flying Knee+1"],"picked":"Singing Bowl","floor":31}],"player_experience":2686768,"relics_obtained":[{"floor":7.0,"key":"Shuriken"},{"floor":9.0,"key":"Singing Bowl"},{"floor":13.0,"key":"The Specimen"},{"floor":21.0,"key":"Anchor"},{"floor":23.0,"key":"Juzu Bracelet"},{"floor":25,"key":"Incense Burner"},{"floor":26,"key":"Molten Egg 2"},{"floor":31,"key":"Boot"}],"event_choices":[{"damage_healed":0.0,"max_hp_gain":0.0,"max_hp_loss":0.0,"gold_gain":75.0,"event_name":"World of Goop","player_choice":"Gather Gold","floor":2.0,"gold_loss":0.0,"damage_taken":11.0},{"damage_healed":0.0,"max_hp_gain":0.0,"max_hp_loss":0.0,"gold_gain":0.0,"event_name":"Liars Game","player_choice":"Ignored","floor":11.0,"gold_loss":0.0,"damage_taken":0.0},{"damage_healed":0.0,"max_hp_gain":5.0,"max_hp_loss":0.0,"gold_gain":0.0,"event_name":"Big Fish","player_choice":"Donut","floor":12.0,"gold_loss":0.0,"damage_taken":0.0},{"damage_healed":0.0,"max_hp_gain":0.0,"max_hp_loss":0.0,"gold_gain":0.0,"event_name":"Nest","player_choice":"Joined the Cult","floor":20.0,"gold_loss":0.0,"damage_taken":6.0,"cards_obtained":["RitualDagger"]},{"damage_healed":0.0,"max_hp_gain":0.0,"max_hp_loss":0.0,"gold_gain":0.0,"event_name":"Cursed Tome","player_choice":"Ignored","floor":22.0,"gold_loss":0.0,"damage_taken":0.0},{"damage_healed":0,"gold_gain":0,"player_choice":"Became a vampire","damage_taken":0,"max_hp_gain":0,"max_hp_loss":25,"event_name":"Vampires","floor":28,"gold_loss":0,"cards_obtained":["Bite","Bite","Bite","Bite","Bite"]}],"is_beta":false,"boss_relics":[{"not_picked":["Calling Bell","Coffee Dripper"],"picked":"Busted Crown"}],"items_purged_floors":[],"is_endless":false,"potions_floor_spawned":[16,19,23,25,31],"killed_by":"Collector","ascension_level":19}