{"gold_per_floor":[112,112,37,37,37,37,67,87,87,102,102,41,11],"floor_reached":13,"playtime":538,"items_purged":["Regret"],"score":85,"play_id":"737feef0-de48-4444-b872-b3d1aba05e4c","local_time":"20191015222051","is_ascension_mode":true,"campfire_choices":[{"data":"Creative AI","floor":6,"key":"SMITH"},{"data":"Coolheaded","floor":11,"key":"SMITH"}],"neow_cost":"NONE","seed_source_timestamp":264926470224500,"circlet_count":0,"master_deck":["Strike_B","Strike_B","Strike_B","Strike_B","Defend_B","Defend_B","Defend_B","Defend_B","Zap+1","Dualcast+1","Creative AI+1","Sweeping Beam+1","Coolheaded","Go for the Eyes","Coolheaded+1","Self Repair"],"relics":["Cracked Core","Blood Vial","Dream Catcher","The Courier"],"potions_floor_usage":[],"damage_taken":[{"damage":11,"enemies":"Jaw Worm","floor":1,"turns":5},{"damage":38,"enemies":"3 Sentries","floor":7,"turns":7},{"damage":2,"enemies":"2 Louse","floor":8,"turns":2},{"damage":0,"enemies":"Cultist","floor":10,"turns":3},{"damage":17,"enemies":"Exordium Thugs","floor":13,"turns":2}],"seed_played":"-6801921378214126139","potions_obtained":[],"is_trial":false,"path_per_floor":["M","?","$","?","?","R","E","M","T","M","R","$","M"],"character_chosen":"DEFECT","items_purchased":["Self Repair"],"campfire_rested":0,"item_purchase_floors":[12],"current_hp_per_floor":[64,64,64,49,49,49,13,13,13,15,15,15,0],"gold":11,"neow_bonus":"ONE_RANDOM_RARE_CARD","is_prod":false,"is_daily":false,"chose_seed":false,"campfire_upgraded":2,"win_rate":0,"timestamp":1571149251,"path_taken":["M","?","$","?","?","R","E","M","T","M","R","$","?"],"build_version":"2019-07-17","purchased_purges":1,"victory":false,"max_hp_per_floor":[75,75,75,75,75,75,75,75,75,75,75,75,75],"card_choices":[{"not_picked":["Rebound","Scrape"],"picked":"Sweeping Beam","floor":1},{"not_picked":["Buffer","Core Surge"],"picked":"Coolheaded","floor":7},{"not_picked":["Consume","Conserve Battery"],"picked":"Go for the Eyes","floor":8},{"not_picked":["BootSequence","Sweeping Beam"],"picked":"Coolheaded","floor":10}],"player_experience":190643,"relics_obtained":[{"floor":7,"key":"Dream Catcher"},{"floor":9,"key":"The Courier"}],"event_choices":[{"damage_healed":0,"gold_gain":0,"player_choice":"Box","damage_taken":0,"relics_obtained":["Blood Vial"],"max_hp_gain":0,"max_hp_loss":0,"event_name":"Big Fish","floor":2,"gold_loss":0,"cards_obtained":["Regret"]},{"damage_healed":0,"gold_gain":0,"player_choice":"Entered Light","damage_taken":15,"max_hp_gain":0,"max_hp_loss":0,"event_name":"Shining Light","floor":4,"gold_loss":0,"cards_upgraded":["Dualcast","Sweeping Beam"]},{"damage_healed":0,"gold_gain":0,"player_choice":"Upgraded","damage_taken":0,"max_hp_gain":0,"max_hp_loss":0,"event_name":"Upgrade Shrine","floor":5,"gold_loss":0,"cards_upgraded":["Zap"]}],"is_beta":false,"boss_relics":[],"items_purged_floors":[3],"is_endless":false,"potions_floor_spawned":[],"killed_by":"Exordium Thugs","ascension_level":1}