{"gold_per_floor":[109,109,34,209,224,255,11,24,48,48,59,59,78,96,96,191,191,211,17,33,33,33,10,10,10,56,56,88,88,103,113,113,113],"floor_reached":33,"playtime":2996,"items_purged":["Strike_R","Doubt"],"score":292,"play_id":"c4b93cf7-2af2-44c5-862a-6973831f3c9a","local_time":"20180701224945","is_ascension_mode":true,"campfire_choices":[{"floor":10,"key":"REST"},{"data":"Rampage","floor":12,"key":"SMITH"},{"data":"Bloodletting","floor":15,"key":"SMITH"},{"floor":24,"key":"REST"},{"data":"Demon Form","floor":27,"key":"SMITH"},{"floor":29,"key":"REST"},{"floor":32,"key":"REST"}],"neow_cost":"NONE","seed_source_timestamp":1760689447514929,"circlet_count":0,"master_deck":["Strike_R","Strike_R","Strike_R","Defend_R","Defend_R","Defend_R","Defend_R","Bash","Exhume","Rampage+1","Rupture","Bludgeon","Fiend Fire","Infernal Blade","Battle Trance","Bloodletting+1","Demon Form+1","Rupture","Battle Trance","Pummel","Armaments","Disarm","RitualDagger","Heavy Blade","True Grit","Warcry","True Grit+1"],"relics":["Burning Blood","Anchor","Boot","Sozu","Centennial Puzzle","Lantern","Happy Flower"],"potions_floor_usage":[14,20,28],"damage_taken":[{"damage":7,"enemies":"Jaw Worm","floor":1,"turns":5},{"damage":1,"enemies":"Cultist","floor":5,"turns":4},{"damage":52,"enemies":"Lagavulin","floor":6,"turns":8},{"damage":0,"enemies":"Small Slimes","floor":8,"turns":2},{"damage":0,"enemies":"2 Fungi Beasts","floor":11,"turns":3},{"damage":0,"enemies":"Looter","floor":13,"turns":1},{"damage":0,"enemies":"Exordium Thugs","floor":14,"turns":2},{"damage":30,"enemies":"Slime Boss","floor":16,"turns":8},{"damage":22,"enemies":"Chosen","floor":18,"turns":4},{"damage":25,"enemies":"Spheric Guardian","floor":20,"turns":4},{"damage":25,"enemies":"Book of Stabbing","floor":28,"turns":6},{"damage":29,"enemies":"Centurion and Healer","floor":30,"turns":4},{"damage":18,"enemies":"Cultist and Chosen","floor":31,"turns":5},{"damage":87,"enemies":"Collector","floor":33,"turns":7}],"seed_played":"-4713228587094313526","potions_obtained":[{"floor":11,"key":"Poison Potion"},{"floor":13,"key":"GamblersBrew"},{"floor":14,"key":"PowerPotion"}],"is_trial":false,"path_per_floor":["M","?","$","?","M","E","$","M","T","R","M","R","M","M","R","B",null,"M","$","M","T","?","$","R","$","T","R","E","R","M","M","R"],"character_chosen":"IRONCLAD","items_purchased":["Fiend Fire","Battle Trance","Pummel","Armaments","Heavy Blade"],"campfire_rested":4,"item_purchase_floors":[7,19,19,19,23],"current_hp_per_floor":[79,79,79,79,80,34,34,40,40,64,70,70,76,80,80,56,80,64,64,45,45,39,39,63,63,63,63,44,68,45,33,57,0],"gold":113,"neow_bonus":"ONE_RANDOM_RARE_CARD","is_prod":false,"is_daily":false,"chose_seed":false,"campfire_upgraded":3,"win_rate":0,"timestamp":1530499785,"path_taken":["M","?","$","?","M","E","$","M","T","R","?","R","M","M","R","BOSS","M","?","?","?","?","$","R","$","T","R","E","R","M","M","R","BOSS"],"build_version":"2018-06-21v2","purchased_purges":2,"victory":false,"max_hp_per_floor":[80,80,80,80,80,80,80,80,80,80,80,80,80,80,80,80,80,80,80,80,80,80,80,80,80,80,80,80,80,80,80,80,80],"card_choices":[{"not_picked":["Body Slam","Twin Strike"],"picked":"Rampage","floor":1},{"not_picked":["Reckless Charge","Sword Boomerang"],"picked":"Rupture","floor":5},{"not_picked":["Rampage","Intimidate"],"picked":"Bludgeon","floor":6},{"not_picked":["Sword Boomerang","Clothesline"],"picked":"Infernal Blade","floor":8},{"not_picked":["Dropkick","Twin Strike"],"picked":"Battle Trance","floor":11},{"not_picked":["Body Slam","Searing Blow","Pommel Strike"],"picked":"SKIP","floor":13},{"not_picked":["Clash","Wild Strike"],"picked":"Bloodletting","floor":14},{"not_picked":["Immolate","Feed"],"picked":"Demon Form","floor":16},{"not_picked":["Cleave","Uppercut"],"picked":"Rupture","floor":18},{"not_picked":["Uppercut","Ghostly Armor+1"],"picked":"Disarm","floor":20},{"not_picked":["Sword Boomerang","Clothesline+1"],"picked":"True Grit","floor":28},{"not_picked":["True Grit","Twin Strike"],"picked":"Warcry","floor":30},{"not_picked":["Uppercut","Anger"],"picked":"True Grit+1","floor":31}],"player_experience":1257158,"relics_obtained":[{"floor":6,"key":"Anchor"},{"floor":9,"key":"Boot"},{"floor":21,"key":"Centennial Puzzle"},{"floor":26,"key":"Lantern"},{"floor":28,"key":"Happy Flower"}],"event_choices":[{"event_name":"Bonfire Elementals","player_choice":"BASIC","floor":2,"damage_taken":0},{"event_name":"Liars Game","player_choice":"agreed","floor":4,"damage_taken":0},{"event_name":"Nest","player_choice":"Joined the Cult","floor":22,"damage_taken":0}],"boss_relics":[{"not_picked":["Astrolabe","Calling Bell"],"picked":"Sozu"}],"items_purged_floors":[3,7],"is_endless":false,"potions_floor_spawned":[11,13,14,28,31],"killed_by":"Collector","ascension_level":2}