{"gold_per_floor":[116,116,166,179,196,196,225,243,243,255,281,316,328],"floor_reached":13,"playtime":980,"items_purged":[],"score":165,"play_id":"8a6f90ac-5178-4131-b5d9-c616058fee15","local_time":"20190921122744","is_ascension_mode":true,"campfire_choices":[{"data":"BowlingBash","floor":6.0,"key":"SMITH"},{"data":"Eruption","floor":10,"key":"SMITH"}],"neow_cost":"NONE","seed_source_timestamp":0,"circlet_count":0,"master_deck":["AscendersBane","Eruption+1","Vigilance","Vengeance","Tantrum","Omniscience","Omniscience","Crescendo","ClearTheMind","Protect","Establishment","FollowUp","FearNoEvil","BowlingBash+1","JustLucky","SandsOfTime"],"special_seed":0,"relics":["Pandora\u0027s Box","CeramicFish","MawBank"],"potions_floor_usage":[12],"damage_taken":[{"damage":11.0,"enemies":"Cultist","floor":1.0,"turns":4.0},{"damage":10.0,"enemies":"Small Slimes","floor":4.0,"turns":4.0},{"damage":0.0,"enemies":"Jaw Worm","floor":5.0,"turns":4.0},{"damage":16.0,"enemies":"Gremlin Nob","floor":7.0,"turns":3.0},{"damage":15,"enemies":"3 Louse","floor":8,"turns":3},{"damage":3,"enemies":"Blue Slaver","floor":11,"turns":3},{"damage":4,"enemies":"Lots of Slimes","floor":12,"turns":3},{"damage":7,"enemies":"3 Louse","floor":13,"turns":1}],"seed_played":"8447182421781616","potions_obtained":[{"floor":8,"key":"Weak Potion"},{"floor":11,"key":"AttackPotion"}],"is_trial":false,"path_per_floor":["M","?","?","M","M","R","E","M","T","R","M","M","M"],"character_chosen":"WATCHER","items_purchased":[],"campfire_rested":0,"item_purchase_floors":[],"current_hp_per_floor":[44,49,49,39,39,39,23,8,8,8,5,1,0],"gold":328,"neow_bonus":"BOSS_RELIC","is_prod":false,"is_daily":false,"chose_seed":false,"campfire_upgraded":2,"win_rate":0,"timestamp":1569025664,"path_taken":["M","?","?","M","?","R","E","M","T","R","M","M","M"],"build_version":"2019-09-20","purchased_purges":0,"victory":false,"max_hp_per_floor":[61,66,66,66,66,66,66,66,66,66,66,66,66],"card_choices":[{"not_picked":["Crescendo","Halt"],"picked":"FollowUp","floor":1.0},{"not_picked":["Prostrate","BowlingBash"],"picked":"FearNoEvil","floor":4.0},{"not_picked":["ThirdEye","Perseverance"],"picked":"BowlingBash","floor":5.0},{"not_picked":["Weave","Prostrate","FlowState"],"picked":"SKIP","floor":7},{"not_picked":["Halt","WaveOfTheHand"],"picked":"JustLucky","floor":8},{"not_picked":["CleanseEvil","Prostrate","Devotion"],"picked":"SKIP","floor":11},{"not_picked":["Omniscience","ClearTheMind"],"picked":"SandsOfTime","floor":12}],"player_experience":1140815,"relics_obtained":[{"floor":7,"key":"CeramicFish"},{"floor":9,"key":"MawBank"}],"event_choices":[{"damage_healed":0.0,"max_hp_gain":5.0,"max_hp_loss":0.0,"gold_gain":0.0,"event_name":"Big Fish","player_choice":"Donut","floor":2.0,"gold_loss":0.0,"damage_taken":0.0},{"damage_healed":0.0,"max_hp_gain":0.0,"max_hp_loss":0.0,"gold_gain":50.0,"event_name":"Golden Shrine","player_choice":"Pray","floor":3.0,"gold_loss":0.0,"damage_taken":0.0}],"is_beta":true,"boss_relics":[],"items_purged_floors":[],"is_endless":false,"potions_floor_spawned":[8,11],"killed_by":"3 Louse","ascension_level":18}