{"gold_per_floor":[116,291,241,61,74,105,105,105,105,132,52,68,97,113,113,212,212,223,223,236,37,47,47,58,58,83,99,99,130,172,198,210,327,339,367,379,407,59,70,70,95,95,95,95,95,5,5,55,55,55],"floor_reached":50,"playtime":3627,"items_purged":["Strike_R"],"score":531,"play_id":"79ca2b7a-a614-4cfd-8cad-6802e57c65be","local_time":"20191005211515","is_ascension_mode":false,"campfire_choices":[{"data":"Armaments","floor":8,"key":"SMITH"},{"data":"Metallicize","floor":15,"key":"SMITH"},{"data":"Infernal Blade","floor":23,"key":"SMITH"},{"data":"True Grit","floor":28,"key":"SMITH"},{"floor":30,"key":"DIG"},{"floor":32,"key":"DIG"},{"data":"Secret Technique","floor":40,"key":"SMITH"},{"data":"Dark Embrace","floor":42,"key":"SMITH"},{"floor":44,"key":"DIG"},{"floor":47,"key":"DIG"},{"floor":49,"key":"DIG"}],"neow_cost":"TEN_PERCENT_HP_LOSS","seed_source_timestamp":509666598373400,"circlet_count":0,"master_deck":["Strike_R","Strike_R","Defend_R","Defend_R","Defend_R+1","Defend_R","Bash","Armaments+1","Hemokinesis","Rampage","Power Through","Clash","Evolve","Metallicize+1","Carnage","Heavy Blade","Reaper","Infernal Blade+1","True Grit+1","Cleave+1","True Grit+1","Spot Weakness","Flex","Dark Embrace+1","Infernal Blade+1","Headbutt+1","Secret Technique+1","Headbutt","Demon Form","Doubt","True Grit+1","Wild Strike+1"],"relics":["Burning Blood","Incense Burner","Red Skull","Vajra","Shovel","Bag of Preparation","Pantograph","Coffee Dripper","Membership Card","Nloth\u0027s Gift","Boot","MawBank","Tiny Chest","Bronze Scales","Cursed Key","Sling","Matryoshka","Frozen Egg 2","Bottled Tornado","Molten Egg 2","Juzu Bracelet","Smiling Mask","Torii","Mummified Hand"],"potions_floor_usage":[16,22,33,33,50,50],"damage_taken":[{"damage":1,"enemies":"Jaw Worm","floor":1,"turns":5},{"damage":2,"enemies":"2 Louse","floor":5,"turns":2},{"damage":31,"enemies":"Lagavulin","floor":6,"turns":6},{"damage":17,"enemies":"3 Sentries","floor":10,"turns":9},{"damage":1,"enemies":"Cultist","floor":12,"turns":2},{"damage":24,"enemies":"Gremlin Nob","floor":13,"turns":4},{"damage":1,"enemies":"Blue Slaver","floor":14,"turns":3},{"damage":23,"enemies":"Slime Boss","floor":16,"turns":8},{"damage":13,"enemies":"Shell Parasite","floor":18,"turns":5},{"damage":9,"enemies":"Spheric Guardian","floor":20,"turns":4},{"damage":8,"enemies":"Centurion and Healer","floor":22,"turns":7},{"damage":6,"enemies":"Snake Plant","floor":24,"turns":3},{"damage":10,"enemies":"Cultist and Chosen","floor":27,"turns":5},{"damage":24,"enemies":"Book of Stabbing","floor":29,"turns":5},{"damage":13,"enemies":"Sentry and Sphere","floor":31,"turns":5},{"damage":60,"enemies":"Champ","floor":33,"turns":10},{"damage":27,"enemies":"3 Darklings","floor":35,"turns":3},{"damage":14,"enemies":"Orb Walker","floor":37,"turns":3},{"damage":9,"enemies":"Sphere and 2 Shapes","floor":39,"turns":5},{"damage":54,"enemies":"Giant Head","floor":41,"turns":7},{"damage":30,"enemies":"2 Orb Walkers","floor":48,"turns":4},{"damage":48,"enemies":"Awakened One","floor":50,"turns":5}],"seed_played":"-4468340490892578342","potions_obtained":[{"floor":5,"key":"GamblersBrew"},{"floor":10,"key":"Ancient Potion"},{"floor":12,"key":"SkillPotion"},{"floor":16,"key":"Block Potion"},{"floor":22,"key":"Block Potion"},{"floor":27,"key":"BloodPotion"},{"floor":33,"key":"Strength Potion"},{"floor":41,"key":"Poison Potion"}],"is_trial":false,"path_per_floor":["M","?","?","$","M","E","?","R","T","E","$","M","E","M","R","B",null,"M","?","M","$","M","R","M","?","T","M","R","E","R","M","R","B",null,"M","$","M","$","M","R","E","R","T","R","?","?","R","?","R","B"],"character_chosen":"IRONCLAD","items_purchased":["Hemokinesis","Red Skull","Evolve","Membership Card","Sling","Matryoshka","Secret Technique","Headbutt"],"campfire_rested":0,"item_purchase_floors":[4,4,11,21,38,38,38,38],"current_hp_per_floor":[72,72,72,72,72,47,40,40,40,29,29,34,16,21,21,29,72,65,65,62,62,66,66,66,66,66,62,62,44,44,37,37,56,72,51,51,50,50,47,47,27,27,27,27,27,27,27,23,23,0],"gold":55,"neow_bonus":"ONE_RARE_RELIC","is_prod":false,"is_daily":false,"chose_seed":false,"campfire_upgraded":6,"win_rate":0,"timestamp":1570281315,"path_taken":["M","?","?","?","?","E","?","R","T","E","$","M","E","M","R","BOSS","M","?","M","$","M","R","?","?","T","M","R","E","R","?","R","BOSS","M","$","M","$","M","R","E","R","T","R","?","?","R","?","R","BOSS"],"build_version":"2019-07-17","purchased_purges":1,"victory":false,"max_hp_per_floor":[72,72,72,72,72,72,72,72,72,72,72,72,72,72,72,72,72,72,72,72,72,72,72,72,72,72,72,72,72,72,72,72,72,72,72,72,72,72,72,72,72,72,72,72,72,72,72,72,72,72],"card_choices":[{"not_picked":["Warcry","Flex"],"picked":"Armaments","floor":1},{"not_picked":["Armaments","Double Tap"],"picked":"Rampage","floor":5},{"not_picked":["Havoc","Sword Boomerang"],"picked":"Power Through","floor":6},{"not_picked":["Shockwave","Sword Boomerang"],"picked":"Clash","floor":10},{"not_picked":["Twin Strike","Reckless Charge"],"picked":"Metallicize","floor":12},{"not_picked":["Feel No Pain","Corruption"],"picked":"Carnage","floor":13},{"not_picked":["Pommel Strike","Evolve"],"picked":"Heavy Blade","floor":14},{"not_picked":["Exhume","Brutality"],"picked":"Reaper","floor":16},{"not_picked":["Warcry","Combust","Havoc"],"picked":"SKIP","floor":18},{"not_picked":["Anger","Flex"],"picked":"Infernal Blade","floor":20},{"not_picked":["Rage","Iron Wave+1"],"picked":"True Grit+1","floor":22},{"not_picked":["Havoc+1","Thunderclap"],"picked":"Cleave+1","floor":24},{"not_picked":["Blood for Blood","Hemokinesis"],"picked":"True Grit","floor":27},{"not_picked":["Intimidate","Searing Blow"],"picked":"Spot Weakness","floor":29},{"not_picked":["Armaments","Sword Boomerang"],"picked":"Flex","floor":31},{"not_picked":["Juggernaut","Reaper"],"picked":"Dark Embrace","floor":33},{"not_picked":["Feed","Pummel+1"],"picked":"Infernal Blade+1","floor":35},{"not_picked":["Perfected Strike","Rupture"],"picked":"Headbutt+1","floor":37},{"not_picked":["Seeing Red+1","Power Through+1"],"picked":"Demon Form","floor":39},{"not_picked":["Warcry+1","Brutality","Flex"],"picked":"SKIP","floor":41},{"not_picked":["Intimidate","Cleave+1"],"picked":"Wild Strike+1","floor":48}],"player_experience":93197,"relics_obtained":[{"floor":6,"key":"Vajra"},{"floor":9,"key":"Shovel"},{"floor":10,"key":"Bag of Preparation"},{"floor":13,"key":"Pantograph"},{"floor":26,"key":"Boot"},{"floor":29,"key":"MawBank"},{"floor":30,"key":"Tiny Chest"},{"floor":32,"key":"Bronze Scales"},{"floor":41,"key":"Frozen Egg 2"},{"floor":43,"key":"Bottled Tornado"},{"floor":43,"key":"Molten Egg 2"},{"floor":44,"key":"Juzu Bracelet"},{"floor":47,"key":"Smiling Mask"},{"floor":48,"key":"Torii"},{"floor":49,"key":"Mummified Hand"}],"event_choices":[{"damage_healed":0,"gold_gain":175,"player_choice":"AGREE","damage_taken":0,"max_hp_gain":0,"max_hp_loss":0,"event_name":"Liars Game","floor":2,"gold_loss":0,"cards_obtained":["Doubt"]},{"cards_removed":["Doubt"],"damage_healed":0,"gold_gain":0,"player_choice":"Card Removal","damage_taken":0,"max_hp_gain":0,"max_hp_loss":0,"event_name":"The Cleric","floor":3,"gold_loss":50},{"cards_removed":["Strike_R"],"damage_healed":0,"gold_gain":0,"player_choice":"Card Removal","damage_taken":7,"max_hp_gain":0,"max_hp_loss":0,"event_name":"Golden Wing","floor":7,"gold_loss":0},{"damage_healed":0,"gold_gain":0,"player_choice":"Trade","damage_taken":0,"relics_obtained":["NlothsMask"],"max_hp_gain":0,"max_hp_loss":0,"event_name":"FaceTrader","floor":19,"gold_loss":0},{"damage_healed":0,"gold_gain":0,"player_choice":"Traded Relic","damage_taken":0,"relics_obtained":["Nloth\u0027s Gift"],"max_hp_gain":0,"max_hp_loss":0,"event_name":"N\u0027loth","floor":25,"relics_lost":["NlothsMask"],"gold_loss":0},{"damage_healed":0,"gold_gain":0,"player_choice":"Copied","damage_taken":0,"max_hp_gain":0,"max_hp_loss":0,"event_name":"Duplicator","floor":45,"gold_loss":0,"cards_obtained":["True Grit"]},{"cards_removed":["Strike_R"],"damage_healed":0,"gold_gain":0,"player_choice":"Upgrade and Remove","damage_taken":0,"max_hp_gain":0,"max_hp_loss":0,"event_name":"Designer","floor":46,"gold_loss":90,"cards_upgraded":["Defend_R"]},{"damage_healed":0,"gold_gain":0,"player_choice":"Fight","damage_taken":0,"max_hp_gain":0,"max_hp_loss":0,"event_name":"Mysterious Sphere","floor":48,"gold_loss":0}],"is_beta":false,"boss_relics":[{"not_picked":["Busted Crown","Ectoplasm"],"picked":"Coffee Dripper"},{"not_picked":["Black Star","Fusion Hammer"],"picked":"Cursed Key"}],"items_purged_floors":[38],"is_endless":false,"potions_floor_spawned":[5,10,12,16,22,27,29,31,33,41],"killed_by":"Awakened One","ascension_level":0}