{"gold_per_floor":[217,227,22,97,114,149,149,178,178,198,163,173,173,185,185,289,289,299,299,40,50,50,50,69,69,93,93,106,106,30,46,46,46],"floor_reached":33,"playtime":1172,"items_purged":[],"score":283,"play_id":"b1669178-cf92-42df-96a9-5105f4a3c178","local_time":"20190813091009","is_ascension_mode":true,"campfire_choices":[{"floor":7,"key":"REST"},{"data":"Sunder","floor":13,"key":"SMITH"},{"floor":15,"key":"REST"},{"floor":23,"key":"REST"},{"floor":25,"key":"REST"},{"floor":29,"key":"REST"},{"data":"Meteor Strike","floor":32,"key":"SMITH"}],"neow_cost":"NONE","seed_source_timestamp":157769008887695,"circlet_count":0,"master_deck":["Strike_B","Strike_B","Strike_B","Strike_B","Defend_B","Defend_B","Defend_B","Defend_B","Zap","Dualcast","Sweeping Beam","Turbo","Beam Cell","Sunder+1","Consume","Conserve Battery","Tempest","Echo Form","White Noise","Meteor Strike+1","Rebound","Defragment","Redo","Aggregate+1","Leap+1","Storm","All For One","Cold Snap"],"relics":["Cracked Core","Boot","Gremlin Horn","Shuriken","Mercury Hourglass","White Beast Statue","Bag of Preparation","Vajra","Lantern"],"potions_floor_usage":[16,18,24,24,24,31,33,33],"damage_taken":[{"damage":0,"enemies":"Small Slimes","floor":1,"turns":3},{"damage":7,"enemies":"Jaw Worm","floor":2,"turns":3},{"damage":0,"enemies":"Cultist","floor":5,"turns":3},{"damage":21,"enemies":"Lagavulin","floor":6,"turns":5},{"damage":21,"enemies":"3 Sentries","floor":8,"turns":6},{"damage":0,"enemies":"Blue Slaver","floor":10,"turns":1},{"damage":4,"enemies":"Looter","floor":12,"turns":2},{"damage":2,"enemies":"2 Fungi Beasts","floor":14,"turns":2},{"damage":37,"enemies":"Hexaghost","floor":16,"turns":8},{"damage":22,"enemies":"2 Thieves","floor":18,"turns":2},{"damage":23,"enemies":"Spheric Guardian","floor":21,"turns":4},{"damage":16,"enemies":"Snake Plant","floor":24,"turns":3},{"damage":13,"enemies":"Snecko","floor":28,"turns":3},{"damage":12,"enemies":"3 Cultists","floor":31,"turns":4},{"damage":70,"enemies":"Collector","floor":33,"turns":5}],"seed_played":"-5358242782224816817","potions_obtained":[{"floor":8,"key":"Fire Potion"},{"floor":12,"key":"Block Potion"},{"floor":16,"key":"PowerPotion"},{"floor":18,"key":"Poison Potion"},{"floor":21,"key":"Regen Potion"},{"floor":24,"key":"Fire Potion"},{"floor":28,"key":"Ancient Potion"},{"floor":31,"key":"SkillPotion"}],"is_trial":false,"path_per_floor":["M","M","$","?","M","E","R","E","T","M","?","M","R","M","R","B",null,"M","?","$","M","?","R","M","R","T","?","M","R","$","M","R","B"],"character_chosen":"DEFECT","items_purchased":["Boot","Beam Cell","Vajra","Defragment","Redo","All For One"],"campfire_rested":5,"item_purchase_floors":[3,3,20,20,20,30],"current_hp_per_floor":[75,68,68,57,57,36,58,37,37,37,55,51,51,49,71,34,75,53,53,53,30,30,52,45,67,67,67,54,75,75,63,63,0],"gold":46,"neow_bonus":"HUNDRED_GOLD","is_prod":false,"is_daily":false,"chose_seed":false,"campfire_upgraded":2,"win_rate":0,"timestamp":1565698209,"path_taken":["M","M","$","?","M","E","R","E","T","M","?","M","R","M","R","BOSS","M","?","$","M","?","R","M","R","T","?","M","R","?","M","R","BOSS"],"build_version":"2019-07-17","purchased_purges":0,"victory":false,"max_hp_per_floor":[75,75,75,75,75,75,75,75,75,75,75,75,75,75,75,75,75,75,75,75,75,75,75,75,75,75,75,75,75,75,75,75,75],"card_choices":[{"not_picked":["Coolheaded","Barrage"],"picked":"Sweeping Beam","floor":1},{"not_picked":["Go for the Eyes","Doom and Gloom"],"picked":"Turbo","floor":2},{"not_picked":["Glacier","Rebound"],"picked":"Sunder","floor":5},{"not_picked":["Ball Lightning","Loop"],"picked":"Consume","floor":6},{"not_picked":["Compile Driver","Storm"],"picked":"Conserve Battery","floor":8},{"not_picked":["Redo","Ball Lightning"],"picked":"Tempest","floor":10},{"not_picked":["Compile Driver","Skim"],"picked":"Echo Form","floor":12},{"not_picked":["Coolheaded","Chaos"],"picked":"White Noise","floor":14},{"not_picked":["Thunder Strike","Reboot"],"picked":"Meteor Strike","floor":16},{"not_picked":["Go for the Eyes","Heatsinks"],"picked":"Rebound","floor":18},{"not_picked":["Steam","Turbo+1"],"picked":"Aggregate+1","floor":21},{"not_picked":["Rebound","Double Energy"],"picked":"Leap+1","floor":24},{"not_picked":["Cold Snap","Stack"],"picked":"Storm","floor":28},{"not_picked":["Rebound","Coolheaded"],"picked":"Cold Snap","floor":31}],"player_experience":301351,"relics_obtained":[{"floor":6,"key":"Gremlin Horn"},{"floor":8,"key":"Shuriken"},{"floor":9,"key":"Mercury Hourglass"},{"floor":26,"key":"Lantern"}],"event_choices":[{"damage_healed":0,"gold_gain":75,"player_choice":"Gather Gold","damage_taken":11,"max_hp_gain":0,"max_hp_loss":0,"event_name":"World of Goop","floor":4,"gold_loss":0},{"damage_healed":18,"gold_gain":0,"player_choice":"Healed","damage_taken":0,"max_hp_gain":0,"max_hp_loss":0,"event_name":"The Cleric","floor":11,"gold_loss":35},{"damage_healed":0,"gold_gain":0,"player_choice":"Opened","damage_taken":0,"relics_obtained":["Bag of Preparation"],"max_hp_gain":0,"max_hp_loss":0,"event_name":"The Mausoleum","floor":19,"gold_loss":0},{"damage_healed":0,"gold_gain":0,"player_choice":"Ignored","damage_taken":0,"max_hp_gain":0,"max_hp_loss":0,"event_name":"Ghosts","floor":22,"gold_loss":0},{"damage_healed":0,"gold_gain":0,"player_choice":"Ignored","damage_taken":0,"max_hp_gain":0,"max_hp_loss":0,"event_name":"Beggar","floor":27,"gold_loss":0}],"is_beta":false,"boss_relics":[{"not_picked":["Astrolabe","Empty Cage"],"picked":"White Beast Statue"}],"items_purged_floors":[],"is_endless":false,"potions_floor_spawned":[2,8,12,16,18,21,24,28,31],"killed_by":"Collector","ascension_level":2}