{"gold_per_floor":[112,112,31,51,51,51,81,101,126,138,21,40,56,56,56,152,152,170,170,22,39,39,39,66,66,116,116],"floor_reached":27,"playtime":826,"items_purged":[],"score":254,"play_id":"3d537ae4-b1ac-4b72-b172-d19bc089834d","local_time":"20190824200022","is_ascension_mode":true,"campfire_choices":[{"floor":6,"key":"REST"},{"floor":15,"key":"REST"},{"floor":23,"key":"REST"},{"floor":25,"key":"REST"}],"neow_cost":"NONE","seed_source_timestamp":563757878621717,"circlet_count":0,"master_deck":["Strike_B","Strike_B","Strike_B","Strike_B","Defend_B+1","Defend_B+1","Defend_B+1","Defend_B","Zap+1","Dualcast","Barrage","Sunder+1","Tempest+1","Static Discharge","Self Repair","Capacitor","Undo","Redo","Gash","Leap","Core Surge","Cold Snap","Redo","Sweeping Beam","Darkness","Core Surge","Sweeping Beam","Necronomicurse","Rainbow","Undo","Auto Shields","RitualDagger","Conserve Battery"],"relics":["Cracked Core","Pen Nib","War Paint","Orrery","Necronomicon","Bottled Flame","Ancient Tea Set"],"potions_floor_usage":[10,16,16,27,27],"damage_taken":[{"damage":13,"enemies":"Small Slimes","floor":1,"turns":3},{"damage":2,"enemies":"Jaw Worm","floor":4,"turns":3},{"damage":15,"enemies":"Lagavulin","floor":7,"turns":5},{"damage":0,"enemies":"Cultist","floor":8,"turns":2},{"damage":18,"enemies":"Large Slime","floor":10,"turns":3},{"damage":1,"enemies":"2 Fungi Beasts","floor":12,"turns":3},{"damage":23,"enemies":"Exordium Wildlife","floor":13,"turns":3},{"damage":45,"enemies":"Hexaghost","floor":16,"turns":6},{"damage":23,"enemies":"Shell Parasite","floor":18,"turns":5},{"damage":3,"enemies":"2 Thieves","floor":21,"turns":3},{"damage":31,"enemies":"Book of Stabbing","floor":24,"turns":4},{"damage":51,"enemies":"Gremlin Leader","floor":27,"turns":6}],"seed_played":"-3641011850482328016","potions_obtained":[{"floor":8,"key":"Regen Potion"},{"floor":10,"key":"SpeedPotion"},{"floor":12,"key":"LiquidBronze"},{"floor":16,"key":"Block Potion"},{"floor":18,"key":"FearPotion"}],"is_trial":false,"path_per_floor":["M","?","$","M","?","R","E","M","T","M","$","M","M","?","R","B",null,"M","?","$","M","?","R","E","R","T","E"],"character_chosen":"DEFECT","items_purchased":["Sunder","Undo","Redo","Rainbow","Undo"],"campfire_rested":4,"item_purchase_floors":[3,11,11,20,20],"current_hp_per_floor":[69,53,53,51,51,75,60,60,60,58,58,64,48,48,72,34,82,59,43,43,40,34,58,27,51,51,0],"gold":116,"neow_bonus":"TEN_PERCENT_HP_BONUS","is_prod":false,"is_daily":false,"chose_seed":false,"campfire_upgraded":0,"win_rate":0,"timestamp":1566687622,"path_taken":["M","?","$","M","?","R","E","?","T","M","$","M","M","?","R","BOSS","M","?","$","M","?","R","E","R","T","E"],"build_version":"2019-07-17","purchased_purges":0,"victory":false,"max_hp_per_floor":[82,82,82,82,82,82,82,82,82,82,82,82,82,82,82,82,82,82,82,82,82,82,82,82,82,82,82],"card_choices":[{"not_picked":["Cold Snap","Ball Lightning"],"picked":"Barrage","floor":1},{"not_picked":["Coolheaded","Storm"],"picked":"Tempest","floor":4},{"not_picked":["Hologram","Barrage"],"picked":"Static Discharge","floor":7},{"not_picked":["Barrage","Undo"],"picked":"Self Repair","floor":8},{"not_picked":["Ball Lightning","Stack"],"picked":"Capacitor","floor":10},{"not_picked":["Ball Lightning","Steam Power"],"picked":"Gash","floor":12},{"not_picked":["Machine Learning","Defragment"],"picked":"Leap","floor":13},{"not_picked":["Biased Cognition","Machine Learning"],"picked":"Core Surge","floor":16},{"not_picked":["Stack","Go for the Eyes"],"picked":"Cold Snap","floor":17},{"not_picked":["Doom and Gloom","Rebound"],"picked":"Redo","floor":17},{"not_picked":["Capacitor","Leap"],"picked":"Sweeping Beam","floor":17},{"not_picked":["Scrape","Cold Snap"],"picked":"Darkness","floor":17},{"not_picked":["Compile Driver","Ball Lightning"],"picked":"Core Surge","floor":17},{"not_picked":["Ball Lightning","White Noise"],"picked":"Sweeping Beam","floor":18},{"not_picked":["Compile Driver","Ball Lightning+1"],"picked":"Auto Shields","floor":21},{"not_picked":["Multi-Cast","Compile Driver+1"],"picked":"Conserve Battery","floor":24}],"player_experience":348250,"relics_obtained":[{"floor":7,"key":"Pen Nib"},{"floor":9,"key":"War Paint"},{"floor":19,"key":"Necronomicon"},{"floor":24,"key":"Bottled Flame"},{"floor":26,"key":"Ancient Tea Set"}],"event_choices":[{"damage_healed":0,"gold_gain":0,"player_choice":"Entered Light","damage_taken":16,"max_hp_gain":0,"max_hp_loss":0,"event_name":"Shining Light","floor":2,"gold_loss":0,"cards_upgraded":["Defend_B","Defend_B"]},{"damage_healed":0,"gold_gain":0,"player_choice":"Upgraded","damage_taken":0,"max_hp_gain":0,"max_hp_loss":0,"event_name":"Upgrade Shrine","floor":5,"gold_loss":0,"cards_upgraded":["Sunder"]},{"damage_healed":0,"gold_gain":0,"player_choice":"Grow","damage_taken":0,"max_hp_gain":0,"max_hp_loss":0,"event_name":"Living Wall","floor":14,"gold_loss":0,"cards_upgraded":["Zap"]},{"damage_healed":0,"gold_gain":0,"player_choice":"Obtained Book","damage_taken":16,"max_hp_gain":0,"max_hp_loss":0,"event_name":"Cursed Tome","floor":19,"gold_loss":0},{"damage_healed":0,"gold_gain":0,"player_choice":"Joined the Cult","damage_taken":6,"max_hp_gain":0,"max_hp_loss":0,"event_name":"Nest","floor":22,"gold_loss":0,"cards_obtained":["RitualDagger"]}],"is_beta":false,"boss_relics":[{"not_picked":["Velvet Choker","Astrolabe"],"picked":"Orrery"}],"items_purged_floors":[],"is_endless":false,"potions_floor_spawned":[8,10,12,16,18],"killed_by":"Gremlin Leader","ascension_level":2}