{"gold_per_floor":[116,116,191,22,42,83,102,32,57,57,101,124,137,137,137,232,232,256,72,88,88,106,106,106],"floor_reached":24,"playtime":1922,"items_purged":["Injury","Strike_G"],"score":381,"play_id":"a9c7ef19-f87c-43fb-9d5f-03921080fd08","local_time":"20181215185417","is_ascension_mode":true,"campfire_choices":[{"data":"Bouncing Flask","floor":10,"key":"SMITH"},{"data":"Neutralize","floor":15,"key":"SMITH"},{"floor":23,"key":"REST"}],"neow_cost":"NONE","seed_source_timestamp":968048086827781,"circlet_count":0,"master_deck":["AscendersBane","Defend_G","Defend_G","Defend_G","Defend_G","Strike_G+1","Survivor","Neutralize+1","PiercingWail","Madness","Cloak And Dagger","Bouncing Flask+1","Quick Slash+1","Infinite Blades","Prepared","Cloak And Dagger","Deadly Poison","Corpse Explosion","Malaise+1","Adrenaline+1","Wraith Form v2+1","Bane+1","Bandage Up","Dagger Spray","Deflect"],"relics":["Ring of the Snake","NeowsBlessing","Golden Idol","Blood Vial","Bag of Marbles","Whetstone","Astrolabe"],"potions_floor_usage":[11,14,18,22],"damage_taken":[{"damage":0,"enemies":"2 Louse","floor":1,"turns":1},{"damage":0,"enemies":"Jaw Worm","floor":5,"turns":1},{"damage":0,"enemies":"Gremlin Nob","floor":6,"turns":1},{"damage":2,"enemies":"Cultist","floor":7,"turns":4},{"damage":20,"enemies":"3 Sentries","floor":11,"turns":9},{"damage":0,"enemies":"Looter","floor":12,"turns":5},{"damage":0,"enemies":"Large Slime","floor":13,"turns":5},{"damage":0,"enemies":"Lagavulin Event","floor":14,"turns":1},{"damage":10,"enemies":"Hexaghost","floor":16,"turns":9},{"damage":2,"enemies":"3 Byrds","floor":18,"turns":3},{"damage":6,"enemies":"Shell Parasite","floor":20,"turns":6},{"damage":31,"enemies":"Cultist and Chosen","floor":22,"turns":6},{"damage":74,"enemies":"Gremlin Leader","floor":24,"turns":9}],"seed_played":"-6418774863078038043","potions_obtained":[{"floor":5,"key":"Fire Potion"},{"floor":6,"key":"GamblersBrew"},{"floor":11,"key":"SmokeBomb"},{"floor":18,"key":"GhostInAJar"}],"is_trial":false,"path_per_floor":["M","?","?","$","M","E","M","$","T","R","E","M","M","?","R","B",null,"M","$","M","?","M","R","E"],"character_chosen":"THE_SILENT","items_purchased":["Madness","Infinite Blades","Bandage Up"],"campfire_rested":1,"item_purchase_floors":[4,8,19],"current_hp_per_floor":[63,63,56,56,56,56,56,56,56,56,38,40,42,44,44,36,62,62,62,62,62,37,58,0],"gold":106,"neow_bonus":"THREE_ENEMY_KILL","is_prod":false,"is_daily":false,"chose_seed":false,"campfire_upgraded":2,"win_rate":0,"timestamp":1544918057,"path_taken":["M","?","?","$","M","E","M","$","T","R","E","M","?","?","R","BOSS","M","$","M","?","M","R","E"],"build_version":"2018-12-13","purchased_purges":2,"victory":false,"max_hp_per_floor":[70,70,70,70,70,70,70,70,70,70,70,70,70,70,70,70,70,70,70,70,70,70,70,70],"card_choices":[{"not_picked":["Outmaneuver","Sucker Punch"],"picked":"PiercingWail","floor":1},{"not_picked":["Underhanded Strike","Blade Dance"],"picked":"Cloak And Dagger","floor":5},{"not_picked":["All Out Attack","Backflip"],"picked":"Bouncing Flask","floor":6},{"not_picked":["Heel Hook","Underhanded Strike"],"picked":"Quick Slash","floor":7},{"not_picked":["Unload","PiercingWail"],"picked":"Prepared","floor":11},{"not_picked":["Sucker Punch","Acrobatics"],"picked":"Cloak And Dagger","floor":12},{"not_picked":["Prepared","Blade Dance"],"picked":"Deadly Poison","floor":13},{"not_picked":["Adrenaline","Malaise"],"picked":"Corpse Explosion","floor":16},{"not_picked":["Quick Slash","Infinite Blades"],"picked":"Bane+1","floor":18},{"not_picked":["Prepared","Acrobatics"],"picked":"Dagger Spray","floor":20},{"not_picked":["Bane","Reflex+1"],"picked":"Deflect","floor":22}],"player_experience":2065486,"relics_obtained":[{"floor":6,"key":"Blood Vial"},{"floor":9,"key":"Bag of Marbles"},{"floor":11,"key":"Whetstone"}],"event_choices":[{"damage_healed":0,"gold_gain":0,"player_choice":"Take Wound","damage_taken":0,"relics_obtained":["Golden Idol"],"max_hp_gain":0,"max_hp_loss":0,"event_name":"Golden Idol","floor":2,"gold_loss":0,"cards_obtained":["Injury"]},{"damage_healed":0,"gold_gain":75,"player_choice":"Touch","damage_taken":7,"max_hp_gain":0,"max_hp_loss":0,"event_name":"FaceTrader","floor":3,"gold_loss":0},{"damage_healed":0,"gold_gain":0,"player_choice":"Searched \u00272\u0027 times","damage_taken":0,"max_hp_gain":0,"max_hp_loss":0,"event_name":"Dead Adventurer","floor":14,"gold_loss":0},{"cards_removed":["Strike_G"],"damage_healed":0,"gold_gain":0,"player_choice":"Elegance","damage_taken":0,"max_hp_gain":0,"max_hp_loss":0,"event_name":"Back to Basics","floor":21,"gold_loss":0}],"is_beta":false,"boss_relics":[{"not_picked":["Runic Dome","Empty Cage"],"picked":"Astrolabe"}],"items_purged_floors":[4,19],"is_endless":false,"potions_floor_spawned":[5,6,11,18],"killed_by":"Gremlin Leader","ascension_level":13}