{"gold_per_floor":[115,126,139,149,161,189,189,208,262,262,276,276,286,296,296,397,397,411,431,285,300,316,316,349,18,18,28,41,41,41,56,56,152,152,170,170,187,210,221,221,256,107,107,162,162,189,203,221,221,221],"floor_reached":50,"playtime":6184,"items_purged":["Strike_R","Strike_R"],"score":582,"play_id":"b8d193fb-affe-4b3d-b986-26355e77af66","local_time":"20190907153440","is_ascension_mode":false,"campfire_choices":[{"data":"Clothesline","floor":7,"key":"SMITH"},{"data":"Pommel Strike","floor":10,"key":"SMITH"},{"data":"Combust","floor":12,"key":"SMITH"},{"data":"Rupture","floor":15,"key":"SMITH"},{"data":"Bloodletting","floor":23,"key":"SMITH"},{"data":"Demon Form","floor":29,"key":"SMITH"},{"floor":32,"key":"REST"},{"floor":40,"key":"REST"},{"floor":45,"key":"REST"},{"floor":49,"key":"RECALL"}],"neow_cost":"PERCENT_DAMAGE","seed_source_timestamp":1043109913813980,"circlet_count":0,"master_deck":["Strike_R","Strike_R","Defend_R","Defend_R","Defend_R","Defend_R","Bash","Clothesline+1","Sword Boomerang","Sword Boomerang","Power Through","Anger","Combust+1","Pommel Strike+1","Shrug It Off","Shrug It Off","Rupture+1","Demon Form+1","Intimidate+1","Headbutt+1","Seeing Red","Uppercut+1","Bloodletting+1","Dropkick+1","Ghostly Armor","Flex+1","Iron Wave","Power Through+1","Juggernaut","Disarm+1","Madness","Madness","Rupture+1","Battle Trance","Heavy Blade+1","Immolate","Pommel Strike+1","Intimidate+1"],"special_seed":0,"relics":["Burning Blood","Ginger","Orichalcum","Philosopher\u0027s Stone","Charon\u0027s Ashes","Red Skull","Runic Cube","Anchor","Darkstone Periapt","Pear","Unceasing Top","PreservedInsect"],"potions_floor_usage":[16,16,18,18,24,33,41,41,50,50],"damage_taken":[{"damage":2.0,"enemies":"Jaw Worm","floor":1.0,"turns":5.0},{"damage":0.0,"enemies":"Cultist","floor":2.0,"turns":3.0},{"damage":1.0,"enemies":"2 Louse","floor":3.0,"turns":2.0},{"damage":15.0,"enemies":"Large Slime","floor":4.0,"turns":7.0},{"damage":11.0,"enemies":"Blue Slaver","floor":5.0,"turns":4.0},{"damage":21,"enemies":"Gremlin Nob","floor":6,"turns":5},{"damage":2,"enemies":"Exordium Wildlife","floor":8,"turns":4},{"damage":0,"enemies":"Large Slime","floor":11,"turns":5},{"damage":0,"enemies":"Looter","floor":13,"turns":3},{"damage":2,"enemies":"2 Fungi Beasts","floor":14,"turns":3},{"damage":7,"enemies":"Slime Boss","floor":16,"turns":9},{"damage":17,"enemies":"2 Thieves","floor":18,"turns":4},{"damage":0,"enemies":"Chosen","floor":19,"turns":4},{"damage":17,"enemies":"3 Cultists","floor":21,"turns":5},{"damage":11,"enemies":"Snecko","floor":22,"turns":5},{"damage":17,"enemies":"Book of Stabbing","floor":24,"turns":4},{"damage":15,"enemies":"Chosen and Byrds","floor":27,"turns":5},{"damage":9,"enemies":"Centurion and Healer","floor":28,"turns":4},{"damage":20,"enemies":"3 Cultists","floor":31,"turns":5},{"damage":14,"enemies":"Champ","floor":33,"turns":7},{"damage":13,"enemies":"3 Shapes","floor":35,"turns":6},{"damage":26,"enemies":"3 Darklings","floor":37,"turns":7},{"damage":15,"enemies":"4 Shapes","floor":39,"turns":10},{"damage":33,"enemies":"Nemesis","floor":41,"turns":8},{"damage":30,"enemies":"2 Orb Walkers","floor":44,"turns":5},{"damage":34,"enemies":"Giant Head","floor":46,"turns":7},{"damage":29,"enemies":"Sphere and 2 Shapes","floor":47,"turns":4},{"damage":6,"enemies":"Transient","floor":48,"turns":5},{"damage":51,"enemies":"Awakened One","floor":50,"turns":10}],"seed_played":"8470683124551125600","potions_obtained":[{"floor":1.0,"key":"EssenceOfSteel"},{"floor":3.0,"key":"PowerPotion"},{"floor":11,"key":"SmokeBomb"},{"floor":14,"key":"Swift Potion"},{"floor":16,"key":"SkillPotion"},{"floor":19,"key":"LiquidBronze"},{"floor":27,"key":"SpeedPotion"},{"floor":31,"key":"Swift Potion"},{"floor":37,"key":"AttackPotion"},{"floor":39,"key":"BloodPotion"},{"floor":48,"key":"SpeedPotion"}],"is_trial":false,"path_per_floor":["M","M","M","M","M","E","R","M","T","R","M","R","M","M","R","B",null,"M","M","$","M","M","R","E","$","T","M","M","R","?","M","R","B",null,"M","?","M","T","M","R","E","$","T","?","R","E","M","M","R","B"],"character_chosen":"IRONCLAD","items_purchased":["Seeing Red","Red Skull","Ghostly Armor","Immolate"],"campfire_rested":3,"item_purchase_floors":[20,25,25,42],"current_hp_per_floor":[76,82,87,78,73,58,58,62,62,62,68,68,74,78,78,77,96,85,91,91,80,75,75,64,64,64,55,52,52,52,38,66,58,96,89,77,57,57,48,76,58,58,68,44,75,47,24,24,24,0],"gold":221,"neow_bonus":"TWENTY_PERCENT_HP_BONUS","is_prod":false,"is_daily":false,"chose_seed":false,"campfire_upgraded":6,"win_rate":0,"timestamp":1567884880,"path_taken":["M","M","M","M","M","E","R","M","T","R","M","R","M","M","R","BOSS","M","M","$","M","M","R","E","$","T","M","M","R","?","M","R","BOSS","M","?","M","?","M","R","E","$","T","?","R","E","M","M","R","BOSS"],"build_version":"2019-01-23","purchased_purges":2,"victory":false,"max_hp_per_floor":[96,96,96,96,96,96,96,96,96,96,96,96,96,96,96,96,96,96,96,96,96,96,96,96,96,96,96,96,96,96,96,96,96,96,96,96,96,96,96,96,96,96,106,106,106,106,106,106,106,106],"card_choices":[{"not_picked":["Blood for Blood","Body Slam"],"picked":"Clothesline","floor":1.0},{"not_picked":["Perfected Strike","Havoc"],"picked":"Sword Boomerang","floor":2.0},{"not_picked":["Clothesline","Twin Strike"],"picked":"Sword Boomerang","floor":3.0},{"not_picked":["Warcry","Infernal Blade"],"picked":"Power Through","floor":4.0},{"not_picked":["Power Through","Pommel Strike"],"picked":"Anger","floor":5.0},{"not_picked":["Pommel Strike","Headbutt"],"picked":"Combust","floor":6},{"not_picked":["Second Wind","Clash"],"picked":"Pommel Strike","floor":8},{"not_picked":["Wild Strike","Body Slam"],"picked":"Shrug It Off","floor":11},{"not_picked":["Burning Pact","Clash"],"picked":"Shrug It Off","floor":13},{"not_picked":["Thunderclap","Whirlwind"],"picked":"Rupture","floor":14},{"not_picked":["Berserk","Barricade"],"picked":"Demon Form","floor":16},{"not_picked":["Burning Pact+1","Body Slam+1"],"picked":"Intimidate+1","floor":18},{"not_picked":["Flex","Entrench+1"],"picked":"Headbutt+1","floor":19},{"not_picked":["Evolve","Flame Barrier"],"picked":"Uppercut+1","floor":21},{"not_picked":["Iron Wave","Searing Blow+1"],"picked":"Bloodletting","floor":22},{"not_picked":["Corruption","Twin Strike+1"],"picked":"Dropkick+1","floor":24},{"not_picked":["Berserk","Intimidate"],"picked":"Flex+1","floor":27},{"not_picked":["Flex","Warcry","Headbutt"],"picked":"SKIP","floor":28},{"not_picked":["Twin Strike+1","Clash+1"],"picked":"Power Through+1","floor":31},{"not_picked":["Berserk","Demon Form"],"picked":"Juggernaut","floor":33},{"not_picked":["Headbutt","Thunderclap"],"picked":"Disarm+1","floor":35},{"not_picked":["Iron Wave","Heavy Blade"],"picked":"Rupture+1","floor":37},{"not_picked":["Sword Boomerang","Berserk"],"picked":"Battle Trance","floor":39},{"not_picked":["Twin Strike+1","True Grit"],"picked":"Heavy Blade+1","floor":41},{"not_picked":["Flame Barrier","Sword Boomerang","Twin Strike"],"picked":"SKIP","floor":46},{"not_picked":["Armaments","Havoc"],"picked":"Pommel Strike+1","floor":47},{"not_picked":["Headbutt","Second Wind"],"picked":"Intimidate+1","floor":48}],"player_experience":2915421,"relics_obtained":[{"floor":6,"key":"Ginger"},{"floor":9,"key":"Orichalcum"},{"floor":24,"key":"Charon\u0027s Ashes"},{"floor":38,"key":"Anchor"},{"floor":41,"key":"Darkstone Periapt"},{"floor":43,"key":"Pear"},{"floor":44,"key":"Unceasing Top"},{"floor":46,"key":"PreservedInsect"}],"event_choices":[{"cards_removed":["Strike_R"],"damage_healed":0,"gold_gain":0,"player_choice":"Took Card","damage_taken":0,"max_hp_gain":0,"max_hp_loss":0,"event_name":"NoteForYourself","floor":30,"gold_loss":0,"cards_obtained":["Iron Wave"]},{"damage_healed":0,"gold_gain":0,"player_choice":"Embrace Madness","damage_taken":12,"max_hp_gain":0,"max_hp_loss":0,"event_name":"Winding Halls","floor":36,"gold_loss":0,"cards_obtained":["Madness","Madness"]},{"damage_healed":0,"gold_gain":0,"player_choice":"Fight","damage_taken":0,"max_hp_gain":0,"max_hp_loss":0,"event_name":"Mysterious Sphere","floor":44,"gold_loss":0}],"is_beta":false,"boss_relics":[{"not_picked":["White Beast Statue","Orrery"],"picked":"Philosopher\u0027s Stone"},{"not_picked":["Busted Crown","Eternal Feather"],"picked":"Runic Cube"}],"items_purged_floors":[20,25],"is_endless":false,"potions_floor_spawned":[1,3,11,14,16,19,27,31,37,39,48],"killed_by":"Awakened One","ascension_level":0}