{"gold_per_floor":[144,189,234,279,324,324,369,459,459,504,549,824,869,914,914,1214,1214,1259,1304,1349,1394,1439,1439,1439,1529,1554,1644,1689,1734,1229,60,60,378,378,432,432,22,76,130,130,130,184,218,53,152,29,83,137,137,146],"floor_reached":51,"playtime":2533,"items_purged":[],"score":1356,"play_id":"55bb5353-3b4f-40e2-bf1d-1afac5d57f6a","local_time":"20191011092727","daily_mods":["Cursed Run","Hoarder","Midas"],"is_ascension_mode":false,"campfire_choices":[{"floor":6,"key":"REST"},{"floor":15,"key":"REST"},{"floor":23,"key":"REST"},{"floor":32,"key":"REST"},{"floor":41,"key":"REST"},{"floor":49,"key":"REST"}],"neow_cost":"","seed_source_timestamp":0,"circlet_count":0,"master_deck":["Strike_B","Strike_B","Strike_B","Strike_B","Defend_B","Defend_B","Defend_B","Defend_B","Zap","Dualcast","White Noise+1","White Noise","White Noise","Leap","Leap","Leap","Leap","Leap","Leap","Streamline","Streamline","Streamline","Gash","Gash","Gash","Electrodynamics","Electrodynamics","Electrodynamics","Loop","Loop","Loop","Shame","Shame","Shame","Capacitor","Capacitor","Capacitor","Compile Driver","Compile Driver","Compile Driver","Regret","Regret","Regret","Steam","Steam","Steam","Sweeping Beam","Sweeping Beam","Sweeping Beam","Shame","Shame","Shame","Echo Form","Echo Form","Echo Form","Glacier","Glacier+1","Glacier","Sunder","Sunder","Sunder","Chill+1","Chill+1","Chill+1","Redo+1","Redo+1","Redo+1","Hello World","Hello World","Hello World","Self Repair","Self Repair","Self Repair","Doubt","Doubt","Doubt","Gash","Gash","Gash","Beam Cell","Beam Cell","Beam Cell","Conserve Battery","Conserve Battery","Conserve Battery","Meteor Strike","Meteor Strike","Meteor Strike","Steam","Steam","Steam","FTL+1","FTL+1","Sweeping Beam","Sweeping Beam","Sweeping Beam","Redo+1","Redo+1","Redo+1","Defragment","Defragment","Defragment","The Bomb","The Bomb","The Bomb","Swift Strike","Swift Strike","Swift Strike","Fusion","Fusion","Fusion","Darkness","Darkness","Darkness","Scrape","Scrape","Scrape","Streamline","Streamline","Streamline","Normality","Normality","Normality","Echo Form","Echo Form","Echo Form","Beam Cell+1","Beam Cell+1","Beam Cell+1","Lockon","Lockon","Lockon","Barrage","Barrage","Barrage","Stack","Stack","Stack","Scrape","Scrape","Scrape","Conserve Battery+1","Conserve Battery+1","Conserve Battery+1","Leap+1","Leap+1","Leap+1","Shame","Shame","Shame","Turbo","Turbo","Turbo","Streamline","Streamline","Streamline","Barrage","Barrage","Barrage","Self Repair","Self Repair","Self Repair","Aggregate+1","Aggregate+1","Aggregate+1","Sunder+1","Sunder+1","Sunder+1","Cold Snap+1","Cold Snap+1","Cold Snap+1","Conserve Battery","Conserve Battery","Conserve Battery","Rebound+1","Rebound+1","Rebound+1","Conserve Battery+1","Conserve Battery+1","Conserve Battery+1","Shame","Shame","Shame"],"special_seed":18180,"relics":["Cursed Key","Darkstone Periapt","Du-Vu Doll","Vajra","Singing Bowl","Runic Pyramid","Akabeko","War Paint","Mango","Gremlin Horn","CeramicFish","Orrery","Question Card","Eternal Feather","Runic Capacitor","SacredBark","TungstenRod","Potion Belt","Molten Egg 2"],"potions_floor_usage":[5,10,19,25,45,45],"damage_taken":[{"damage":4,"enemies":"2 Louse","floor":1,"turns":3},{"damage":0,"enemies":"Cultist","floor":2,"turns":3},{"damage":0,"enemies":"Small Slimes","floor":3,"turns":3},{"damage":0,"enemies":"Blue Slaver","floor":4,"turns":5},{"damage":2,"enemies":"2 Fungi Beasts","floor":5,"turns":4},{"damage":6,"enemies":"3 Louse","floor":7,"turns":4},{"damage":9,"enemies":"3 Sentries","floor":8,"turns":4},{"damage":8,"enemies":"Gremlin Gang","floor":10,"turns":3},{"damage":8,"enemies":"Red Slaver","floor":11,"turns":3},{"damage":18,"enemies":"3 Louse","floor":13,"turns":3},{"damage":3,"enemies":"Large Slime","floor":14,"turns":3},{"damage":10,"enemies":"Slime Boss","floor":16,"turns":7},{"damage":20,"enemies":"2 Thieves","floor":18,"turns":2},{"damage":0,"enemies":"Shell Parasite","floor":19,"turns":3},{"damage":22,"enemies":"3 Cultists","floor":20,"turns":4},{"damage":5,"enemies":"Cultist and Chosen","floor":21,"turns":4},{"damage":20,"enemies":"Snake Plant","floor":22,"turns":3},{"damage":14,"enemies":"Book of Stabbing","floor":25,"turns":5},{"damage":0,"enemies":"Gremlin Leader","floor":27,"turns":4},{"damage":10,"enemies":"Snecko","floor":28,"turns":5},{"damage":8,"enemies":"Cultist and Chosen","floor":29,"turns":4},{"damage":28,"enemies":"Collector","floor":33,"turns":7},{"damage":14,"enemies":"3 Shapes","floor":35,"turns":4},{"damage":30,"enemies":"3 Darklings","floor":38,"turns":6},{"damage":15,"enemies":"Transient","floor":39,"turns":5},{"damage":6,"enemies":"4 Shapes","floor":42,"turns":2},{"damage":115,"enemies":"Nemesis","floor":45,"turns":9},{"damage":18,"enemies":"Jaw Worm Horde","floor":47,"turns":4},{"damage":23,"enemies":"Sphere and 2 Shapes","floor":48,"turns":4},{"damage":40,"enemies":"Awakened One","floor":50,"turns":15}],"seed_played":"-6487018245924303858","potions_obtained":[{"floor":1,"key":"EssenceOfSteel"},{"floor":5,"key":"SpeedPotion"},{"floor":7,"key":"LiquidBronze"},{"floor":11,"key":"SteroidPotion"},{"floor":16,"key":"Block Potion"},{"floor":20,"key":"Explosive Potion"},{"floor":22,"key":"Strength Potion"},{"floor":24,"key":"AttackPotion"},{"floor":24,"key":"Weak Potion"},{"floor":25,"key":"Ancient Potion"},{"floor":42,"key":"Block Potion"},{"floor":48,"key":"LiquidBronze"}],"is_trial":false,"path_per_floor":["M","M","M","M","M","R","M","E","T","M","M","?","M","M","R","B",null,"M","M","M","M","M","R","?","E","T","E","M","M","$","$","R","B",null,"M","?","$","M","M","?","R","M","T","$","E","$","M","M","R","B",null],"character_chosen":"DEFECT","items_purchased":["Gremlin Horn","CeramicFish","Orrery","Question Card","Eternal Feather","Runic Capacitor","Defragment","The Bomb","Swift Strike","Fusion","Darkness","Scrape","Streamline","TungstenRod","Lockon","Barrage","Stack","Turbo","Streamline","Barrage","Self Repair","Sunder+1","Cold Snap+1","Conserve Battery"],"campfire_rested":6,"item_purchase_floors":[30,30,30,31,31,31,31,31,31,31,31,31,31,37,37,37,37,44,44,44,44,46,46,46],"current_hp_per_floor":[71,71,71,71,69,75,69,60,78,70,62,80,62,59,92,100,129,109,109,87,82,62,100,100,86,104,118,115,107,107,107,161,158,179,165,165,165,135,127,127,179,173,191,191,90,90,79,56,197,189],"gold":146,"neow_bonus":"","is_prod":false,"is_daily":true,"chose_seed":false,"campfire_upgraded":0,"win_rate":0,"timestamp":1570796847,"path_taken":["M","M","M","M","M","R","M","E","T","M","M","?","M","M","R","BOSS","M","M","M","M","M","R","?","E","T","E","?","M","?","$","R","BOSS","M","?","$","M","?","?","R","M","T","$","E","$","M","M","R","BOSS"],"build_version":"2019-10-10","purchased_purges":0,"victory":true,"max_hp_per_floor":[75,75,75,75,75,75,75,75,93,93,93,111,111,111,111,129,129,129,129,129,129,129,129,129,129,147,161,161,161,161,161,161,179,179,179,179,179,179,179,179,179,179,197,197,197,197,197,197,197,215],"card_choices":[{"not_picked":["Loop","Ball Lightning"],"picked":"White Noise","floor":1},{"not_picked":["Storm","Skim"],"picked":"Leap","floor":2},{"not_picked":["Coolheaded","Beam Cell"],"picked":"Leap","floor":3},{"not_picked":["Rebound","Ball Lightning"],"picked":"Streamline","floor":4},{"not_picked":["Cold Snap","BootSequence"],"picked":"Gash","floor":5},{"not_picked":["Ball Lightning","Redo"],"picked":"Electrodynamics","floor":7},{"not_picked":["Storm","Tempest"],"picked":"Loop","floor":8},{"not_picked":["Cold Snap","Sweeping Beam"],"picked":"Capacitor","floor":10},{"not_picked":["Steam Power","White Noise"],"picked":"Compile Driver","floor":11},{"not_picked":["Hologram","Barrage"],"picked":"Steam","floor":13},{"not_picked":["Turbo","Hologram"],"picked":"Sweeping Beam","floor":14},{"not_picked":["All For One","Creative AI"],"picked":"Echo Form","floor":16},{"not_picked":["Loop+1","Stack+1"],"picked":"Glacier","floor":18},{"not_picked":["Hello World","Streamline+1"],"picked":"Sunder","floor":19},{"not_picked":["BootSequence","Hello World"],"picked":"Chill+1","floor":20},{"not_picked":["Hologram+1","Rip and Tear"],"picked":"Redo+1","floor":21},{"not_picked":["Cold Snap","Coolheaded"],"picked":"Hello World","floor":22},{"not_picked":["Compile Driver","Turbo+1"],"picked":"Self Repair","floor":25},{"not_picked":["Steam","Leap+1"],"picked":"Gash","floor":27},{"not_picked":["Stack","Cold Snap+1"],"picked":"Beam Cell","floor":28},{"not_picked":["Go for the Eyes+1","Rebound+1"],"picked":"Conserve Battery","floor":29},{"not_picked":["Defragment","Sweeping Beam"],"picked":"Meteor Strike","floor":30},{"not_picked":["Hologram","Reprogram"],"picked":"Steam","floor":30},{"not_picked":["Hologram+1","Skim"],"picked":"FTL+1","floor":30},{"not_picked":["Compile Driver","Stack+1"],"picked":"Sweeping Beam","floor":30},{"not_picked":["Blizzard","Skim"],"picked":"Redo+1","floor":30},{"not_picked":["Creative AI","Reboot","Seek"],"picked":"Echo Form","floor":33},{"not_picked":["Compile Driver","Conserve Battery+1","Cold Snap"],"picked":"Beam Cell+1","floor":35},{"not_picked":["Compile Driver+1","Leap+1","Redo"],"picked":"Scrape","floor":38},{"not_picked":["Reinforced Body","Rebound+1","Reprogram+1"],"picked":"Conserve Battery+1","floor":39},{"not_picked":["Cold Snap+1","Reinforced Body+1","Fusion+1"],"picked":"Leap+1","floor":42},{"not_picked":["Lockon+1","Leap","Turbo"],"picked":"Aggregate+1","floor":45},{"not_picked":["Rip and Tear+1","Seek","Hologram+1"],"picked":"Rebound+1","floor":47},{"not_picked":["Rebound+1","Coolheaded","Go for the Eyes+1"],"picked":"Conserve Battery+1","floor":48}],"player_experience":448021,"relics_obtained":[{"floor":8,"key":"Vajra"},{"floor":9,"key":"Singing Bowl"},{"floor":25,"key":"Akabeko"},{"floor":26,"key":"War Paint"},{"floor":27,"key":"Mango"},{"floor":43,"key":"Potion Belt"},{"floor":45,"key":"Molten Egg 2"}],"event_choices":[{"damage_healed":0,"gold_gain":275,"player_choice":"Desecrate","damage_taken":0,"max_hp_gain":0,"max_hp_loss":0,"event_name":"Golden Shrine","floor":12,"gold_loss":0,"cards_obtained":["Regret"]},{"damage_healed":0,"gold_gain":0,"player_choice":"Got Potions","damage_taken":0,"max_hp_gain":0,"max_hp_loss":0,"event_name":"Lab","floor":24,"gold_loss":0},{"damage_healed":0,"gold_gain":0,"player_choice":"Ignored","damage_taken":0,"max_hp_gain":0,"max_hp_loss":0,"event_name":"SecretPortal","floor":36,"gold_loss":0},{"cards_removed":["FTL"],"damage_healed":0,"gold_gain":0,"player_choice":"Removed Attack","damage_taken":0,"max_hp_gain":0,"max_hp_loss":0,"event_name":"Falling","floor":40,"gold_loss":0}],"is_beta":true,"boss_relics":[{"not_picked":["Busted Crown","Velvet Choker"],"picked":"Runic Pyramid"},{"not_picked":["Astrolabe","Calling Bell"],"picked":"SacredBark"}],"items_purged_floors":[],"is_endless":false,"potions_floor_spawned":[1,5,7,11,16,20,22,25,28,29,39,42,48],"ascension_level":0}