{"gold_per_floor":[115,115,115,131,40,40,55,94,94,94,169,193,193,19,19,145,145,166,166,166,184,205,205,205],"floor_reached":24,"playtime":1509,"items_purged":[],"score":213,"play_id":"4d686ab8-fc35-459e-881e-9b810d0d57fe","local_time":"20190907143934","is_ascension_mode":true,"campfire_choices":[{"floor":6,"key":"RECALL"},{"floor":10,"key":"REST"},{"floor":13,"key":"REST"},{"floor":15,"key":"REST"},{"floor":23,"key":"REST"}],"neow_cost":"NONE","seed_source_timestamp":33541270094399,"circlet_count":0,"master_deck":["Strike_G","Strike_G+1","Strike_G","Strike_G+1","Strike_G","Defend_G","Defend_G","Defend_G","Defend_G+1","Defend_G","Survivor","Neutralize","Deadly Poison","Blade Dance+1","Footwork","Poisoned Stab","Flying Knee","Cloak And Dagger","Blade Dance","Poisoned Stab","Bullet Time","Deflect","Deadly Poison","Quick Slash","Endless Agony"],"relics":["Fusion Hammer","Golden Idol","Blue Candle","War Paint","Whetstone","WristBlade","Lantern"],"potions_floor_usage":[16,18],"damage_taken":[{"damage":9,"enemies":"2 Louse","floor":1,"turns":4},{"damage":0,"enemies":"Cultist","floor":4,"turns":5},{"damage":2,"enemies":"Small Slimes","floor":7,"turns":3},{"damage":32,"enemies":"Lagavulin","floor":8,"turns":7},{"damage":0,"enemies":"2 Fungi Beasts","floor":12,"turns":3},{"damage":41,"enemies":"The Guardian","floor":16,"turns":11},{"damage":5,"enemies":"Shell Parasite","floor":18,"turns":5},{"damage":22,"enemies":"Spheric Guardian","floor":21,"turns":6},{"damage":15,"enemies":"Cultist and Chosen","floor":22,"turns":7},{"damage":49,"enemies":"Masked Bandits","floor":24,"turns":3}],"seed_played":"5593913105433304610","potions_obtained":[{"floor":12,"key":"Weak Potion"},{"floor":16,"key":"Block Potion"},{"floor":22,"key":"SpeedPotion"}],"is_trial":false,"path_per_floor":["M","?","?","M","$","R","M","E","T","R","?","M","R","$","R","B",null,"M","?","?","M","M","R","?"],"character_chosen":"THE_SILENT","items_purchased":["Footwork","Poisoned Stab","Whetstone","Poisoned Stab"],"campfire_rested":4,"item_purchase_floors":[5,5,14,14],"current_hp_per_floor":[61,61,61,61,61,61,59,27,27,48,37,37,58,58,70,29,70,65,65,65,43,28,49,0],"gold":205,"neow_bonus":"BOSS_RELIC","is_prod":false,"is_daily":false,"chose_seed":false,"campfire_upgraded":0,"win_rate":0,"timestamp":1567877974,"path_taken":["M","?","?","?","$","R","M","E","T","R","?","M","R","$","R","BOSS","M","?","?","M","?","R","?"],"build_version":"2019-07-17","purchased_purges":0,"victory":false,"max_hp_per_floor":[70,70,70,70,70,70,70,70,70,70,70,70,70,70,70,70,70,70,70,70,70,70,70,70],"card_choices":[{"not_picked":["Quick Slash","Skewer"],"picked":"Deadly Poison","floor":1},{"not_picked":["Outmaneuver","Acrobatics"],"picked":"Blade Dance","floor":4},{"not_picked":["Calculated Gamble","Prepared"],"picked":"Flying Knee","floor":7},{"not_picked":["Finisher","Venomology"],"picked":"Cloak And Dagger","floor":8},{"not_picked":["PiercingWail","Acrobatics"],"picked":"Blade Dance","floor":12},{"not_picked":["Envenom","Die Die Die"],"picked":"Bullet Time","floor":16},{"not_picked":["Dagger Throw+1","Poisoned Stab"],"picked":"Deflect","floor":18},{"not_picked":["Caltrops","A Thousand Cuts"],"picked":"Quick Slash","floor":21},{"not_picked":["Eviscerate","Deflect"],"picked":"Endless Agony","floor":22}],"player_experience":391644,"relics_obtained":[{"floor":8,"key":"Blue Candle"},{"floor":9,"key":"War Paint"}],"event_choices":[{"damage_healed":0,"gold_gain":0,"player_choice":"Take Wound","damage_taken":0,"relics_obtained":["Golden Idol"],"max_hp_gain":0,"max_hp_loss":0,"event_name":"Golden Idol","floor":2,"gold_loss":0,"cards_obtained":["Injury"]},{"cards_removed":["Injury"],"damage_healed":0,"gold_gain":0,"player_choice":"Purged","damage_taken":0,"max_hp_gain":0,"max_hp_loss":0,"event_name":"Purifier","floor":3,"gold_loss":0},{"damage_healed":0,"gold_gain":75,"player_choice":"Gather Gold","damage_taken":11,"max_hp_gain":0,"max_hp_loss":0,"event_name":"World of Goop","floor":11,"gold_loss":0},{"damage_healed":0,"gold_gain":0,"player_choice":"Opened","damage_taken":0,"relics_obtained":["Lantern"],"max_hp_gain":0,"max_hp_loss":0,"event_name":"The Mausoleum","floor":19,"gold_loss":0},{"damage_healed":0,"gold_gain":0,"player_choice":"Copied","damage_taken":0,"max_hp_gain":0,"max_hp_loss":0,"event_name":"Duplicator","floor":20,"gold_loss":0,"cards_obtained":["Deadly Poison"]},{"damage_healed":0,"gold_gain":0,"player_choice":"Fought Bandits","damage_taken":0,"max_hp_gain":0,"max_hp_loss":0,"event_name":"Masked Bandits","floor":24,"gold_loss":0}],"is_beta":false,"boss_relics":[{"not_picked":["Empty Cage","Busted Crown"],"picked":"WristBlade"}],"items_purged_floors":[],"is_endless":false,"potions_floor_spawned":[12,16,22],"killed_by":"Masked Bandits","ascension_level":2}