{"gold_per_floor":[16,31,42,58,9,9,44,44,44,44,9,44,69,121,121,197,197,209,209,209,48,58,90,90,101,154,181,181,193,245,263,263,263],"floor_reached":33,"playtime":4059,"items_purged":[],"score":483,"play_id":"8a7dbf85-5165-4322-915f-aa6247c14781","local_time":"20190122234522","is_ascension_mode":true,"campfire_choices":[{"data":"Streamline","floor":6,"key":"SMITH"},{"floor":8,"key":"REST"},{"data":"Hologram","floor":10,"key":"SMITH"},{"data":"Zap","floor":15,"key":"SMITH"},{"floor":24,"key":"REST"},{"data":"Dualcast","floor":28,"key":"SMITH"},{"floor":32,"key":"REST"}],"neow_cost":"NO_GOLD","seed_source_timestamp":475039180752662,"circlet_count":0,"master_deck":["AscendersBane","Strike_B","Strike_B","Strike_B","Strike_B","Defend_B","Defend_B","Defend_B","Defend_B","Zap+1","Dualcast+1","Hologram+1","Cold Snap","Streamline+1","Steam","Turbo","Tempest","Sweeping Beam","Electrodynamics","RitualDagger","Blind","Doom and Gloom","Ball Lightning+1","Stack","Sunder+1","Stack","Conserve Battery"],"relics":["Cracked Core","Torii","Bag of Preparation","Singing Bowl","Unceasing Top","Odd Mushroom","Anchor","White Beast Statue","Strawberry","Pen Nib","Ornamental Fan"],"potions_floor_usage":[13,16,16,23,27,31,33,33],"damage_taken":[{"damage":1,"enemies":"Jaw Worm","floor":1,"turns":3},{"damage":0,"enemies":"2 Louse","floor":2,"turns":2},{"damage":0,"enemies":"Small Slimes","floor":3,"turns":2},{"damage":9,"enemies":"Exordium Wildlife","floor":4,"turns":6},{"damage":32,"enemies":"Gremlin Nob","floor":7,"turns":5},{"damage":13,"enemies":"3 Sentries","floor":12,"turns":8},{"damage":12,"enemies":"The Mushroom Lair","floor":13,"turns":5},{"damage":17,"enemies":"The Guardian","floor":16,"turns":12},{"damage":0,"enemies":"Chosen","floor":18,"turns":3},{"damage":18,"enemies":"2 Thieves","floor":22,"turns":4},{"damage":8,"enemies":"Gremlin Leader","floor":23,"turns":8},{"damage":1,"enemies":"Snecko","floor":25,"turns":5},{"damage":7,"enemies":"Book of Stabbing","floor":27,"turns":6},{"damage":1,"enemies":"Cultist and Chosen","floor":29,"turns":6},{"damage":11,"enemies":"Shelled Parasite and Fungi","floor":31,"turns":3},{"damage":113,"enemies":"Champ","floor":33,"turns":13}],"seed_played":"2743796158116133472","potions_obtained":[{"floor":7,"key":"Block Potion"},{"floor":12,"key":"EssenceOfSteel"},{"floor":13,"key":"Energy Potion"},{"floor":18,"key":"SpeedPotion"},{"floor":22,"key":"SpeedPotion"},{"floor":23,"key":"Block Potion"},{"floor":27,"key":"EssenceOfSteel"},{"floor":31,"key":"Regen Potion"}],"is_trial":false,"path_per_floor":["M","M","M","M","$","R","E","R","T","R","?","E","?","T","R","B",null,"M","?","?","$","M","E","R","M","T","E","R","M","T","M","R","B"],"character_chosen":"DEFECT","items_purchased":["Turbo","Blind","Doom and Gloom"],"campfire_rested":3,"item_purchase_floors":[5,21,21],"current_hp_per_floor":[67,67,67,58,58,58,26,48,48,48,66,55,43,43,43,26,64,66,60,60,60,42,41,66,65,65,58,58,57,57,48,74,0],"gold":263,"neow_bonus":"ONE_RARE_RELIC","is_prod":false,"is_daily":false,"chose_seed":false,"campfire_upgraded":4,"win_rate":0,"timestamp":1548218722,"path_taken":["M","M","M","M","$","R","E","R","T","R","?","E","?","?","R","BOSS","M","?","?","$","?","E","R","M","T","E","R","M","?","M","R","BOSS"],"build_version":"2019-01-17v2","purchased_purges":0,"victory":false,"max_hp_per_floor":[75,75,75,75,75,75,75,75,75,75,75,77,77,77,77,77,77,79,79,79,79,79,86,86,86,86,86,86,86,86,88,88,88],"card_choices":[{"not_picked":["Barrage","Hello World"],"picked":"Hologram","floor":1},{"not_picked":["Recycle","Barrage"],"picked":"Cold Snap","floor":2},{"not_picked":["Steam Power","Conserve Battery"],"picked":"Streamline","floor":3},{"not_picked":["Streamline","Steam Power"],"picked":"Steam","floor":4},{"not_picked":["Sweeping Beam","Coolheaded"],"picked":"Tempest","floor":7},{"not_picked":["Recycle","Tempest","Barrage"],"picked":"Singing Bowl","floor":12},{"not_picked":["Recycle","Compile Driver"],"picked":"Sweeping Beam","floor":13},{"not_picked":["All For One","Echo Form"],"picked":"Electrodynamics","floor":16},{"not_picked":["Sweeping Beam","Cold Snap","Hello World"],"picked":"Singing Bowl","floor":18},{"not_picked":["Beam Cell","Lockon"],"picked":"Ball Lightning+1","floor":22},{"not_picked":["Lockon","Force Field"],"picked":"Stack","floor":23},{"not_picked":["Static Discharge","Force Field"],"picked":"Sunder+1","floor":25},{"not_picked":["Cold Snap","Creative AI"],"picked":"Stack","floor":27},{"not_picked":["Turbo","Ball Lightning"],"picked":"Conserve Battery","floor":29},{"not_picked":["Conserve Battery","Rebound","Barrage"],"picked":"Singing Bowl","floor":31}],"player_experience":2219044,"relics_obtained":[{"floor":7,"key":"Bag of Preparation"},{"floor":9,"key":"Singing Bowl"},{"floor":12,"key":"Unceasing Top"},{"floor":13,"key":"Odd Mushroom"},{"floor":14,"key":"Anchor"},{"floor":23,"key":"Strawberry"},{"floor":26,"key":"Pen Nib"},{"floor":27,"key":"Ornamental Fan"}],"event_choices":[{"damage_healed":18,"gold_gain":0,"player_choice":"Healed","damage_taken":0,"max_hp_gain":0,"max_hp_loss":0,"event_name":"The Cleric","floor":11,"gold_loss":35},{"damage_healed":0,"gold_gain":0,"player_choice":"Fought Mushrooms","damage_taken":0,"max_hp_gain":0,"max_hp_loss":0,"event_name":"Mushrooms","floor":13,"gold_loss":0},{"damage_healed":0,"gold_gain":0,"player_choice":"Joined the Cult","damage_taken":6,"max_hp_gain":0,"max_hp_loss":0,"event_name":"Nest","floor":19,"gold_loss":0,"cards_obtained":["RitualDagger"]},{"damage_healed":0,"gold_gain":0,"player_choice":"Ignored","damage_taken":0,"max_hp_gain":0,"max_hp_loss":0,"event_name":"Beggar","floor":20,"gold_loss":0}],"is_beta":false,"boss_relics":[{"not_picked":["Astrolabe","Coffee Dripper"],"picked":"White Beast Statue"}],"items_purged_floors":[],"is_endless":false,"potions_floor_spawned":[7,12,13,18,22,23,25,27,29,31],"killed_by":"Champ","ascension_level":13}