{"gold_per_floor":[111,128,145,12,29,63,63,94,144,144,144,144,172,192,192,263,263,279,289,299,23,23,23,49,49,49,49,49,77,89,127,139,151],"floor_reached":33,"playtime":2586,"items_purged":[],"score":610,"play_id":"4679ac10-f180-43c8-8fcd-dcf0ceef1874","local_time":"20190505183801","is_ascension_mode":true,"campfire_choices":[{"data":"Streamline","floor":7,"key":"SMITH"},{"floor":10,"key":"REST"},{"floor":15,"key":"REST"},{"floor":23,"key":"REST"},{"floor":25,"key":"REST"},{"floor":27,"key":"REST"},{"floor":30,"key":"REST"},{"floor":32,"key":"REST"}],"neow_cost":"NONE","seed_source_timestamp":211791814985051,"circlet_count":0,"master_deck":["AscendersBane","Strike_B+1","Strike_B+1","Strike_B+1","Strike_B+1","Defend_B+1","Defend_B+1","Defend_B+1","Defend_B+1","Zap","Dualcast","Steam","Conserve Battery","Core Surge+1","Streamline+1","Glacier","Beam Cell","Coolheaded","Hologram+1","Electrodynamics","Auto Shields","Core Surge","Loop","Hologram","Ball Lightning","Turbo","Go for the Eyes+1","Beam Cell+1"],"relics":["Cracked Core","Darkstone Periapt","Bottled Lightning","Whetstone","Orichalcum","Sozu","Runic Capacitor","PreservedInsect","Molten Egg 2","MawBank","Mummified Hand"],"potions_floor_usage":[5,6,16,24,33],"damage_taken":[{"damage":3,"enemies":"2 Louse","floor":1,"turns":3},{"damage":0,"enemies":"Cultist","floor":2,"turns":4},{"damage":0,"enemies":"Jaw Worm","floor":3,"turns":3},{"damage":2,"enemies":"Lots of Slimes","floor":5,"turns":4},{"damage":10,"enemies":"3 Sentries","floor":6,"turns":9},{"damage":28,"enemies":"Lagavulin","floor":8,"turns":7},{"damage":11,"enemies":"3 Sentries","floor":13,"turns":6},{"damage":0,"enemies":"Blue Slaver","floor":14,"turns":4},{"damage":34,"enemies":"Slime Boss","floor":16,"turns":8},{"damage":11,"enemies":"2 Thieves","floor":18,"turns":4},{"damage":0,"enemies":"Chosen","floor":19,"turns":4},{"damage":13,"enemies":"Shelled Parasite and Fungi","floor":20,"turns":7},{"damage":50,"enemies":"Book of Stabbing","floor":24,"turns":7},{"damage":19,"enemies":"Slavers","floor":29,"turns":4},{"damage":12,"enemies":"Book of Stabbing","floor":31,"turns":4},{"damage":60,"enemies":"Automaton","floor":33,"turns":10}],"seed_played":"-3460984806720924118","potions_obtained":[{"floor":0,"key":"Block Potion"},{"floor":0,"key":"Fire Potion"},{"floor":12,"key":"FearPotion"},{"floor":12,"key":"GamblersBrew"},{"floor":13,"key":"AttackPotion"},{"floor":16,"key":"PowerPotion"}],"is_trial":false,"path_per_floor":["M","M","M","$","M","E","R","E","T","R","?","?","E","M","R","B",null,"M","M","M","$","?","R","E","R","T","R","?","E","R","E","R","B"],"character_chosen":"DEFECT","items_purchased":["Streamline","Glacier","Runic Capacitor","Ball Lightning"],"campfire_rested":7,"item_purchase_floors":[4,4,21,21],"current_hp_per_floor":[61,61,61,61,59,49,49,21,21,42,42,42,31,31,52,18,58,47,47,34,34,34,55,5,26,26,47,47,28,49,37,58,0],"gold":151,"neow_bonus":"THREE_SMALL_POTIONS","is_prod":false,"is_daily":false,"chose_seed":false,"campfire_upgraded":1,"win_rate":0,"timestamp":1557095881,"path_taken":["M","M","M","$","M","E","R","E","T","R","?","?","E","M","R","BOSS","M","M","M","$","?","R","E","R","T","R","?","E","R","E","R","BOSS"],"build_version":"2019-01-23","purchased_purges":0,"victory":false,"max_hp_per_floor":[71,71,71,71,71,71,71,71,71,71,71,71,71,71,71,71,71,71,71,71,71,71,71,71,71,71,71,71,71,71,71,71,71],"card_choices":[{"not_picked":["Sunder","White Noise"],"picked":"Steam","floor":1},{"not_picked":["Compile Driver","Defragment"],"picked":"Conserve Battery","floor":2},{"not_picked":["Melter","Barrage"],"picked":"Core Surge","floor":3},{"not_picked":["Coolheaded","Cold Snap"],"picked":"Beam Cell","floor":5},{"not_picked":["Barrage","Streamline"],"picked":"Coolheaded","floor":6},{"not_picked":["Chill","Steam Power"],"picked":"Hologram","floor":8},{"not_picked":["Heatsinks","Ball Lightning"],"picked":"Electrodynamics","floor":13},{"not_picked":["Cold Snap","Leap"],"picked":"Auto Shields","floor":14},{"not_picked":["Amplify","Multi-Cast"],"picked":"Core Surge","floor":16},{"not_picked":["Streamline","Leap"],"picked":"Loop","floor":18},{"not_picked":["Gash","Blizzard"],"picked":"Hologram","floor":19},{"not_picked":["Leap","Coolheaded","Barrage"],"picked":"SKIP","floor":20},{"not_picked":["Undo","White Noise"],"picked":"Turbo","floor":24},{"not_picked":["Melter+1","Hologram"],"picked":"Go for the Eyes+1","floor":29},{"not_picked":["Go for the Eyes+1","Gash+1"],"picked":"Beam Cell+1","floor":31}],"player_experience":2574653,"relics_obtained":[{"floor":6,"key":"Darkstone Periapt"},{"floor":8,"key":"Bottled Lightning"},{"floor":9,"key":"Whetstone"},{"floor":13,"key":"Orichalcum"},{"floor":24,"key":"PreservedInsect"},{"floor":26,"key":"Molten Egg 2"},{"floor":29,"key":"MawBank"},{"floor":31,"key":"Mummified Hand"}],"event_choices":[{"damage_healed":0,"gold_gain":0,"player_choice":"Grow","damage_taken":0,"max_hp_gain":0,"max_hp_loss":0,"event_name":"Living Wall","floor":11,"gold_loss":0,"cards_upgraded":["Hologram"]},{"damage_healed":0,"gold_gain":0,"player_choice":"Got Potions","damage_taken":0,"max_hp_gain":0,"max_hp_loss":0,"event_name":"Lab","floor":12,"gold_loss":0},{"damage_healed":0,"gold_gain":0,"player_choice":"Simplicity","damage_taken":0,"max_hp_gain":0,"max_hp_loss":0,"event_name":"Back to Basics","floor":22,"gold_loss":0,"cards_upgraded":["Strike_B","Strike_B","Strike_B","Defend_B","Defend_B","Defend_B","Defend_B"]},{"damage_healed":0,"gold_gain":0,"player_choice":"Ignored","damage_taken":0,"max_hp_gain":0,"max_hp_loss":0,"event_name":"The Mausoleum","floor":28,"gold_loss":0}],"is_beta":false,"boss_relics":[{"not_picked":["FrozenCore","Snecko Eye"],"picked":"Sozu"}],"items_purged_floors":[],"is_endless":false,"potions_floor_spawned":[2,3,13,14,16,19,20],"killed_by":"Automaton","ascension_level":18}