{"gold_per_floor":[119,119,119,133,34,34,47,63,87,87,122,122,147,166,166,269,269,281,281,206,206,15,15,48,49,49,25,35,35,35],"floor_reached":30,"playtime":1780,"items_purged":["Defend_G"],"score":384,"play_id":"d02013be-5939-495f-96d5-11482c22b397","local_time":"20181007172353","is_ascension_mode":true,"campfire_choices":[{"floor":6.0,"key":"REST"},{"floor":12,"key":"REST"},{"floor":15,"key":"REST"},{"floor":23,"key":"REST"}],"neow_cost":"","seed_source_timestamp":0,"circlet_count":0,"master_deck":["Defend_G+1","Defend_G","Defend_G+1","Strike_G","Strike_G","Strike_G","Survivor","Neutralize","AscendersBane","Leg Sweep","Poisoned Stab","Deadly Poison","Dagger Spray","Heel Hook","Bane","Noxious Fumes","Blur","Envenom","Prepared+1","Necronomicurse","Terror+1","Riddle With Holes","Underhanded Strike","Footwork+1"],"special_seed":0,"relics":["Ring of the Snake","Juzu Bracelet","PreservedInsect","Mercury Hourglass","White Beast Statue","Necronomicon","Medical Kit","Calipers","Pantograph"],"potions_floor_usage":[11,16,28,28,29,29,29,30],"damage_taken":[{"damage":0.0,"enemies":"2 Louse","floor":1.0,"turns":4.0},{"damage":7.0,"enemies":"Small Slimes","floor":4.0,"turns":6.0},{"damage":0,"enemies":"Jaw Worm","floor":7,"turns":4},{"damage":1,"enemies":"Blue Slaver","floor":8,"turns":4},{"damage":8,"enemies":"Lagavulin","floor":11,"turns":7},{"damage":19,"enemies":"3 Sentries","floor":13,"turns":6},{"damage":0,"enemies":"Exordium Wildlife","floor":14,"turns":3},{"damage":19,"enemies":"The Guardian","floor":16,"turns":9},{"damage":6,"enemies":"3 Byrds","floor":18,"turns":5},{"damage":31,"enemies":"Gremlin Leader","floor":24,"turns":7},{"damage":25,"enemies":"2 Thieves","floor":25,"turns":5},{"damage":1,"enemies":"3 Cultists","floor":28,"turns":3},{"damage":0,"enemies":"Colosseum Slavers","floor":29,"turns":1},{"damage":11,"enemies":"Centurion and Healer","floor":30,"turns":2}],"seed_played":"4508827751175681630","potions_obtained":[{"floor":7,"key":"SkillPotion"},{"floor":14,"key":"PowerPotion"},{"floor":16,"key":"FearPotion"},{"floor":18,"key":"Strength Potion"},{"floor":24,"key":"Strength Potion"},{"floor":25,"key":"SpeedPotion"},{"floor":28,"key":"EntropicBrew"}],"is_trial":false,"path_per_floor":["M","?","?","M","$","R","M","M","T","?","E","R","E","M","R","B",null,"M","?","?","?","$","R","E","M","T","$","M","?"],"character_chosen":"THE_SILENT","items_purchased":["Deadly Poison","Medical Kit","Underhanded Strike"],"campfire_rested":4,"item_purchase_floors":[5,22,27],"current_hp_per_floor":[63,56,42,35,35,56,56,55,55,55,47,68,49,49,70,51,65,59,59,59,43,43,64,33,8,8,8,7,7,0],"gold":35,"neow_bonus":"","is_prod":false,"is_daily":false,"chose_seed":false,"campfire_upgraded":0,"win_rate":0,"timestamp":1538947433,"path_taken":["M","?","?","M","$","R","M","M","T","?","E","R","E","M","R","BOSS","M","?","?","?","$","R","E","M","T","$","M","?","M"],"build_version":"2018-10-04v2","purchased_purges":1,"victory":false,"max_hp_per_floor":[70,70,70,70,70,70,70,70,70,70,70,70,70,70,70,70,70,70,70,70,70,70,70,70,70,70,70,70,70,70],"card_choices":[{"not_picked":["Underhanded Strike","Deflect"],"picked":"Leg Sweep","floor":1.0},{"not_picked":["Underhanded Strike","PiercingWail"],"picked":"Poisoned Stab","floor":4.0},{"not_picked":["Deadly Poison","Sucker Punch"],"picked":"Dagger Spray","floor":7},{"not_picked":["Choke","Prepared"],"picked":"Heel Hook","floor":8},{"not_picked":["Escape Plan","A Thousand Cuts"],"picked":"Bane","floor":11},{"not_picked":["Outmaneuver","Quick Slash"],"picked":"Noxious Fumes","floor":13},{"not_picked":["Poisoned Stab","Deadly Poison"],"picked":"Blur","floor":14},{"not_picked":["A Thousand Cuts","Phantasmal Killer"],"picked":"Envenom","floor":16},{"not_picked":["Slice","Predator"],"picked":"Prepared+1","floor":18},{"not_picked":["Flechettes","Expertise+1"],"picked":"Terror+1","floor":24},{"not_picked":["Dodge and Roll","Backstab"],"picked":"Riddle With Holes","floor":25},{"not_picked":["Acrobatics+1","Masterful Stab"],"picked":"Footwork+1","floor":28}],"player_experience":1811060,"relics_obtained":[{"floor":9,"key":"Juzu Bracelet"},{"floor":11,"key":"PreservedInsect"},{"floor":13,"key":"Mercury Hourglass"},{"floor":21,"key":"Necronomicon"},{"floor":24,"key":"Calipers"},{"floor":26,"key":"Pantograph"}],"event_choices":[{"event_name":"Golden Wing","player_choice":"Card Removal","floor":2.0,"damage_taken":0.0},{"event_name":"Shining Light","player_choice":"Entered Light","floor":3.0,"damage_taken":0.0},{"event_name":"Dead Adventurer","player_choice":"Searched \u00271\u0027 times","floor":10,"damage_taken":0},{"event_name":"Bonfire Elementals","player_choice":"BASIC","floor":19,"damage_taken":0},{"event_name":"Beggar","player_choice":"Gave Gold","floor":20,"damage_taken":0},{"event_name":"Cursed Tome","player_choice":"Obtained Book","floor":21,"damage_taken":0},{"event_name":"Colosseum","player_choice":"Fight","floor":29,"damage_taken":0},{"event_name":"Colosseum","player_choice":"Fled From Nobs","floor":29,"damage_taken":0}],"is_beta":false,"boss_relics":[{"not_picked":["Pandora\u0027s Box","Runic Pyramid"],"picked":"White Beast Statue"}],"items_purged_floors":[5],"is_endless":false,"potions_floor_spawned":[7,14,16,18,24,25,28,29],"killed_by":"Centurion and Healer","ascension_level":10}