{"gold_per_floor":[114,129,6,6,6,44,44,88,115,131,131,156,2,25,25,146,146,171,137,137,137,180,180,180,211,258,258,281,305,328,347,347,471,471,485,508,508,508],"floor_reached":38,"playtime":2565,"items_purged":["Strike_B"],"score":564,"play_id":"005c8ae1-97da-4b4f-99eb-4d348a463591","local_time":"20180805174845","is_ascension_mode":true,"campfire_choices":[{"floor":7,"key":"REST"},{"floor":11,"key":"REST"},{"data":"Beam Cell","floor":15,"key":"SMITH"},{"floor":24,"key":"REST"},{"floor":27,"key":"REST"},{"floor":32,"key":"REST"}],"neow_cost":"NONE","seed_source_timestamp":138952590522525,"circlet_count":0,"master_deck":["Strike_B","Strike_B","Strike_B","Defend_B","Defend_B","Defend_B","Defend_B","Zap","Dualcast","Rebound","Doom and Gloom","Streamline","Hologram","Ball Lightning","FTL","Beam Cell+1","Hyperbeam","Cold Snap","Thunder Strike","Auto Shields+1","White Noise","Zap","Coolheaded","Deep Breath","Necronomicurse","Steam Power+1","Lockon","Reinforced Body","Go for the Eyes","Double Energy","BootSequence","All For One","Chill","Undo","Mind Blast","Finesse"],"relics":["Cracked Core","NeowsBlessing","Golden Idol","DataDisk","Cables","Potion Belt","Velvet Choker","Necronomicon","Red Mask","Ice Cream","Orichalcum","Inserter"],"potions_floor_usage":[10,12,16,18,18,22,23,25,33,33,36,38],"damage_taken":[{"damage":0,"enemies":"Jaw Worm","floor":1,"turns":1},{"damage":0,"enemies":"Small Slimes","floor":2,"turns":1},{"damage":0,"enemies":"3 Sentries","floor":6,"turns":1},{"damage":35,"enemies":"Lagavulin","floor":8,"turns":6},{"damage":1,"enemies":"2 Louse","floor":10,"turns":2},{"damage":0,"enemies":"Blue Slaver","floor":12,"turns":2},{"damage":0,"enemies":"Large Slime","floor":14,"turns":2},{"damage":22,"enemies":"Hexaghost","floor":16,"turns":7},{"damage":11,"enemies":"2 Thieves","floor":18,"turns":2},{"damage":41,"floor":22,"turns":4},{"damage":0,"enemies":"Gremlin Leader","floor":23,"turns":1},{"damage":20,"enemies":"Slavers","floor":25,"turns":5},{"damage":0,"enemies":"Chosen","floor":28,"turns":2},{"damage":0,"enemies":"Snecko","floor":29,"turns":2},{"damage":0,"enemies":"Cultist and Chosen","floor":30,"turns":4},{"damage":0,"enemies":"Sentry and Sphere","floor":31,"turns":3},{"damage":38,"enemies":"Collector","floor":33,"turns":5},{"damage":0,"enemies":"Orb Walker","floor":35,"turns":3},{"damage":24,"enemies":"3 Shapes","floor":36,"turns":4},{"damage":52,"enemies":"Maw","floor":38,"turns":5}],"seed_played":"795249009184929196","potions_obtained":[{"floor":8,"key":"EntropicBrew"},{"floor":10,"key":"Ancient Potion"},{"floor":12,"key":"Weak Potion"},{"floor":22,"key":"FearPotion"},{"floor":29,"key":"SteroidPotion"},{"floor":31,"key":"Ancient Potion"},{"floor":33,"key":"Block Potion"},{"floor":35,"key":"GamblersBrew"}],"is_trial":false,"path_per_floor":["M","M","$","?","?","E","R","E","T","M","R","M","$","M","R","B",null,"M","$","?","?","?","E","R","E","T","R","M","M","M","M","R","B",null,"M","M","?"],"character_chosen":"DEFECT","items_purchased":["Streamline","Hyperbeam","White Noise"],"campfire_rested":5,"item_purchase_floors":[3,13,19],"current_hp_per_floor":[75,75,75,75,57,57,75,40,40,39,61,61,61,61,61,39,75,64,64,64,48,7,7,29,9,9,31,31,31,31,31,53,15,75,75,51,46,0],"gold":508,"neow_bonus":"THREE_ENEMY_KILL","is_prod":false,"is_daily":false,"chose_seed":false,"campfire_upgraded":1,"win_rate":0,"timestamp":1533505725,"path_taken":["M","M","$","?","?","E","R","E","T","M","R","M","$","M","R","BOSS","M","$","?","?","?","E","R","E","T","R","M","M","?","M","R","BOSS","M","M","?","M"],"build_version":"2018-08-02","purchased_purges":1,"victory":false,"max_hp_per_floor":[75,75,75,75,75,75,75,75,75,75,75,75,75,75,75,75,75,75,75,75,75,75,75,75,75,75,75,75,75,75,75,75,75,75,75,75,75,75],"card_choices":[{"not_picked":["Redo","Blizzard"],"picked":"Rebound","floor":1},{"not_picked":["Coolheaded","Cold Snap"],"picked":"Doom and Gloom","floor":2},{"not_picked":["Meteor Strike","Leap"],"picked":"Hologram","floor":6},{"not_picked":["Compile Driver","Barrage"],"picked":"Ball Lightning","floor":8},{"not_picked":["Steam Power","Blizzard"],"picked":"FTL","floor":10},{"not_picked":["Ball Lightning","Sweeping Beam"],"picked":"Beam Cell","floor":12},{"not_picked":["Streamline","Coolheaded"],"picked":"Cold Snap","floor":14},{"not_picked":["Meteor Strike","Core Surge"],"picked":"Thunder Strike","floor":16},{"not_picked":["Heatsinks","Stack"],"picked":"Auto Shields+1","floor":18},{"not_picked":["Ball Lightning","Leap"],"picked":"Steam Power+1","floor":22},{"not_picked":["Loop","Barrage+1"],"picked":"Lockon","floor":25},{"not_picked":["Cold Snap","Gash"],"picked":"Reinforced Body","floor":28},{"not_picked":["Compile Driver","Ball Lightning"],"picked":"Go for the Eyes","floor":29},{"not_picked":["Streamline","Stack"],"picked":"Double Energy","floor":30},{"not_picked":["Go for the Eyes","Lockon"],"picked":"BootSequence","floor":31},{"not_picked":["Meteor Strike","Fission"],"picked":"All For One","floor":33},{"not_picked":["Redo","Hello World+1"],"picked":"Chill","floor":35},{"not_picked":["Streamline","Sweeping Beam+1"],"picked":"Undo","floor":36},{"not_picked":["Master of Strategy","Bandage Up"],"picked":"Mind Blast","floor":37},{"not_picked":["Transmutation","Jack Of All Trades"],"picked":"Finesse","floor":37}],"player_experience":1448218,"relics_obtained":[{"floor":6,"key":"DataDisk"},{"floor":8,"key":"Cables"},{"floor":9,"key":"Potion Belt"},{"floor":21,"key":"Necronomicon"},{"floor":22,"key":"Red Mask"},{"floor":25,"key":"Ice Cream"},{"floor":26,"key":"Orichalcum"}],"event_choices":[{"event_name":"The Cleric","player_choice":"Leave","floor":4,"damage_taken":0},{"event_name":"Golden Idol","player_choice":"Take Damage","floor":5,"damage_taken":0},{"event_name":"Match and Keep!","player_choice":"3 cards matched","floor":20,"damage_taken":0},{"event_name":"Cursed Tome","player_choice":"Obtained Book","floor":21,"damage_taken":0},{"event_name":"Masked Bandits","player_choice":"Fought over 137 gold","floor":22,"damage_taken":0},{"event_name":"SensoryStone","player_choice":"Memory 2","floor":37,"damage_taken":0}],"is_beta":false,"boss_relics":[{"not_picked":["Runic Dome","Orrery"],"picked":"Velvet Choker"},{"not_picked":["Sozu","Lizard Tail"],"picked":"Inserter"}],"items_purged_floors":[3],"is_endless":false,"potions_floor_spawned":[8,10,12,22,29,31,33,35],"killed_by":"Maw","ascension_level":4}