{"gold_per_floor":[118,118,128,142,157,157,176,201,226,25,25,37,55,55,55,160,160,170,45,60,14,14,43,43,43,96,196,24,36,56,74,74,74],"floor_reached":33,"playtime":2248,"items_purged":[],"score":332,"play_id":"3b969bde-e339-418c-99d4-243ea70ba7fb","local_time":"20190823191237","is_ascension_mode":true,"campfire_choices":[{"data":"Cloak And Dagger","floor":6,"key":"SMITH"},{"floor":11,"key":"REST"},{"data":"Burst","floor":15,"key":"SMITH"},{"floor":24,"key":"REST"},{"floor":32,"key":"REST"}],"neow_cost":"NONE","seed_source_timestamp":548022871254147,"circlet_count":0,"master_deck":["Strike_G","Strike_G","Defend_G","Defend_G","Defend_G","Defend_G","Defend_G","Survivor","Neutralize","Blur+1","Masterful Stab+1","PiercingWail+1","Blade Dance","Cloak And Dagger+1","Deadly Poison","Dagger Spray","Masterful Stab","Burst+1","Slice","Backflip","Prepared","Storm of Steel","Dagger Spray+1","Blade Dance","Quick Slash+1","Poisoned Stab","Setup+1","Blade Dance","Shame","Quick Slash","Terror+1","Deflect","Calculated Gamble","PiercingWail","Distraction"],"relics":["Astrolabe","Smiling Mask","MawBank","TwistedFunnel","Meat on the Bone","Busted Crown","Ancient Tea Set","Anchor","Tiny Chest","Unceasing Top","Pear","Whetstone"],"potions_floor_usage":[3,16,16,23,27,31],"damage_taken":[{"damage":0,"enemies":"Small Slimes","floor":1,"turns":5},{"damage":0,"enemies":"Cultist","floor":3,"turns":5},{"damage":0,"enemies":"Jaw Worm","floor":4,"turns":4},{"damage":0,"enemies":"2 Fungi Beasts","floor":5,"turns":3},{"damage":0,"enemies":"3 Louse","floor":7,"turns":2},{"damage":32,"enemies":"3 Sentries","floor":8,"turns":12},{"damage":0,"enemies":"Looter","floor":12,"turns":2},{"damage":0,"enemies":"Blue Slaver","floor":13,"turns":2},{"damage":50,"enemies":"Slime Boss","floor":16,"turns":26},{"damage":28,"enemies":"Spheric Guardian","floor":18,"turns":6},{"damage":0,"enemies":"2 Thieves","floor":20,"turns":4},{"damage":41,"enemies":"Gremlin Leader","floor":23,"turns":7},{"damage":4,"enemies":"Colosseum Slavers","floor":27,"turns":3},{"damage":25,"enemies":"Colosseum Nobs","floor":27,"turns":5},{"damage":3,"enemies":"Cultist and Chosen","floor":29,"turns":5},{"damage":20,"enemies":"Shelled Parasite and Fungi","floor":30,"turns":5},{"damage":16,"enemies":"Chosen and Byrds","floor":31,"turns":5},{"damage":87,"enemies":"Champ","floor":33,"turns":10}],"seed_played":"4728593835385390604","potions_obtained":[{"floor":2,"key":"Fruit Juice"},{"floor":2,"key":"Weak Potion"},{"floor":2,"key":"Dexterity Potion"},{"floor":3,"key":"Fire Potion"},{"floor":4,"key":"GhostInAJar"},{"floor":23,"key":"Regen Potion"},{"floor":27,"key":"SpeedPotion"},{"floor":30,"key":"Fire Potion"}],"is_trial":false,"path_per_floor":["M","?","M","M","M","R","M","E","T","$","R","M","M","T","R","B",null,"M","$","M","$","?","E","R","?","T","?","$","M","M","M","R","B"],"character_chosen":"THE_SILENT","items_purchased":["TwistedFunnel","Slice","Blade Dance","Quick Slash","Poisoned Stab","Blade Dance","Whetstone","Deflect"],"campfire_rested":3,"item_purchase_floors":[10,10,19,19,19,21,28,28],"current_hp_per_floor":[70,70,75,75,75,75,75,43,43,43,65,65,65,65,65,27,75,47,47,47,47,47,18,40,65,65,58,58,55,47,43,68,0],"gold":74,"neow_bonus":"BOSS_RELIC","is_prod":false,"is_daily":false,"chose_seed":false,"campfire_upgraded":2,"win_rate":0,"timestamp":1566598357,"path_taken":["M","?","?","?","?","R","M","E","T","$","R","M","M","?","R","BOSS","M","$","M","$","?","E","R","?","T","?","?","?","?","M","R","BOSS"],"build_version":"2019-07-17","purchased_purges":0,"victory":false,"max_hp_per_floor":[70,70,75,75,75,75,75,75,75,75,75,75,75,75,75,75,75,75,75,75,75,75,75,75,75,75,85,85,85,85,85,85,85],"card_choices":[{"not_picked":["Dodge and Roll","Cloak And Dagger"],"picked":"Blade Dance","floor":1},{"not_picked":["Bane","Sucker Punch"],"picked":"Cloak And Dagger","floor":3},{"not_picked":["Bouncing Flask","Dagger Throw"],"picked":"Deadly Poison","floor":4},{"not_picked":["Cloak And Dagger","Flying Knee"],"picked":"Dagger Spray","floor":5},{"not_picked":["Terror","Backflip"],"picked":"Masterful Stab","floor":7},{"not_picked":["Acrobatics","Underhanded Strike"],"picked":"Burst","floor":8},{"not_picked":["Outmaneuver","Bane"],"picked":"Backflip","floor":12},{"not_picked":["Flechettes","Escape Plan"],"picked":"Prepared","floor":13},{"not_picked":["Venomology","Night Terror"],"picked":"Storm of Steel","floor":16},{"not_picked":[],"picked":"Dagger Spray","floor":18},{"not_picked":[],"picked":"Setup+1","floor":20},{"not_picked":[],"picked":"Quick Slash","floor":23},{"not_picked":[],"picked":"Terror+1","floor":27},{"not_picked":[],"picked":"Calculated Gamble","floor":29},{"not_picked":[],"picked":"PiercingWail","floor":30},{"not_picked":[],"picked":"Distraction","floor":31}],"player_experience":341723,"relics_obtained":[{"floor":8,"key":"Smiling Mask"},{"floor":9,"key":"MawBank"},{"floor":14,"key":"Meat on the Bone"},{"floor":23,"key":"Anchor"},{"floor":26,"key":"Tiny Chest"},{"floor":27,"key":"Unceasing Top"},{"floor":27,"key":"Pear"}],"event_choices":[{"damage_healed":0,"gold_gain":0,"player_choice":"Got Potions","damage_taken":0,"max_hp_gain":0,"max_hp_loss":0,"event_name":"Lab","floor":2,"gold_loss":0},{"damage_healed":0,"gold_gain":0,"player_choice":"Stole Relic","damage_taken":0,"relics_obtained":["Ancient Tea Set"],"max_hp_gain":0,"max_hp_loss":0,"event_name":"Addict","floor":22,"gold_loss":0,"cards_obtained":["Shame"]},{"damage_healed":25,"gold_gain":0,"player_choice":"Heal","damage_taken":0,"max_hp_gain":0,"max_hp_loss":0,"event_name":"The Library","floor":25,"gold_loss":0},{"damage_healed":0,"gold_gain":0,"player_choice":"Fight","damage_taken":0,"max_hp_gain":0,"max_hp_loss":0,"event_name":"Colosseum","floor":27,"gold_loss":0},{"damage_healed":0,"gold_gain":0,"player_choice":"Fought Nobs","damage_taken":0,"max_hp_gain":0,"max_hp_loss":0,"event_name":"Colosseum","floor":27,"gold_loss":0}],"is_beta":false,"boss_relics":[{"not_picked":["Fusion Hammer","Runic Dome"],"picked":"Busted Crown"}],"items_purged_floors":[],"is_endless":false,"potions_floor_spawned":[3,4,13,23,27,30],"killed_by":"Champ","ascension_level":1}