{"gold_per_floor":[114,130,149,168,3,3,38,38,107,107,139,155,155,167,167,245,245,256,266,73,73,73,73,73],"floor_reached":24,"playtime":2022,"items_purged":[],"score":412,"play_id":"a9a7f351-ecb6-45ca-bb75-6e1868961dda","local_time":"20190919232428","is_ascension_mode":true,"campfire_choices":[{"data":"Neutralize","floor":6.0,"key":"SMITH"},{"data":"Glass Knife","floor":8.0,"key":"SMITH"},{"data":"Bouncing Flask","floor":10.0,"key":"SMITH"},{"data":"Deflect","floor":15.0,"key":"SMITH"},{"data":"After Image","floor":23,"key":"SMITH"}],"neow_cost":"NONE","seed_source_timestamp":1395825861786339,"circlet_count":0,"master_deck":["AscendersBane","Defend_G","Defend_G","Defend_G","Defend_G","Strike_G","Strike_G","Strike_G","Strike_G","Survivor","Neutralize+1","Die Die Die","Deflect+1","Bouncing Flask+1","Deflect","Flying Knee","Glass Knife+1","Deadly Poison","Terror","Choke","Poisoned Stab","After Image+1","Blade Dance","Slice","Panache"],"special_seed":0,"relics":["Ring of the Snake","Ice Cream","Darkstone Periapt","Lantern","Empty Cage"],"potions_floor_usage":[19,24],"damage_taken":[{"damage":0.0,"enemies":"2 Louse","floor":1.0,"turns":2.0},{"damage":1.0,"enemies":"Small Slimes","floor":2.0,"turns":3.0},{"damage":5.0,"enemies":"Jaw Worm","floor":3.0,"turns":4.0},{"damage":0.0,"enemies":"2 Fungi Beasts","floor":4.0,"turns":3.0},{"damage":3.0,"enemies":"Lagavulin","floor":7.0,"turns":7.0},{"damage":16.0,"enemies":"Gremlin Nob","floor":11.0,"turns":4.0},{"damage":7.0,"enemies":"Gremlin Gang","floor":12.0,"turns":6.0},{"damage":0.0,"enemies":"Lots of Slimes","floor":14.0,"turns":1.0},{"damage":15.0,"enemies":"The Guardian","floor":16.0,"turns":8.0},{"damage":7,"enemies":"3 Byrds","floor":18,"turns":5},{"damage":3,"enemies":"2 Thieves","floor":19,"turns":4},{"damage":46,"enemies":"Book of Stabbing","floor":24,"turns":5}],"seed_played":"1383260470293730953","potions_obtained":[{"floor":2.0,"key":"Regen Potion"},{"floor":4.0,"key":"AttackPotion"},{"floor":12.0,"key":"Strength Potion"},{"floor":14.0,"key":"Fire Potion"},{"floor":18,"key":"EssenceOfSteel"}],"is_trial":false,"path_per_floor":["M","M","M","M","$","R","E","R","T","R","E","M","?","M","R","B",null,"M","M","$","?","?","R","E"],"character_chosen":"THE_SILENT","items_purchased":["Glass Knife","Panache"],"campfire_rested":0,"item_purchase_floors":[5,20],"current_hp_per_floor":[59,58,53,53,53,53,50,50,50,50,34,42,37,37,37,22,55,48,45,45,45,45,45,0],"gold":73,"neow_bonus":"ONE_RANDOM_RARE_CARD","is_prod":false,"is_daily":false,"chose_seed":false,"campfire_upgraded":5,"win_rate":0,"timestamp":1568949868,"path_taken":["M","M","M","M","$","R","E","R","T","R","E","M","?","M","R","BOSS","M","M","$","?","?","R","E"],"build_version":"2019-01-23","purchased_purges":0,"victory":false,"max_hp_per_floor":[66,66,66,66,66,66,66,66,66,66,66,66,66,66,66,66,66,66,66,66,66,66,66,66],"card_choices":[{"not_picked":["Backflip","Prepared"],"picked":"Deflect","floor":1.0},{"not_picked":["Skewer","Dagger Throw"],"picked":"Bouncing Flask","floor":2.0},{"not_picked":["Distraction","Blade Dance"],"picked":"Deflect","floor":3.0},{"not_picked":["Outmaneuver","Tactician"],"picked":"Flying Knee","floor":4.0},{"not_picked":["Reflex","Grand Finale"],"picked":"Deadly Poison","floor":7.0},{"not_picked":["Poisoned Stab","Distraction"],"picked":"Terror","floor":11.0},{"not_picked":["Masterful Stab","Flechettes"],"picked":"Choke","floor":12.0},{"not_picked":["Slice","Dodge and Roll"],"picked":"Poisoned Stab","floor":14.0},{"not_picked":["Tools of the Trade","Envenom"],"picked":"After Image","floor":16.0},{"not_picked":["Dagger Throw","Blur"],"picked":"Blade Dance","floor":18},{"not_picked":["Distraction+1","Underhanded Strike"],"picked":"Slice","floor":19}],"player_experience":2966977,"relics_obtained":[{"floor":7.0,"key":"Ice Cream"},{"floor":9.0,"key":"Darkstone Periapt"},{"floor":11.0,"key":"Lantern"}],"event_choices":[{"damage_healed":0.0,"max_hp_gain":0.0,"max_hp_loss":0.0,"gold_gain":0.0,"event_name":"Scrap Ooze","player_choice":"Fled","floor":13.0,"gold_loss":0.0,"damage_taken":5.0},{"damage_healed":0,"gold_gain":0,"player_choice":"Ignored","damage_taken":0,"max_hp_gain":0,"max_hp_loss":0,"event_name":"Ghosts","floor":21,"gold_loss":0},{"damage_healed":0,"gold_gain":0,"player_choice":"Ignored","damage_taken":0,"max_hp_gain":0,"max_hp_loss":0,"event_name":"Vampires","floor":22,"gold_loss":0}],"is_beta":false,"boss_relics":[{"not_picked":["HoveringKite","Snecko Eye"],"picked":"Empty Cage"}],"items_purged_floors":[],"is_endless":false,"potions_floor_spawned":[2,4,7,12,14,18],"killed_by":"Book of Stabbing","ascension_level":20}