{"gold_per_floor":[118,118,118,132,132,132,132,132,132,132,164,183,83,83,83,184,184,139,64,64,64,64,64,64,64,64,64,64,64,64,64,64,64,64,64,64,64,64,64,64,64,0,0,0,0,0,0,0,0,0],"floor_reached":51,"playtime":4653,"items_purged":["Strike_R"],"score":1107,"play_id":"951197c2-3195-4ca2-bad2-3bdc69079577","local_time":"20181027124640","is_ascension_mode":true,"campfire_choices":[{"floor":6,"key":"REST"},{"data":"Searing Blow+2","floor":8,"key":"SMITH"},{"data":"Searing Blow+3","floor":10,"key":"SMITH"},{"data":"Searing Blow+4","floor":15,"key":"SMITH"},{"floor":25,"key":"REST"},{"data":"Armaments","floor":27,"key":"SMITH"},{"data":"Dark Embrace","floor":29,"key":"SMITH"},{"floor":32,"key":"REST"},{"data":"Limit Break","floor":40,"key":"SMITH"},{"data":"Searing Blow+5","floor":47,"key":"SMITH"},{"floor":49,"key":"REST"}],"neow_cost":"PERCENT_DAMAGE","seed_source_timestamp":259099808952667,"circlet_count":0,"master_deck":["Strike_R","Defend_R","Defend_R","Defend_R","Defend_R","Bash","AscendersBane","Pummel","Searing Blow+6","Power Through","Armaments+1","Dark Embrace+1","Burning Pact","Warcry","Brutality","Pommel Strike","Fiend Fire","Spot Weakness","Battle Trance","Thunderclap","Feel No Pain","Seeing Red+1","Writhe","Thunderclap+1","True Grit","Panacea","Iron Wave+1","Limit Break+1","Headbutt","Exhume","Deep Breath","Impatience","Sentinel+1","Power Through","Headbutt","Body Slam+1","Brutality+1","Evolve+1","Parasite","Spot Weakness+1","True Grit+1"],"relics":["Burning Blood","Prayer Wheel","Bottled Tornado","Meat on the Bone","Champion Belt","Ectoplasm","Bag of Marbles","Orichalcum","Gremlin Horn","Sundial","Sozu","WingedGreaves","Red Mask","Shuriken","Frozen Egg 2","Unceasing Top"],"potions_floor_usage":[4,16,16,18,23,50,50],"damage_taken":[{"damage":4,"enemies":"2 Louse","floor":1,"turns":4},{"damage":0,"enemies":"Jaw Worm","floor":4,"turns":3},{"damage":20,"enemies":"3 Sentries","floor":11,"turns":8},{"damage":0,"enemies":"Cultist","floor":12,"turns":3},{"damage":29,"enemies":"The Guardian","floor":16,"turns":10},{"damage":11,"enemies":"2 Thieves","floor":18,"turns":3},{"damage":13,"enemies":"Spheric Guardian","floor":20,"turns":3},{"damage":20,"enemies":"Centurion and Healer","floor":21,"turns":4},{"damage":33,"enemies":"Gremlin Leader","floor":23,"turns":7},{"damage":10,"enemies":"Slavers","floor":28,"turns":5},{"damage":21,"enemies":"Snake Plant","floor":31,"turns":5},{"damage":23,"enemies":"Champ","floor":33,"turns":10},{"damage":9,"enemies":"3 Shapes","floor":35,"turns":4},{"damage":0,"enemies":"Mind Bloom Boss Battle","floor":37,"turns":4},{"damage":0,"enemies":"Orb Walker","floor":39,"turns":2},{"damage":4,"enemies":"Sphere and 2 Shapes","floor":44,"turns":6},{"damage":26,"enemies":"Reptomancer","floor":45,"turns":5},{"damage":35,"enemies":"2 Orb Walkers","floor":46,"turns":3},{"damage":18,"enemies":"Writhing Mass","floor":48,"turns":5},{"damage":47,"enemies":"Donu and Deca","floor":50,"turns":7}],"seed_played":"6108851193570039620","potions_obtained":[{"floor":1,"key":"Block Potion"},{"floor":11,"key":"LiquidBronze"},{"floor":12,"key":"Fire Potion"},{"floor":16,"key":"SneckoOil"},{"floor":18,"key":"SpeedPotion"},{"floor":21,"key":"SteroidPotion"},{"floor":33,"key":"PowerPotion"}],"is_trial":false,"path_per_floor":["M","?","?","M","?","R","T","R","T","R","E","M","$","?","R","B",null,"M","?","M","M","?","E","?","R","T","R","E","R","?","M","R","B",null,"M","?","?","?","M","R","$","?","T","M","E","?","R","M","R","B"],"character_chosen":"IRONCLAD","items_purchased":["Pommel Strike"],"campfire_rested":4,"item_purchase_floors":[13],"current_hp_per_floor":[53,53,53,59,59,80,80,80,80,80,66,72,72,65,65,54,74,69,69,62,48,48,33,33,57,57,57,53,53,37,34,58,53,73,70,70,76,71,77,77,77,77,77,79,59,42,42,42,66,37],"gold":0,"neow_bonus":"ONE_RARE_RELIC","is_prod":false,"is_daily":false,"chose_seed":false,"campfire_upgraded":7,"win_rate":0,"timestamp":1540658800,"path_taken":["M","?","?","M","?","R","?","R","T","R","E","M","$","?","R","BOSS","M","?","?","M","?","E","?","R","T","R","E","R","?","M","R","BOSS","M","?","?","?","M","R","$","?","T","?","E","?","R","M","R","BOSS"],"build_version":"2018-10-25v2","purchased_purges":1,"victory":true,"max_hp_per_floor":[80,80,80,80,80,80,80,80,80,80,80,80,80,80,80,80,80,80,80,80,80,80,80,80,80,80,80,80,80,80,80,80,80,80,80,80,80,80,80,80,80,80,80,80,80,80,80,80,80,80],"card_choices":[{"not_picked":["Entrench","Pommel Strike"],"picked":"Pummel","floor":1},{"not_picked":["Iron Wave","Havoc"],"picked":"Searing Blow","floor":1},{"not_picked":["Clothesline","Twin Strike"],"picked":"Power Through","floor":4},{"not_picked":["Second Wind","Havoc"],"picked":"Armaments","floor":4},{"not_picked":["Body Slam","Rampage"],"picked":"Burning Pact","floor":11},{"not_picked":["Clothesline","Entrench"],"picked":"Warcry","floor":12},{"not_picked":["Armaments","Pommel Strike"],"picked":"Brutality","floor":12},{"not_picked":["Limit Break","Bludgeon"],"picked":"Fiend Fire","floor":16},{"not_picked":["Warcry","Ghostly Armor"],"picked":"Spot Weakness","floor":18},{"not_picked":["Shrug It Off","Iron Wave"],"picked":"Battle Trance","floor":18},{"not_picked":["Rage","Clothesline"],"picked":"Thunderclap","floor":20},{"not_picked":["Whirlwind+1","Cleave"],"picked":"Feel No Pain","floor":20},{"not_picked":["Warcry","Dual Wield"],"picked":"Seeing Red+1","floor":21},{"not_picked":["Perfected Strike","Flex"],"picked":"Flame Barrier","floor":21},{"not_picked":["Inflame","Dropkick"],"picked":"Thunderclap+1","floor":23},{"not_picked":["Feel No Pain","Burning Pact+1"],"picked":"True Grit","floor":28},{"not_picked":["Entrench","Heavy Blade"],"picked":"Iron Wave+1","floor":31},{"not_picked":["Heavy Blade","Anger","Power Through"],"picked":"SKIP","floor":31},{"not_picked":["Juggernaut","Feed"],"picked":"Limit Break","floor":33},{"not_picked":["Clothesline+1","Blood for Blood"],"picked":"Headbutt","floor":35},{"not_picked":["Thunderclap","Heavy Blade","Dropkick"],"picked":"SKIP","floor":35},{"not_picked":["Pommel Strike","True Grit"],"picked":"Exhume","floor":37},{"not_picked":["Impatience","Swift Strike"],"picked":"Deep Breath","floor":38},{"not_picked":["Madness","Transmutation"],"picked":"Impatience","floor":38},{"not_picked":["Flame Barrier+1","Body Slam"],"picked":"Sentinel+1","floor":39},{"not_picked":["Twin Strike","Iron Wave"],"picked":"Power Through","floor":39},{"not_picked":["Armaments","Combust+1"],"picked":"Headbutt","floor":44},{"not_picked":["Hemokinesis+1","Dropkick+1"],"picked":"Body Slam+1","floor":44},{"not_picked":["Entrench","Flex"],"picked":"Brutality","floor":45},{"not_picked":["Wild Strike","Shrug It Off+1"],"picked":"Evolve+1","floor":46},{"not_picked":["Shockwave","Iron Wave+1"],"picked":"Spot Weakness+1","floor":48},{"not_picked":["Spot Weakness","Bloodletting"],"picked":"True Grit+1","floor":48}],"player_experience":1898747,"relics_obtained":[{"floor":7,"key":"Bottled Tornado"},{"floor":9,"key":"Meat on the Bone"},{"floor":11,"key":"Champion Belt"},{"floor":23,"key":"Orichalcum"},{"floor":26,"key":"Gremlin Horn"},{"floor":28,"key":"Sundial"},{"floor":37,"key":"WingedGreaves"},{"floor":43,"key":"Shuriken"},{"floor":45,"key":"Frozen Egg 2"},{"floor":46,"key":"Unceasing Top"}],"event_choices":[{"damage_healed":0,"gold_gain":0,"player_choice":"Grow","damage_taken":0,"max_hp_gain":0,"max_hp_loss":0,"event_name":"Living Wall","floor":2,"gold_loss":0,"cards_upgraded":["Searing Blow"]},{"damage_healed":0,"gold_gain":0,"player_choice":"Forge","damage_taken":0,"max_hp_gain":0,"max_hp_loss":0,"event_name":"Accursed Blacksmith","floor":3,"gold_loss":0,"cards_upgraded":["Searing Blow"]},{"damage_healed":0,"gold_gain":0,"cards_transformed":["Strike_R"],"player_choice":"Transformed","damage_taken":0,"max_hp_gain":0,"max_hp_loss":0,"event_name":"Transmorgrifier","floor":5,"gold_loss":0,"cards_obtained":["Dark Embrace"]},{"cards_removed":["Strike_R"],"damage_healed":0,"gold_gain":0,"player_choice":"Card Removal","damage_taken":7,"max_hp_gain":0,"max_hp_loss":0,"event_name":"Golden Wing","floor":14,"gold_loss":0},{"cards_removed":["Strike_R"],"damage_healed":0,"gold_gain":0,"player_choice":"Gave Gold","damage_taken":0,"max_hp_gain":0,"max_hp_loss":0,"event_name":"Beggar","floor":19,"gold_loss":75},{"damage_healed":0,"gold_gain":0,"player_choice":"Opened","damage_taken":0,"relics_obtained":["Bag of Marbles"],"max_hp_gain":0,"max_hp_loss":0,"event_name":"The Mausoleum","floor":22,"gold_loss":0,"cards_obtained":["Writhe"]},{"damage_healed":0,"gold_gain":0,"player_choice":"CARD ","damage_taken":16,"max_hp_gain":0,"max_hp_loss":0,"event_name":"Knowing Skull","floor":30,"potions_obtained":[],"gold_loss":0,"cards_obtained":["Panacea"]},{"cards_removed":["Flame Barrier"],"damage_healed":0,"gold_gain":0,"player_choice":"Removed Skill","damage_taken":0,"max_hp_gain":0,"max_hp_loss":0,"event_name":"Falling","floor":36,"gold_loss":0},{"damage_healed":0,"gold_gain":0,"player_choice":"Fight","damage_taken":0,"max_hp_gain":0,"max_hp_loss":0,"event_name":"MindBloom","floor":37,"gold_loss":0},{"damage_healed":0,"gold_gain":0,"player_choice":"Memory 2","damage_taken":5,"max_hp_gain":0,"max_hp_loss":0,"event_name":"SensoryStone","floor":38,"gold_loss":0},{"damage_healed":0,"gold_gain":0,"player_choice":"Paid","damage_taken":0,"relics_obtained":["Red Mask"],"max_hp_gain":0,"max_hp_loss":0,"event_name":"Tomb of Lord Red Mask","floor":42,"gold_loss":64},{"damage_healed":0,"gold_gain":0,"player_choice":"Fight","damage_taken":0,"max_hp_gain":0,"max_hp_loss":0,"event_name":"Mysterious Sphere","floor":46,"gold_loss":0}],"is_beta":false,"boss_relics":[{"not_picked":["Pandora\u0027s Box","Orrery"],"picked":"Ectoplasm"},{"not_picked":["Runic Pyramid","Coffee Dripper"],"picked":"Sozu"}],"items_purged_floors":[13],"is_endless":false,"potions_floor_spawned":[1,11,12,16,18,21,33,37,39,48],"ascension_level":11}