{"gold_per_floor":[109,109,129,149,73,109,109,124,124,162,162,202,202,226,226,352,352,335,335,68,87,12,12,12,12,12,30,106,121,20,36,36,139,139,151,164,29,29,129,162,178,178,178,196,209,209,12,27,27,27],"floor_reached":51,"playtime":7642,"items_purged":["Strike_G","Strike_G"],"score":697,"play_id":"620091d1-ff94-4e92-a42c-1b13e3c21fa6","local_time":"20190928143609","is_ascension_mode":false,"campfire_choices":[{"data":"Neutralize","floor":7,"key":"SMITH"},{"data":"Noxious Fumes","floor":11,"key":"SMITH"},{"floor":13,"key":"REST"},{"data":"Caltrops","floor":15,"key":"SMITH"},{"data":"Wraith Form v2","floor":23,"key":"SMITH"},{"data":"Well Laid Plans","floor":25,"key":"SMITH"},{"data":"All Out Attack","floor":32,"key":"SMITH"},{"data":"Madness","floor":42,"key":"SMITH"},{"data":"Accuracy","floor":46,"key":"SMITH"},{"floor":49,"key":"REST"}],"neow_cost":"NONE","seed_source_timestamp":0,"circlet_count":0,"master_deck":["Strike_G","Strike_G","Defend_G","Defend_G+1","Defend_G","Defend_G","Defend_G+1","Survivor","Neutralize+1","Sucker Punch","Sucker Punch","Backstab","Noxious Fumes+1","Flechettes","Dagger Spray","Well Laid Plans+1","Caltrops+1","Quick Slash","Wraith Form v2+1","Cloak And Dagger+1","Blur","Poisoned Stab","Cloak And Dagger+1","Deadly Poison","All Out Attack+1","Corpse Explosion","Leg Sweep+1","Accuracy+1","Madness+1","Madness","Bouncing Flask","Terror+1","Deadly Poison+1","Jack Of All Trades","Blur+1"],"special_seed":0,"relics":["Ring of the Serpent","Bloody Idol","Orichalcum","Pear","Question Card","War Paint","MutagenicStrength","Membership Card","Pantograph","Ninja Scroll","ClockworkSouvenir","Busted Crown","TwistedFunnel","Mango","Matryoshka","Bag of Marbles","Smiling Mask","HandDrill"],"potions_floor_usage":[33,33,40],"damage_taken":[{"damage":0.0,"enemies":"2 Louse","floor":1.0,"turns":4.0},{"damage":6,"enemies":"Small Slimes","floor":3,"turns":4},{"damage":0,"enemies":"Jaw Worm","floor":4,"turns":3},{"damage":29,"enemies":"Lagavulin","floor":6,"turns":8},{"damage":5,"enemies":"2 Fungi Beasts","floor":8,"turns":3},{"damage":14,"enemies":"3 Sentries","floor":10,"turns":8},{"damage":18,"enemies":"Lagavulin","floor":12,"turns":6},{"damage":0,"enemies":"Blue Slaver","floor":14,"turns":4},{"damage":24,"enemies":"Slime Boss","floor":16,"turns":11},{"damage":22,"enemies":"2 Thieves","floor":18,"turns":5},{"damage":8,"enemies":"Spheric Guardian","floor":21,"turns":6},{"damage":8,"enemies":"Cultist and Chosen","floor":27,"turns":6},{"damage":6,"enemies":"Centurion and Healer","floor":29,"turns":4},{"damage":6,"enemies":"Shelled Parasite and Fungi","floor":31,"turns":4},{"damage":20,"enemies":"Champ","floor":33,"turns":10},{"damage":13,"enemies":"3 Shapes","floor":35,"turns":3},{"damage":0,"enemies":"Orb Walker","floor":36,"turns":3},{"damage":18,"enemies":"Mind Bloom Boss Battle","floor":39,"turns":6},{"damage":33,"enemies":"Giant Head","floor":40,"turns":10},{"damage":14,"enemies":"Writhing Mass","floor":41,"turns":6},{"damage":7,"enemies":"Spire Growth","floor":44,"turns":3},{"damage":10,"enemies":"Sphere and 2 Shapes","floor":45,"turns":4},{"damage":0,"enemies":"Jaw Worm Horde","floor":48,"turns":3},{"damage":82,"enemies":"Awakened One","floor":50,"turns":15}],"seed_played":"2322631844829795934","potions_obtained":[{"floor":3,"key":"Poison Potion"},{"floor":8,"key":"Dexterity Potion"},{"floor":14,"key":"Strength Potion"},{"floor":33,"key":"Strength Potion"},{"floor":36,"key":"GhostInAJar"},{"floor":44,"key":"GamblersBrew"},{"floor":45,"key":"SkillPotion"}],"is_trial":false,"path_per_floor":["M","?","M","M","$","E","R","M","T","E","R","E","R","M","R","B",null,"M","?","$","M","?","R","?","R","T","M","T","M","$","M","R","B",null,"M","M","$","?","?","E","M","R","T","M","M","R","$","M","R","B",null],"character_chosen":"THE_SILENT","items_purchased":["Noxious Fumes","Membership Card","Blur","ClockworkSouvenir","Accuracy","TwistedFunnel","HandDrill","Jack Of All Trades"],"campfire_rested":2,"item_purchase_floors":[5,20,20,30,37,37,47,47],"current_hp_per_floor":[77,71,65,65,65,36,36,31,41,27,27,9,33,33,33,9,81,59,59,59,51,51,51,51,51,51,48,53,52,52,51,51,61,81,73,78,78,68,82,54,45,45,45,43,38,38,38,43,71,13],"gold":27,"neow_bonus":"TEN_PERCENT_HP_BONUS","is_prod":false,"is_daily":false,"chose_seed":false,"campfire_upgraded":8,"win_rate":0.0,"timestamp":1569652569,"path_taken":["M","?","M","M","$","E","R","M","T","E","R","E","R","M","R","BOSS","M","?","$","M","?","R","?","R","T","M","?","?","$","M","R","BOSS","M","M","$","?","?","E","M","R","T","?","M","R","?","M","R","BOSS"],"build_version":"2019-07-17","purchased_purges":2,"victory":true,"max_hp_per_floor":[77,71,71,71,71,71,71,71,81,81,81,81,81,81,81,81,81,81,81,81,81,81,81,81,81,81,81,81,81,81,81,81,81,81,81,81,81,81,95,95,95,95,95,95,95,95,95,95,95,95],"card_choices":[{"not_picked":["Acrobatics","Tactician"],"picked":"Sucker Punch","floor":1.0},{"not_picked":["Backflip","Flying Knee"],"picked":"Sucker Punch","floor":3},{"not_picked":["Deflect","Prepared"],"picked":"Backstab","floor":4},{"not_picked":["Slice","Choke"],"picked":"Flechettes","floor":6},{"not_picked":["Catalyst","Sucker Punch"],"picked":"Dagger Spray","floor":8},{"not_picked":["Flying Knee","Prepared"],"picked":"Well Laid Plans","floor":10},{"not_picked":["A Thousand Cuts","Die Die Die","Crippling Poison"],"picked":"Caltrops","floor":12},{"not_picked":["Blade Dance","Outmaneuver","PiercingWail"],"picked":"Quick Slash","floor":14},{"not_picked":["Bullet Time","Venomology","A Thousand Cuts"],"picked":"Wraith Form v2","floor":16},{"not_picked":["Flying Knee","Expertise+1","Blade Dance"],"picked":"Cloak And Dagger+1","floor":18},{"not_picked":["Dagger Spray","Quick Slash","Underhanded Strike"],"picked":"Poisoned Stab","floor":21},{"not_picked":["Poisoned Stab","Dagger Throw","PiercingWail"],"picked":"Cloak And Dagger+1","floor":27},{"not_picked":["Quick Slash","Flying Knee","Acrobatics"],"picked":"Deadly Poison","floor":29},{"not_picked":["Acrobatics","PiercingWail+1","Poisoned Stab"],"picked":"All Out Attack","floor":31},{"not_picked":["Die Die Die","Glass Knife","Unload"],"picked":"Corpse Explosion","floor":33},{"not_picked":["Outmaneuver"],"picked":"Leg Sweep+1","floor":35},{"not_picked":["Cloak And Dagger","Eviscerate+1"],"picked":"SKIP","floor":36},{"not_picked":["Prepared"],"picked":"Bouncing Flask","floor":39},{"not_picked":["Choke+1","Heel Hook"],"picked":"SKIP","floor":40},{"not_picked":["Expertise+1"],"picked":"Terror+1","floor":41},{"not_picked":["Eviscerate","Blade Dance"],"picked":"SKIP","floor":44},{"not_picked":["Dodge and Roll"],"picked":"Deadly Poison+1","floor":45},{"not_picked":["Slice+1"],"picked":"Blur+1","floor":48}],"player_experience":32336,"relics_obtained":[{"floor":6,"key":"Orichalcum"},{"floor":9,"key":"Pear"},{"floor":10,"key":"Question Card"},{"floor":12,"key":"War Paint"},{"floor":26,"key":"Pantograph"},{"floor":28,"key":"Ninja Scroll"},{"floor":39,"key":"Mango"},{"floor":40,"key":"Matryoshka"},{"floor":43,"key":"Bag of Marbles"},{"floor":43,"key":"Smiling Mask"}],"event_choices":[{"damage_healed":0.0,"max_hp_gain":0.0,"max_hp_loss":6.0,"gold_gain":0.0,"event_name":"Golden Idol","player_choice":"Lose Max HP","floor":2.0,"gold_loss":0.0,"damage_taken":0.0,"relics_obtained":["Golden Idol"]},{"damage_healed":0,"gold_gain":0,"player_choice":"Inject Mutagens","damage_taken":0,"relics_obtained":["MutagenicStrength"],"max_hp_gain":0,"max_hp_loss":0,"event_name":"Drug Dealer","floor":19,"gold_loss":0},{"cards_removed":["Strike_G"],"damage_healed":0,"gold_gain":0,"player_choice":"Gave Gold","damage_taken":0,"max_hp_gain":0,"max_hp_loss":0,"event_name":"Beggar","floor":22,"gold_loss":75},{"damage_healed":0,"gold_gain":0,"player_choice":"Gave Idol","damage_taken":0,"relics_obtained":["Bloody Idol"],"max_hp_gain":0,"max_hp_loss":0,"event_name":"Forgotten Altar","floor":24,"relics_lost":["Golden Idol"],"gold_loss":0},{"damage_healed":0,"gold_gain":0,"player_choice":"Embrace Madness","damage_taken":10,"max_hp_gain":0,"max_hp_loss":0,"event_name":"Winding Halls","floor":38,"gold_loss":0,"cards_obtained":["Madness","Madness"]},{"damage_healed":0,"gold_gain":0,"player_choice":"Fight","damage_taken":0,"max_hp_gain":0,"max_hp_loss":0,"event_name":"MindBloom","floor":39,"gold_loss":0}],"is_beta":false,"boss_relics":[{"not_picked":["Runic Dome","Empty Cage"],"picked":"Ring of the Serpent"},{"not_picked":["Sozu","HoveringKite"],"picked":"Busted Crown"}],"items_purged_floors":[20,47],"is_endless":false,"potions_floor_spawned":[3,8,14,29,33,36,44,45],"ascension_level":0}