{"path_per_floor":["M","?","M","?","M","E","M","M","T","M","?","?","R","M","R"],"character_chosen":"IRONCLAD","items_purchased":[],"gold_per_floor":[116,116,135,135,155,185,203,214,214,234,234,298,298,309,309],"floor_reached":16,"campfire_rested":1,"playtime":1939,"current_hp_per_floor":[80,80,80,64,67,43,56,45,45,56,62,24,24,24,49],"items_purged":[],"gold":309,"score":103,"play_id":"3bd52fbb-acab-4ec5-a3b0-d191558db9df","local_time":"20180301210803","is_prod":false,"is_daily":false,"is_ascension_mode":false,"campfire_upgraded":1,"timestamp":1519956483,"path_taken":["M","?","?","?","M","E","?","M","T","M","?","?","R","M","R","BOSS"],"build_version":"2018-03-01-PROD1","purchased_purges":0,"victory":false,"master_deck":["Strike_R+1","Strike_R","Strike_R","Strike_R","Strike_R","Defend_R","Defend_R+1","Defend_R","Defend_R","Bash","Limit Break","Headbutt","Anger","Heavy Blade","Reaper","Dual Wield+1","Shrug It Off","Rage","Regret","Pommel Strike","Inflame"],"max_hp_per_floor":[80,80,80,80,80,80,80,80,80,80,86,86,86,86,86],"relics":["Burning Blood","Spirit Poop","Pen Nib","Paper Frog","Darkstone Periapt","Singing Bowl"],"card_choices":[{"not_picked":["Double Tap","Bludgeon"],"picked":"Limit Break"},{"not_picked":["Wild Strike","Clash"],"picked":"Headbutt"},{"not_picked":["Dropkick","Blood for Blood"],"picked":"Anger"},{"not_picked":["Infernal Blade","Corruption"],"picked":"Heavy Blade"},{"not_picked":["Warcry","Thunderclap"],"picked":"Reaper"},{"not_picked":["Sever Soul","Clothesline"],"picked":"Dual Wield"},{"not_picked":["Thunderclap","Berserk"],"picked":"Shrug It Off"},{"not_picked":["Thunderclap","Clothesline"],"picked":"Rage"},{"not_picked":["Metallicize","Clash"],"picked":"Pommel Strike"},{"not_picked":["Twin Strike","Fire Breathing"],"picked":"Inflame"}],"player_experience":155350,"potions_floor_usage":[10,12,12,16,16],"damage_taken":[{"damage":5,"enemies":"Small Slimes","floor":1,"turns":5},{"damage":1,"enemies":"Cultist","floor":3,"turns":3},{"damage":3,"enemies":"Jaw Worm","floor":5,"turns":3},{"damage":30,"enemies":"3 Sentries","floor":6,"turns":8},{"damage":13,"enemies":"Lots of Slimes","floor":7,"turns":4},{"damage":19,"enemies":"Blue Slaver","floor":8,"turns":3},{"damage":7,"enemies":"3 Louse","floor":10,"turns":4},{"damage":44,"enemies":"Lagavulin Event","floor":12,"turns":8},{"damage":6,"enemies":"Red Slaver","floor":14,"turns":4},{"damage":56,"enemies":"The Guardian","floor":16,"turns":6}],"event_choices":[{"event_name":"Bonfire Elementals","player_choice":"CURSE","floor":2,"damage_taken":0},{"event_name":"Shining Light","player_choice":"Entered Light","floor":4,"damage_taken":0},{"event_name":"Big Fish","player_choice":"Box","floor":11,"damage_taken":0},{"event_name":"Dead Adventurer","player_choice":"Searched \u00272\u0027 times","floor":12,"damage_taken":0}],"boss_relics":[],"potions_floor_spawned":[6,7,8,12,14],"seed_played":"8615366165936242285","killed_by":"The Guardian","ascension_level":0,"is_trial":false}