{"gold_per_floor":[209,220,238,254,266,266,291,302,302,327,327,327,347,362,362,459,459,471,489,499,145,155,155,188,188,188,188,205,205,205,205,205,205],"floor_reached":33,"playtime":2349,"items_purged":[],"score":273,"play_id":"9771892c-c695-425e-b3e5-7bda5d487b52","local_time":"20190626115943","is_ascension_mode":false,"campfire_choices":[{"floor":11,"key":"REST"},{"floor":15,"key":"REST"},{"floor":23,"key":"REST"},{"floor":27,"key":"REST"},{"floor":30,"key":"REST"},{"data":"Whirlwind","floor":32,"key":"SMITH"}],"neow_cost":"NONE","seed_source_timestamp":565172499752317,"circlet_count":0,"master_deck":["Strike_R","Strike_R","Strike_R","Strike_R","Strike_R","Defend_R","Defend_R","Defend_R","Defend_R","Bash","Pommel Strike","Twin Strike","Clothesline","Blood for Blood","Hemokinesis+1","Clothesline","Clothesline","Shockwave","Iron Wave","Berserk","Whirlwind+1","Seeing Red","Twin Strike","Impervious","Sword Boomerang+1","Sword Boomerang","RitualDagger","Battle Trance","Flame Barrier"],"relics":["Burning Blood","Matryoshka","Vajra","Red Skull","Mercury Hourglass","Lantern","Busted Crown","Blood Vial","Darkstone Periapt","Paper Frog"],"potions_floor_usage":[4,4,7,16,20,20,22,22,29],"damage_taken":[{"damage":7,"enemies":"Cultist","floor":1,"turns":5},{"damage":2,"enemies":"Small Slimes","floor":2,"turns":4},{"damage":5,"enemies":"Jaw Worm","floor":3,"turns":4},{"damage":34,"enemies":"Large Slime","floor":4,"turns":6},{"damage":21,"enemies":"Gremlin Gang","floor":5,"turns":5},{"damage":30,"enemies":"Lagavulin","floor":7,"turns":6},{"damage":6,"enemies":"Exordium Wildlife","floor":8,"turns":4},{"damage":4,"enemies":"Looter","floor":13,"turns":2},{"damage":7,"enemies":"3 Louse","floor":14,"turns":2},{"damage":43,"enemies":"Hexaghost","floor":16,"turns":8},{"damage":7,"enemies":"Chosen","floor":18,"turns":3},{"damage":20,"enemies":"Shell Parasite","floor":19,"turns":4},{"damage":18,"enemies":"Snecko","floor":20,"turns":4},{"damage":12,"enemies":"Centurion and Healer","floor":22,"turns":3},{"damage":43,"enemies":"Slavers","floor":24,"turns":5},{"damage":17,"enemies":"Snake Plant","floor":28,"turns":3},{"damage":0,"enemies":"Snecko","floor":29,"turns":1},{"damage":84,"enemies":"Champ","floor":33,"turns":9}],"seed_played":"-8150578249635149725","potions_obtained":[{"floor":1,"key":"SkillPotion"},{"floor":2,"key":"Ancient Potion"},{"floor":3,"key":"SmokeBomb"},{"floor":5,"key":"Explosive Potion"},{"floor":14,"key":"PowerPotion"},{"floor":16,"key":"Dexterity Potion"},{"floor":18,"key":"AttackPotion"},{"floor":20,"key":"FearPotion"}],"is_trial":false,"path_per_floor":["M","M","M","M","M","?","E","M","T","T","R","?","M","M","R","B",null,"M","M","M","$","M","R","E","?","T","R","M","M","R","?","R","B"],"character_chosen":"IRONCLAD","items_purchased":["Impervious","Blood Vial","Dexterity Potion"],"campfire_rested":5,"item_purchase_floors":[21,21,21],"current_hp_per_floor":[79,80,80,52,37,37,13,13,13,13,37,37,39,38,62,25,80,79,65,53,53,49,73,38,32,32,56,47,55,79,79,79,0],"gold":205,"neow_bonus":"HUNDRED_GOLD","is_prod":false,"is_daily":false,"chose_seed":false,"campfire_upgraded":1,"win_rate":0.0,"timestamp":1561561183,"path_taken":["M","?","M","M","M","?","E","M","T","?","R","?","M","M","R","BOSS","M","M","M","$","?","R","E","?","T","R","M","M","R","?","R","BOSS"],"build_version":"2019-01-23","purchased_purges":0,"victory":false,"max_hp_per_floor":[80,80,80,80,80,80,80,80,80,80,80,80,80,80,80,80,80,80,80,80,80,80,80,80,80,80,80,80,80,80,80,80,80],"card_choices":[{"not_picked":["Power Through","Entrench"],"picked":"Pommel Strike","floor":1},{"not_picked":["Warcry","Armaments"],"picked":"Twin Strike","floor":2},{"not_picked":["Body Slam","Thunderclap"],"picked":"Clothesline","floor":3},{"not_picked":["Flex","Burning Pact"],"picked":"Blood for Blood","floor":4},{"not_picked":["Bloodletting","Brutality"],"picked":"Hemokinesis","floor":5},{"not_picked":["Armaments","Warcry"],"picked":"Clothesline","floor":7},{"not_picked":["Bloodletting","Battle Trance"],"picked":"Clothesline","floor":8},{"not_picked":["Clash","Anger"],"picked":"Shockwave","floor":13},{"not_picked":["Metallicize","Flex"],"picked":"Iron Wave","floor":14},{"not_picked":["Feed","Dark Embrace"],"picked":"Berserk","floor":16},{"not_picked":[],"picked":"Whirlwind","floor":18},{"not_picked":[],"picked":"Seeing Red","floor":19},{"not_picked":[],"picked":"Twin Strike","floor":20},{"not_picked":[],"picked":"Sword Boomerang+1","floor":22},{"not_picked":[],"picked":"Sword Boomerang","floor":24},{"not_picked":[],"picked":"Battle Trance","floor":28}],"player_experience":1367,"relics_obtained":[{"floor":7,"key":"Matryoshka"},{"floor":9,"key":"Vajra"},{"floor":9,"key":"Red Skull"},{"floor":10,"key":"Mercury Hourglass"},{"floor":10,"key":"Lantern"},{"floor":24,"key":"Darkstone Periapt"},{"floor":26,"key":"Paper Frog"}],"event_choices":[{"damage_healed":0,"gold_gain":0,"player_choice":"Ignored","damage_taken":0,"max_hp_gain":0,"max_hp_loss":0,"event_name":"Liars Game","floor":6,"gold_loss":0},{"damage_healed":0,"gold_gain":0,"player_choice":"Upgraded","damage_taken":0,"max_hp_gain":0,"max_hp_loss":0,"event_name":"Upgrade Shrine","floor":12,"gold_loss":0,"cards_upgraded":["Hemokinesis"]},{"damage_healed":0,"gold_gain":0,"player_choice":"Joined the Cult","damage_taken":6,"max_hp_gain":0,"max_hp_loss":0,"event_name":"Nest","floor":25,"gold_loss":0,"cards_obtained":["RitualDagger"]},{"damage_healed":0,"gold_gain":0,"player_choice":"Read","damage_taken":0,"max_hp_gain":0,"max_hp_loss":0,"event_name":"The Library","floor":31,"gold_loss":0,"cards_obtained":["Flame Barrier"]}],"is_beta":false,"boss_relics":[{"not_picked":["Velvet Choker","Orrery"],"picked":"Busted Crown"}],"items_purged_floors":[],"is_endless":false,"potions_floor_spawned":[1,2,3,5,14,16,18,20,29],"killed_by":"Champ","ascension_level":0}