{"gold_per_floor":[110,124,139,139,150,150,178,188,188,188,198,198,212,231,231,305,305,319,33,33,33,33,33,64,64,64,7,7,37,55,55],"floor_reached":31,"playtime":2458,"items_purged":[],"score":585,"play_id":"4aa9ee31-7b4f-444e-a03d-b4838615df6d","local_time":"20190409203848","is_ascension_mode":true,"campfire_choices":[{"data":"Disarm","floor":6,"key":"SMITH"},{"data":"Shockwave","floor":10,"key":"SMITH"},{"data":"Rage","floor":12,"key":"SMITH"},{"data":"Sword Boomerang","floor":15,"key":"SMITH"},{"data":"Evolve","floor":23,"key":"SMITH"},{"data":"Metallicize","floor":25,"key":"SMITH"},{"floor":28,"key":"REST"}],"neow_cost":"NONE","seed_source_timestamp":2129637445377003,"circlet_count":0,"master_deck":["AscendersBane","Strike_R+1","Strike_R+1","Strike_R+1","Strike_R+1","Defend_R+1","Defend_R+1","Defend_R+1","Defend_R+1","Bash","Shockwave+1","Thunderclap","Disarm+1","Sword Boomerang+1","Spot Weakness","Rage+1","Metallicize+1","Twin Strike","Hemokinesis","Demon Form","Evolve+1","J.A.X.","Heavy Blade+1","Armaments","Disarm"],"special_seed":0,"relics":["Burning Blood","Happy Flower","Art of War","Blood Vial","Mark of Pain","Shuriken","Dodecahedron","Self Forming Clay","Vajra"],"potions_floor_usage":[7,16,24,29,29],"damage_taken":[{"damage":8.0,"enemies":"Cultist","floor":1.0,"turns":6.0},{"damage":7.0,"enemies":"Jaw Worm","floor":2.0,"turns":5.0},{"damage":6,"enemies":"Small Slimes","floor":3,"turns":4},{"damage":11,"enemies":"Blue Slaver","floor":5,"turns":5},{"damage":36,"enemies":"Lagavulin","floor":7,"turns":7},{"damage":4,"enemies":"2 Fungi Beasts","floor":8,"turns":3},{"damage":13,"enemies":"Gremlin Gang","floor":11,"turns":4},{"damage":3,"enemies":"Exordium Wildlife","floor":13,"turns":5},{"damage":5,"enemies":"Large Slime","floor":14,"turns":5},{"damage":3,"enemies":"The Guardian","floor":16,"turns":10},{"damage":14,"enemies":"Shell Parasite","floor":18,"turns":6},{"damage":38,"enemies":"Gremlin Leader","floor":24,"turns":7},{"damage":28,"enemies":"Slavers","floor":29,"turns":7},{"damage":22,"enemies":"Chosen","floor":30,"turns":5},{"damage":26,"enemies":"Sentry and Sphere","floor":31,"turns":3}],"seed_played":"5605766524676791625","potions_obtained":[{"floor":1.0,"key":"SmokeBomb"},{"floor":2.0,"key":"Fire Potion"},{"floor":8,"key":"Energy Potion"},{"floor":14,"key":"EssenceOfSteel"},{"floor":16,"key":"LiquidBronze"},{"floor":24,"key":"Weak Potion"}],"is_trial":false,"path_per_floor":["M","M","M","?","M","R","E","M","T","R","M","R","M","M","R","B",null,"M","$","?","?","?","R","E","R","T","$","R","E","M","M"],"character_chosen":"IRONCLAD","items_purchased":["Shuriken","Armaments"],"campfire_rested":1,"item_purchase_floors":[19,27],"current_hp_per_floor":[66,65,65,65,60,60,30,32,32,32,27,27,32,35,35,40,66,60,60,60,60,60,60,30,30,30,30,52,32,18,0],"gold":55,"neow_bonus":"REMOVE_CARD","is_prod":false,"is_daily":false,"chose_seed":false,"campfire_upgraded":6,"win_rate":0,"timestamp":1554856728,"path_taken":["M","M","M","?","M","R","E","?","T","R","M","R","M","M","R","BOSS","M","$","?","?","?","R","E","R","T","?","R","E","M","M"],"build_version":"2019-01-23","purchased_purges":0,"victory":false,"max_hp_per_floor":[75,75,75,75,75,75,75,75,75,75,75,75,75,75,75,75,75,75,75,75,75,75,75,75,75,75,75,75,75,75,75],"card_choices":[{"not_picked":["Infernal Blade","Heavy Blade"],"picked":"Shockwave","floor":1.0},{"not_picked":["Pommel Strike","Twin Strike"],"picked":"Thunderclap","floor":2.0},{"not_picked":["Wild Strike","Entrench"],"picked":"Disarm","floor":3},{"not_picked":["Sever Soul","Clash"],"picked":"Sword Boomerang","floor":5},{"not_picked":["Wild Strike","Infernal Blade"],"picked":"Spot Weakness","floor":7},{"not_picked":["Entrench","Sword Boomerang"],"picked":"Rage","floor":8},{"not_picked":["Cleave","Sever Soul"],"picked":"Metallicize","floor":11},{"not_picked":["Anger","Blood for Blood"],"picked":"Twin Strike","floor":13},{"not_picked":["Warcry","Iron Wave"],"picked":"Hemokinesis","floor":14},{"not_picked":["Fiend Fire","Exhume"],"picked":"Demon Form","floor":16},{"not_picked":["Bloodletting","Shrug It Off"],"picked":"Evolve","floor":18},{"not_picked":["Iron Wave+1","Whirlwind"],"picked":"Heavy Blade+1","floor":24},{"not_picked":["Clash","Hemokinesis","Carnage"],"picked":"SKIP","floor":29},{"not_picked":["Armaments","Shockwave"],"picked":"Disarm","floor":30}],"player_experience":2471849,"relics_obtained":[{"floor":7,"key":"Art of War"},{"floor":9,"key":"Blood Vial"},{"floor":24,"key":"Dodecahedron"},{"floor":26,"key":"Self Forming Clay"},{"floor":29,"key":"Vajra"}],"event_choices":[{"damage_healed":0,"gold_gain":0,"player_choice":"Gave Potion","damage_taken":0,"relics_obtained":["Happy Flower"],"max_hp_gain":0,"max_hp_loss":0,"event_name":"WeMeetAgain","floor":4,"gold_loss":0},{"damage_healed":0,"gold_gain":0,"player_choice":"Obtain J.A.X.","damage_taken":0,"max_hp_gain":0,"max_hp_loss":0,"event_name":"Drug Dealer","floor":20,"gold_loss":0,"cards_obtained":["J.A.X."]},{"damage_healed":0,"gold_gain":0,"player_choice":"Simplicity","damage_taken":0,"max_hp_gain":0,"max_hp_loss":0,"event_name":"Back to Basics","floor":21,"gold_loss":0,"cards_upgraded":["Strike_R","Strike_R","Strike_R","Strike_R","Defend_R","Defend_R","Defend_R","Defend_R"]},{"damage_healed":0,"gold_gain":0,"player_choice":"Ignored","damage_taken":0,"max_hp_gain":0,"max_hp_loss":0,"event_name":"Ghosts","floor":22,"gold_loss":0}],"is_beta":false,"boss_relics":[{"not_picked":["Cursed Key","Pandora\u0027s Box"],"picked":"Mark of Pain"}],"items_purged_floors":[],"is_endless":false,"potions_floor_spawned":[1,2,8,14,16,18,24],"killed_by":"Sentry and Sphere","ascension_level":16}