{"gold_per_floor":[114,11,25,43,43,72,72,100,153,153,153,153,185,204,204,280,280,297,297,26,45,45,45,370,388,388,18,18],"floor_reached":28,"playtime":2992,"items_purged":["Strike_B+1","Strike_B+1"],"score":485,"play_id":"0132fe9f-917e-4346-b4f6-5e45e8b09cf5","local_time":"20190213211807","is_ascension_mode":true,"campfire_choices":[{"floor":7.0,"key":"REST"},{"data":"Zap","floor":10.0,"key":"SMITH"},{"data":"Dualcast","floor":12.0,"key":"SMITH"},{"data":"Hologram","floor":15.0,"key":"SMITH"},{"data":"Go for the Eyes","floor":23.0,"key":"SMITH"}],"neow_cost":"NONE","seed_source_timestamp":719721687643810,"circlet_count":0,"master_deck":["AscendersBane","Strike_B+1","Strike_B+1","Defend_B+1","Defend_B+1","Defend_B+1","Defend_B+1","Zap+1","Dualcast+1","Beam Cell","Scrape","Steam","Go for the Eyes+1","Electrodynamics","Ball Lightning","Compile Driver","Hologram+1","Biased Cognition","Ball Lightning","Lockon","Static Discharge","Flash of Steel","Lockon+1","Auto Shields","Hologram","Panache"],"special_seed":0,"relics":["Cracked Core","Strawberry","Shuriken","Vajra","Blood Vial","Pear","Black Star","Du-Vu Doll","Old Coin","Symbiotic Virus"],"potions_floor_usage":[28],"damage_taken":[{"damage":9.0,"enemies":"Small Slimes","floor":1.0,"turns":4.0},{"damage":3.0,"enemies":"Jaw Worm","floor":3.0,"turns":3.0},{"damage":0.0,"enemies":"2 Louse","floor":4.0,"turns":2.0},{"damage":9.0,"enemies":"3 Sentries","floor":6.0,"turns":3.0},{"damage":13.0,"enemies":"Gremlin Nob","floor":8.0,"turns":4.0},{"damage":0.0,"enemies":"3 Sentries","floor":13.0,"turns":3.0},{"damage":0.0,"enemies":"Red Slaver","floor":14.0,"turns":1.0},{"damage":3.0,"enemies":"Hexaghost","floor":16.0,"turns":7.0},{"damage":19.0,"enemies":"2 Thieves","floor":18.0,"turns":3.0},{"damage":12.0,"enemies":"3 Byrds","floor":21.0,"turns":2.0},{"damage":37,"enemies":"Gremlin Leader","floor":24,"turns":6},{"damage":14,"enemies":"Centurion and Healer","floor":25,"turns":3},{"damage":19,"enemies":"Shelled Parasite and Fungi","floor":28,"turns":2}],"seed_played":"2436778861466363776","potions_obtained":[{"floor":1.0,"key":"SkillPotion"},{"floor":4.0,"key":"Energy Potion"},{"floor":14.0,"key":"Block Potion"}],"is_trial":false,"path_per_floor":["M","$","M","M","?","E","R","E","T","R","?","R","E","M","R","B",null,"M","?","$","M","$","R","E","M","T","$","M"],"character_chosen":"DEFECT","items_purchased":["Scrape","Steam","Lockon","Static Discharge","Flash of Steel","Hologram","Panache","AttackPotion"],"campfire_rested":1,"item_purchase_floors":[2,2,20,20,20,27,27,27],"current_hp_per_floor":[66,66,63,63,47,38,62,49,49,49,49,49,61,63,63,62,85,68,68,68,58,58,58,23,11,11,11,0],"gold":18,"neow_bonus":"RANDOM_COMMON_RELIC","is_prod":false,"is_daily":false,"chose_seed":false,"campfire_upgraded":4,"win_rate":0,"timestamp":1550110687,"path_taken":["M","$","M","M","?","E","R","E","T","R","?","R","E","M","R","BOSS","M","?","$","M","?","R","E","M","T","$","M"],"build_version":"2019-01-23","purchased_purges":2,"victory":false,"max_hp_per_floor":[82,82,82,82,82,82,82,82,82,82,82,82,92,92,92,92,92,92,92,92,92,92,92,92,92,92,92,92],"card_choices":[{"not_picked":["Compile Driver","Stack"],"picked":"Beam Cell","floor":1.0},{"not_picked":["Turbo","Sweeping Beam"],"picked":"Go for the Eyes","floor":3.0},{"not_picked":["Gash","White Noise"],"picked":"Electrodynamics","floor":4.0},{"not_picked":["Consume","Hyperbeam","Stack"],"picked":"SKIP","floor":6.0},{"not_picked":["Conserve Battery","Rebound"],"picked":"Ball Lightning","floor":8.0},{"not_picked":["Turbo","Stack"],"picked":"Compile Driver","floor":13.0},{"not_picked":["Leap","Barrage"],"picked":"Hologram","floor":14.0},{"not_picked":["Meteor Strike","Thunder Strike"],"picked":"Biased Cognition","floor":16.0},{"not_picked":["Hologram","Turbo"],"picked":"Ball Lightning","floor":18.0},{"not_picked":["Rebound","Steam Power","Conserve Battery"],"picked":"SKIP","floor":21.0},{"not_picked":["Turbo","White Noise"],"picked":"Lockon+1","floor":24},{"not_picked":["Sweeping Beam","Steam"],"picked":"Auto Shields","floor":25}],"player_experience":2272869,"relics_obtained":[{"floor":6.0,"key":"Shuriken"},{"floor":8.0,"key":"Vajra"},{"floor":9.0,"key":"Blood Vial"},{"floor":13.0,"key":"Pear"},{"floor":24,"key":"Du-Vu Doll"},{"floor":24,"key":"Old Coin"},{"floor":26,"key":"Symbiotic Virus"}],"event_choices":[{"damage_healed":0.0,"max_hp_gain":0.0,"max_hp_loss":0.0,"gold_gain":0.0,"event_name":"Shining Light","player_choice":"Entered Light","floor":5.0,"gold_loss":0.0,"damage_taken":16.0,"cards_upgraded":["Strike_B","Strike_B"]},{"damage_healed":0.0,"max_hp_gain":0.0,"max_hp_loss":0.0,"gold_gain":0.0,"event_name":"Liars Game","player_choice":"Ignored","floor":11.0,"gold_loss":0.0,"damage_taken":0.0},{"damage_healed":0.0,"max_hp_gain":0.0,"max_hp_loss":0.0,"gold_gain":0.0,"event_name":"Back to Basics","player_choice":"Simplicity","floor":19.0,"gold_loss":0.0,"damage_taken":0.0,"cards_upgraded":["Strike_B","Strike_B","Defend_B","Defend_B","Defend_B","Defend_B"]}],"is_beta":false,"boss_relics":[{"not_picked":["Runic Pyramid","Lizard Tail"],"picked":"Black Star"}],"items_purged_floors":[20,27],"is_endless":false,"potions_floor_spawned":[1,4,14],"killed_by":"Shelled Parasite and Fungi","ascension_level":13}