{"gold_per_floor":[118,132,144,219,33,33,52,52,75,91,91,104,117,10,10,106,106,125,139,54,54,54,54,66,66,66,66,66,86,86,86],"floor_reached":31,"playtime":2559,"items_purged":[],"score":227,"play_id":"23a5ae60-3482-4a21-bd5b-7089c2d1c097","local_time":"20190714174344","is_ascension_mode":false,"campfire_choices":[{"data":"Catalyst","floor":6.0,"key":"SMITH"},{"data":"Bouncing Flask","floor":11.0,"key":"SMITH"},{"floor":15.0,"key":"REST"},{"floor":23,"key":"REST"},{"floor":27,"key":"REST"},{"floor":30,"key":"REST"}],"neow_cost":"NONE","seed_source_timestamp":0,"circlet_count":0,"master_deck":["Strike_G","Strike_G","Defend_G","Defend_G","Defend_G","Defend_G","Defend_G","Survivor","Neutralize","Blur+1","Bouncing Flask+1","Dagger Spray","Catalyst+1","Well Laid Plans","Quick Slash","Outmaneuver","Slice","Dodge and Roll","Blur","Leg Sweep","Dodge and Roll","Bouncing Flask","Caltrops","Storm of Steel","Poisoned Stab+1","Sucker Punch","J.A.X.","Necronomicurse","Crippling Poison","RitualDagger","Accuracy"],"special_seed":0,"relics":["Ring of the Snake","Blood Vial","Empty Cage","Bronze Scales","Necronomicon","Ornamental Fan"],"potions_floor_usage":[24,29,29,31],"damage_taken":[{"damage":1.0,"enemies":"Cultist","floor":1.0,"turns":4.0},{"damage":1.0,"enemies":"Jaw Worm","floor":2.0,"turns":4.0},{"damage":0.0,"enemies":"Small Slimes","floor":3.0,"turns":3.0},{"damage":0.0,"enemies":"Looter","floor":7.0,"turns":2.0},{"damage":0.0,"enemies":"Large Slime","floor":10.0,"turns":5.0},{"damage":15.0,"enemies":"Lots of Slimes","floor":12.0,"turns":3.0},{"damage":2.0,"enemies":"3 Louse","floor":13.0,"turns":2.0},{"damage":54.0,"enemies":"Slime Boss","floor":16.0,"turns":17.0},{"damage":0,"enemies":"Chosen","floor":18,"turns":6},{"damage":8,"enemies":"3 Byrds","floor":19,"turns":4},{"damage":37,"enemies":"Centurion and Healer","floor":24,"turns":6},{"damage":25,"enemies":"3 Cultists","floor":29,"turns":6},{"damage":48,"enemies":"Shelled Parasite and Fungi","floor":31,"turns":6}],"seed_played":"7922911321371333932","potions_obtained":[{"floor":3.0,"key":"SteroidPotion"},{"floor":7.0,"key":"Strength Potion"},{"floor":10.0,"key":"PowerPotion"},{"floor":16.0,"key":"SpeedPotion"},{"floor":18,"key":"Energy Potion"},{"floor":24,"key":"Energy Potion"},{"floor":29,"key":"FearPotion"}],"is_trial":false,"path_per_floor":["M","M","M","?","$","R","M","?","T","M","R","M","M","$","R","B",null,"M","M","?","?","?","R","M","?","T","R","?","M","R","M"],"character_chosen":"THE_SILENT","items_purchased":["Well Laid Plans","Quick Slash","Outmaneuver","Slice","Bouncing Flask","Caltrops"],"campfire_rested":4,"item_purchase_floors":[5,5,5,5,14,14],"current_hp_per_floor":[69,68,68,61,61,61,61,61,61,63,63,50,50,50,70,16,70,70,62,62,62,46,67,32,26,26,47,47,24,45,0],"gold":86,"neow_bonus":"THREE_CARDS","is_prod":false,"is_daily":false,"chose_seed":false,"campfire_upgraded":2,"win_rate":0.0,"timestamp":1563137024,"path_taken":["M","?","M","?","?","R","?","?","T","M","R","?","M","$","R","BOSS","M","M","?","?","?","R","M","?","T","R","?","M","R","M"],"build_version":"2019-07-05","purchased_purges":0,"victory":false,"max_hp_per_floor":[70,70,70,70,70,70,70,70,70,70,70,70,70,70,70,70,70,70,70,70,70,70,70,70,70,70,70,70,70,70,70],"card_choices":[{"not_picked":["Acrobatics","Poisoned Stab"],"picked":"Blur","floor":0.0},{"not_picked":["Slice","Dash"],"picked":"Bouncing Flask","floor":1.0},{"not_picked":["Poisoned Stab","Acrobatics"],"picked":"Dagger Spray","floor":2.0},{"not_picked":["Accuracy","Slice"],"picked":"Catalyst","floor":3.0},{"not_picked":["Cloak And Dagger","Prepared"],"picked":"Dodge and Roll","floor":7.0},{"not_picked":["Slice","Reflex"],"picked":"Blur","floor":10.0},{"not_picked":["Backflip","Acrobatics"],"picked":"Leg Sweep","floor":12.0},{"not_picked":["Dagger Throw","Envenom"],"picked":"Dodge and Roll","floor":13.0},{"not_picked":["Doppelganger","Venomology"],"picked":"Storm of Steel","floor":16.0},{"not_picked":["Quick Slash","Deflect"],"picked":"Poisoned Stab+1","floor":18},{"not_picked":["Underhanded Strike","Well Laid Plans"],"picked":"Sucker Punch","floor":19},{"not_picked":["Blade Dance","Flechettes+1"],"picked":"Crippling Poison","floor":24},{"not_picked":["Slice","Caltrops"],"picked":"Accuracy","floor":29}],"player_experience":135474,"relics_obtained":[{"floor":9.0,"key":"Blood Vial"},{"floor":22,"key":"Necronomicon"},{"floor":26,"key":"Ornamental Fan"}],"event_choices":[{"damage_healed":0.0,"max_hp_gain":0.0,"max_hp_loss":0.0,"gold_gain":75.0,"event_name":"FaceTrader","player_choice":"Touch","floor":4.0,"gold_loss":0.0,"damage_taken":7.0},{"damage_healed":0.0,"max_hp_gain":0.0,"max_hp_loss":0.0,"gold_gain":0.0,"event_name":"Upgrade Shrine","player_choice":"Upgraded","floor":8.0,"gold_loss":0.0,"damage_taken":0.0,"cards_upgraded":["Blur"]},{"damage_healed":0,"gold_gain":0,"player_choice":"Obtained Relic","damage_taken":0,"relics_obtained":["Bronze Scales"],"max_hp_gain":0,"max_hp_loss":0,"event_name":"Addict","floor":20,"gold_loss":85},{"damage_healed":0,"gold_gain":0,"player_choice":"Obtain J.A.X.","damage_taken":0,"max_hp_gain":0,"max_hp_loss":0,"event_name":"Drug Dealer","floor":21,"gold_loss":0,"cards_obtained":["J.A.X."]},{"damage_healed":0,"gold_gain":0,"player_choice":"Obtained Book","damage_taken":16,"max_hp_gain":0,"max_hp_loss":0,"event_name":"Cursed Tome","floor":22,"gold_loss":0},{"damage_healed":0,"gold_gain":0,"player_choice":"Joined the Cult","damage_taken":6,"max_hp_gain":0,"max_hp_loss":0,"event_name":"Nest","floor":25,"gold_loss":0,"cards_obtained":["RitualDagger"]},{"cards_removed":["Strike_G"],"damage_healed":0,"gold_gain":0,"player_choice":"Purged","damage_taken":0,"max_hp_gain":0,"max_hp_loss":0,"event_name":"Purifier","floor":28,"gold_loss":0}],"is_beta":false,"boss_relics":[{"not_picked":["White Beast Statue","Tiny House"],"picked":"Empty Cage"}],"items_purged_floors":[],"is_endless":false,"potions_floor_spawned":[3,7,10,16,18,24,29],"killed_by":"Shelled Parasite and Fungi","ascension_level":0}