{"gold_per_floor":[115,65,65,79,92,109,122,137,137,157,157,8,8,0,0,0],"floor_reached":16,"playtime":926,"items_purged":[],"score":94,"play_id":"3273a801-3d3a-47b8-840a-fb30ee1d4414","local_time":"20190708133604","is_ascension_mode":false,"campfire_choices":[{"floor":13,"key":"REST"},{"data":"Blade Dance","floor":15,"key":"SMITH"}],"neow_cost":"NONE","seed_source_timestamp":884951429129256,"circlet_count":0,"master_deck":["Strike_G","Strike_G","Strike_G","Defend_G","Defend_G","Defend_G","Defend_G","Defend_G","Survivor","Neutralize","Slice","Poisoned Stab","Dagger Spray","Deadly Poison","Blade Dance","Predator","Dagger Spray","Blade Dance+1"],"relics":["Ring of the Snake","Sundial","Anchor"],"potions_floor_usage":[6,8],"damage_taken":[{"damage":0,"enemies":"2 Louse","floor":1,"turns":4},{"damage":6,"enemies":"Jaw Worm","floor":4,"turns":4},{"damage":1,"enemies":"Cultist","floor":5,"turns":3},{"damage":0,"enemies":"Blue Slaver","floor":6,"turns":5},{"damage":24,"enemies":"Exordium Thugs","floor":7,"turns":6},{"damage":0,"enemies":"Large Slime","floor":8,"turns":4},{"damage":12,"enemies":"Exordium Wildlife","floor":10,"turns":4},{"damage":65,"enemies":"The Guardian","floor":16,"turns":9}],"seed_played":"-6200450324582356931","potions_obtained":[{"floor":1,"key":"Regen Potion"},{"floor":7,"key":"EssenceOfSteel"},{"floor":8,"key":"SpeedPotion"}],"is_trial":false,"path_per_floor":["M","?","?","M","M","M","M","M","T","M","?","$","R","?","R","B"],"character_chosen":"THE_SILENT","items_purchased":["Anchor"],"campfire_rested":1,"item_purchase_floors":[12],"current_hp_per_floor":[70,70,75,69,68,75,51,51,51,39,39,39,61,61,61,0],"gold":0,"neow_bonus":"THREE_CARDS","is_prod":false,"is_daily":false,"chose_seed":false,"campfire_upgraded":1,"win_rate":0.0,"timestamp":1562603764,"path_taken":["M","?","?","M","?","M","M","M","T","?","?","?","R","?","R","BOSS"],"build_version":"2019-07-05","purchased_purges":0,"victory":false,"max_hp_per_floor":[70,70,75,75,75,75,75,75,75,75,75,75,75,75,75,75],"card_choices":[{"not_picked":["Catalyst","Outmaneuver"],"picked":"Slice","floor":0},{"not_picked":["Catalyst","Sucker Punch"],"picked":"Poisoned Stab","floor":1},{"not_picked":["Outmaneuver","Dodge and Roll"],"picked":"Dagger Spray","floor":4},{"not_picked":["Dodge and Roll","Deflect"],"picked":"Deadly Poison","floor":5},{"not_picked":["Quick Slash","Deadly Poison"],"picked":"Blade Dance","floor":6},{"not_picked":["Doppelganger","Leg Sweep"],"picked":"Predator","floor":7},{"not_picked":["Slice","Choke"],"picked":"Dagger Spray","floor":8},{"not_picked":["PiercingWail","Distraction"],"picked":"Blade Dance","floor":10}],"player_experience":109274,"relics_obtained":[{"floor":9,"key":"Sundial"}],"event_choices":[{"cards_removed":["Strike_G"],"damage_healed":0,"gold_gain":0,"player_choice":"Card Removal","damage_taken":0,"max_hp_gain":0,"max_hp_loss":0,"event_name":"The Cleric","floor":2,"gold_loss":50},{"damage_healed":0,"gold_gain":0,"player_choice":"Donut","damage_taken":0,"max_hp_gain":5,"max_hp_loss":0,"event_name":"Big Fish","floor":3,"gold_loss":0},{"cards_removed":["Strike_G"],"damage_healed":0,"gold_gain":0,"player_choice":"Purged","damage_taken":0,"max_hp_gain":0,"max_hp_loss":0,"event_name":"Purifier","floor":11,"gold_loss":0},{"damage_healed":0,"gold_gain":0,"player_choice":"Left Gold","damage_taken":0,"max_hp_gain":0,"max_hp_loss":0,"event_name":"World of Goop","floor":14,"gold_loss":8}],"is_beta":false,"boss_relics":[],"items_purged_floors":[],"is_endless":false,"potions_floor_spawned":[1,7,8],"killed_by":"The Guardian","ascension_level":0}