{"gold_per_floor":[118,118,136,146,156,216,47,47,72,72],"floor_reached":10,"playtime":621,"items_purged":["Regret"],"score":68,"play_id":"d5d37c33-a475-4bd6-a504-55457d76634e","local_time":"20191006230022","is_ascension_mode":false,"campfire_choices":[{"data":"Coolheaded","floor":8,"key":"SMITH"}],"neow_cost":"NONE","seed_source_timestamp":605376846075900,"circlet_count":0,"master_deck":["Strike_B","Strike_B","Strike_B","Strike_B","Defend_B","Defend_B","Defend_B","Defend_B","Zap","Dualcast","Gash","Barrage","Gash","Gash","Stack","Hello World","Coolheaded+1","Defragment"],"relics":["Cracked Core","Ancient Tea Set","Tiny Chest","Bag of Preparation"],"potions_floor_usage":[6],"damage_taken":[{"damage":0,"enemies":"Small Slimes","floor":1,"turns":3},{"damage":7,"enemies":"2 Louse","floor":3,"turns":2},{"damage":3,"enemies":"Cultist","floor":4,"turns":3},{"damage":22,"enemies":"Lots of Slimes","floor":5,"turns":4},{"damage":39,"enemies":"3 Sentries","floor":6,"turns":8},{"damage":6,"enemies":"Gremlin Nob","floor":10,"turns":2}],"seed_played":"-7144993361896585083","potions_obtained":[{"floor":1,"key":"Explosive Potion"},{"floor":5,"key":"Strength Potion"}],"is_trial":false,"path_per_floor":["M","?","M","M","M","E","$","R","T","?"],"character_chosen":"DEFECT","items_purchased":["Coolheaded","Defragment"],"campfire_rested":0,"item_purchase_floors":[7,7],"current_hp_per_floor":[75,75,68,65,43,4,4,4,4,0],"gold":72,"neow_bonus":"THREE_CARDS","is_prod":false,"is_daily":false,"chose_seed":false,"campfire_upgraded":1,"win_rate":0.0,"timestamp":1570374022,"path_taken":["M","?","M","M","M","E","$","R","T","?"],"build_version":"2019-07-17","purchased_purges":1,"victory":false,"max_hp_per_floor":[75,75,75,75,75,75,75,75,75,75],"card_choices":[{"not_picked":["Doom and Gloom","Turbo"],"picked":"Gash","floor":0},{"not_picked":["FTL","Steam"],"picked":"Barrage","floor":1},{"not_picked":["Loop","Chill"],"picked":"Gash","floor":3},{"not_picked":["Sunder","Streamline"],"picked":"Gash","floor":4},{"not_picked":["Undo","Redo"],"picked":"Stack","floor":5},{"not_picked":["Barrage","Consume"],"picked":"Hello World","floor":6}],"player_experience":114390,"relics_obtained":[{"floor":6,"key":"Tiny Chest"},{"floor":9,"key":"Bag of Preparation"}],"event_choices":[{"damage_healed":0,"gold_gain":0,"player_choice":"Box","damage_taken":0,"relics_obtained":["Ancient Tea Set"],"max_hp_gain":0,"max_hp_loss":0,"event_name":"Big Fish","floor":2,"gold_loss":0,"cards_obtained":["Regret"]},{"damage_healed":0,"gold_gain":0,"player_choice":"Searched \u00272\u0027 times","damage_taken":0,"max_hp_gain":0,"max_hp_loss":0,"event_name":"Dead Adventurer","floor":10,"gold_loss":0}],"is_beta":false,"boss_relics":[],"items_purged_floors":[7],"is_endless":false,"potions_floor_spawned":[1,5],"killed_by":"Gremlin Nob","ascension_level":0}