{"gold_per_floor":[109,109,109,128,143,143,163,18,18,18,31,31,63,78,78,78],"floor_reached":16,"playtime":537,"items_purged":[],"score":112,"play_id":"8d245c10-e02d-4b7e-a64b-83bd03c6d307","local_time":"20190801162952","is_ascension_mode":true,"campfire_choices":[{"data":"Limit Break","floor":6,"key":"SMITH"},{"floor":12,"key":"REST"},{"floor":15,"key":"REST"}],"neow_cost":"NONE","seed_source_timestamp":269328895064041,"circlet_count":0,"master_deck":["Strike_R","Strike_R","Strike_R","Strike_R","Strike_R","Defend_R","Defend_R+1","Defend_R","Defend_R","Bash+1","Limit Break+1","Thunderclap","Corruption","Pommel Strike","Thunderclap","Double Tap","Dropkick","Flex","Bloodletting","Anger"],"relics":["Burning Blood","Omamori","Letter Opener"],"potions_floor_usage":[16,16],"damage_taken":[{"damage":5,"enemies":"2 Louse","floor":1,"turns":4},{"damage":0,"enemies":"Cultist","floor":4,"turns":3},{"damage":7,"enemies":"Small Slimes","floor":5,"turns":4},{"damage":24,"enemies":"Blue Slaver","floor":7,"turns":5},{"damage":11,"enemies":"Looter","floor":11,"turns":2},{"damage":38,"enemies":"Gremlin Nob","floor":13,"turns":4},{"damage":15,"enemies":"2 Fungi Beasts","floor":14,"turns":3},{"damage":54,"enemies":"The Guardian","floor":16,"turns":4}],"seed_played":"-5774819418278709127","potions_obtained":[{"floor":5,"key":"Poison Potion"},{"floor":13,"key":"Swift Potion"},{"floor":14,"key":"Fire Potion"}],"is_trial":false,"path_per_floor":["M","?","?","M","M","R","M","$","T","$","M","R","E","M","R","B"],"character_chosen":"IRONCLAD","items_purchased":["Double Tap","Dropkick"],"campfire_rested":2,"item_purchase_floors":[8,8],"current_hp_per_floor":[80,64,64,70,69,69,51,51,51,51,46,70,38,29,53,0],"gold":78,"neow_bonus":"ONE_RANDOM_RARE_CARD","is_prod":false,"is_daily":false,"chose_seed":false,"campfire_upgraded":1,"win_rate":0,"timestamp":1564687792,"path_taken":["M","?","?","M","?","R","?","$","T","$","M","R","E","M","R","BOSS"],"build_version":"2019-07-17","purchased_purges":0,"victory":false,"max_hp_per_floor":[80,80,80,80,80,80,80,80,80,80,80,80,80,80,80,80],"card_choices":[{"not_picked":["Headbutt","Second Wind"],"picked":"Thunderclap","floor":1},{"not_picked":["True Grit","Disarm"],"picked":"Corruption","floor":4},{"not_picked":["Body Slam","Sword Boomerang"],"picked":"Pommel Strike","floor":5},{"not_picked":["Intimidate","Clash"],"picked":"Thunderclap","floor":7},{"not_picked":["True Grit","Heavy Blade"],"picked":"Flex","floor":11},{"not_picked":["Warcry","Rupture"],"picked":"Bloodletting","floor":13},{"not_picked":["Seeing Red","Feel No Pain"],"picked":"Anger","floor":14}],"player_experience":266459,"relics_obtained":[{"floor":9,"key":"Omamori"},{"floor":13,"key":"Letter Opener"}],"event_choices":[{"damage_healed":0,"gold_gain":0,"player_choice":"Entered Light","damage_taken":16,"max_hp_gain":0,"max_hp_loss":0,"event_name":"Shining Light","floor":2,"gold_loss":0,"cards_upgraded":["Defend_R","Bash"]},{"damage_healed":0,"gold_gain":0,"player_choice":"Ignored","damage_taken":0,"max_hp_gain":0,"max_hp_loss":0,"event_name":"Purifier","floor":3,"gold_loss":0}],"is_beta":false,"boss_relics":[],"items_purged_floors":[],"is_endless":false,"potions_floor_spawned":[5,13,14],"killed_by":"The Guardian","ascension_level":2}