{"gold_per_floor":[16,16,34,49,49,90,90,190,264,284,284,323,323,346,346,445,445,469,494,19,33,33,33,71,71,71,4,4,4,4,19,19,19],"floor_reached":33,"playtime":2722,"items_purged":[],"score":464,"play_id":"f7f7248c-5c2d-4653-a735-7c677119b03d","local_time":"20190220205255","is_ascension_mode":true,"campfire_choices":[{"floor":7,"key":"REST"},{"data":"Hologram","floor":13,"key":"SMITH"},{"floor":15,"key":"REST"},{"floor":23,"key":"REST"},{"floor":25,"key":"REST"},{"data":"Static Discharge","floor":28,"key":"SMITH"},{"floor":32,"key":"REST"}],"neow_cost":"NO_GOLD","seed_source_timestamp":848310038530316,"circlet_count":0,"master_deck":["AscendersBane","Strike_B+1","Strike_B","Strike_B","Defend_B","Defend_B","Defend_B","Defend_B","Zap","Dualcast","Static Discharge+1","Streamline+1","Hologram+1","Conserve Battery","Sunder","Reinforced Body+1","Buffer","Conserve Battery+1","Ball Lightning","Go for the Eyes","Hologram+1","Panacea+1","Reboot+1","Static Discharge","Darkness+1"],"relics":["Cracked Core","Dead Branch","Golden Idol","Whetstone","Symbiotic Virus","Toxic Egg 2","Runic Pyramid","Torii","Bronze Scales","StoneCalendar"],"potions_floor_usage":[6,16,16,19,24],"damage_taken":[{"damage":1,"enemies":"2 Louse","floor":1,"turns":3},{"damage":6,"enemies":"Cultist","floor":3,"turns":4},{"damage":5,"enemies":"Small Slimes","floor":4,"turns":3},{"damage":29,"enemies":"Lagavulin","floor":6,"turns":9},{"damage":9,"enemies":"Exordium Thugs","floor":10,"turns":3},{"damage":12,"enemies":"Gremlin Nob","floor":12,"turns":4},{"damage":13,"enemies":"Blue Slaver","floor":14,"turns":2},{"damage":26,"enemies":"Slime Boss","floor":16,"turns":9},{"damage":12,"enemies":"Spheric Guardian","floor":18,"turns":4},{"damage":14,"enemies":"Shell Parasite","floor":19,"turns":5},{"damage":15,"enemies":"Centurion and Healer","floor":21,"turns":8},{"damage":36,"enemies":"Slavers","floor":24,"turns":5},{"damage":3,"enemies":"Chosen and Byrds","floor":31,"turns":5},{"damage":57,"enemies":"Champ","floor":33,"turns":12}],"seed_played":"-8951919181800153095","potions_obtained":[{"floor":1,"key":"Weak Potion"},{"floor":10,"key":"LiquidBronze"},{"floor":12,"key":"Dexterity Potion"},{"floor":18,"key":"Regen Potion"},{"floor":21,"key":"Poison Potion"}],"is_trial":false,"path_per_floor":["M","?","M","M","$","E","R","?","T","M","?","E","R","M","R","B",null,"M","M","$","M","?","R","E","R","T","$","R","?","$","M","R","B"],"character_chosen":"DEFECT","items_purchased":["Torii","Bronze Scales","Go for the Eyes","Static Discharge"],"campfire_rested":5,"item_purchase_floors":[20,20,20,27],"current_hp_per_floor":[63,46,40,35,35,6,27,27,27,18,41,29,29,16,37,11,56,44,35,35,20,20,41,5,26,26,26,26,26,26,23,44,0],"gold":19,"neow_bonus":"ONE_RARE_RELIC","is_prod":false,"is_daily":false,"chose_seed":false,"campfire_upgraded":2,"win_rate":0,"timestamp":1550713975,"path_taken":["M","?","M","M","$","E","R","?","T","?","?","E","R","M","R","BOSS","M","M","$","M","?","R","E","R","T","?","R","?","$","M","R","BOSS"],"build_version":"2019-01-23","purchased_purges":0,"victory":false,"max_hp_per_floor":[71,71,71,71,71,71,71,71,71,71,71,71,71,71,71,71,71,71,71,71,71,71,71,71,71,71,71,71,71,71,71,71,71],"card_choices":[{"not_picked":["Rebound","Go for the Eyes"],"picked":"Static Discharge","floor":1},{"not_picked":["Darkness","Loop"],"picked":"Streamline","floor":3},{"not_picked":["Streamline","Beam Cell"],"picked":"Hologram","floor":4},{"not_picked":["Rainbow","Turbo"],"picked":"Conserve Battery","floor":6},{"not_picked":["Storm","Lockon","Gash"],"picked":"SKIP","floor":10},{"not_picked":["Coolheaded","Hyperbeam"],"picked":"Sunder","floor":12},{"not_picked":["Static Discharge","Lockon"],"picked":"Reinforced Body+1","floor":14},{"not_picked":["Meteor Strike","All For One"],"picked":"Buffer","floor":16},{"not_picked":["Beam Cell","Ball Lightning"],"picked":"Conserve Battery+1","floor":18},{"not_picked":["Genetic Algorithm+1","Stack+1"],"picked":"Ball Lightning","floor":19},{"not_picked":["Aggregate+1","Hello World"],"picked":"Hologram+1","floor":21},{"not_picked":["Meteor Strike","Steam Power+1","Ball Lightning"],"picked":"SKIP","floor":24},{"not_picked":["Blizzard","Recycle+1"],"picked":"Darkness+1","floor":31}],"player_experience":2303960,"relics_obtained":[{"floor":6,"key":"Whetstone"},{"floor":9,"key":"Symbiotic Virus"},{"floor":12,"key":"Toxic Egg 2"},{"floor":26,"key":"StoneCalendar"}],"event_choices":[{"damage_healed":0,"gold_gain":0,"player_choice":"Take Damage","damage_taken":17,"relics_obtained":["Golden Idol"],"max_hp_gain":0,"max_hp_loss":0,"event_name":"Golden Idol","floor":2,"gold_loss":0},{"damage_healed":0,"gold_gain":100,"player_choice":"Pray","damage_taken":0,"max_hp_gain":0,"max_hp_loss":0,"event_name":"Golden Shrine","floor":8,"gold_loss":0},{"damage_healed":23,"gold_gain":0,"player_choice":"Banana","damage_taken":0,"max_hp_gain":0,"max_hp_loss":0,"event_name":"Big Fish","floor":11,"gold_loss":0},{"damage_healed":0,"gold_gain":0,"player_choice":"2 cards matched","damage_taken":0,"max_hp_gain":0,"max_hp_loss":0,"event_name":"Match and Keep!","floor":22,"gold_loss":0,"cards_obtained":["Panacea","Reboot"]},{"cards_removed":["Strike_B"],"damage_healed":0,"gold_gain":0,"player_choice":"Purged","damage_taken":0,"max_hp_gain":0,"max_hp_loss":0,"event_name":"Purifier","floor":29,"gold_loss":0}],"is_beta":false,"boss_relics":[{"not_picked":["Lizard Tail","Astrolabe"],"picked":"Runic Pyramid"}],"items_purged_floors":[],"is_endless":false,"potions_floor_spawned":[1,10,12,18,21],"killed_by":"Champ","ascension_level":14}