{"gold_per_floor":[115,65,84,84,98,133,133,148,197,216,242,268,268,284,284,383,383,396,396,396,416,10,10,39,39,39,39,73,86,11,24,24,124,124,140,18,18,18,30,64,81,115,162,162,173,173,193,193,193,193,193,193,26,26],"floor_reached":54,"playtime":5859,"items_purged":["Strike_B"],"score":1282,"play_id":"c3ebc0d3-e20d-4955-bf56-62ebbc2a9f6f","local_time":"20181221185423","is_ascension_mode":true,"campfire_choices":[{"data":"Zap","floor":7.0,"key":"SMITH"},{"data":"Reinforced Body","floor":13.0,"key":"SMITH"},{"floor":15.0,"key":"REST"},{"data":"Beam Cell","floor":23.0,"key":"SMITH"},{"data":"Hologram","floor":25.0,"key":"SMITH"},{"floor":32.0,"key":"REST"},{"floor":44.0,"key":"REST"},{"floor":46.0,"key":"RECALL"},{"floor":49.0,"key":"REST"},{"data":"Fission","floor":52.0,"key":"SMITH"}],"neow_cost":"NONE","seed_source_timestamp":0,"circlet_count":0,"master_deck":["AscendersBane","Strike_B+1","Defend_B","Zap+1","Dualcast","Gash+1","Conserve Battery","Compile Driver","Reboot","Sweeping Beam","Multi-Cast","Gash","Core Surge","Reinforced Body+1","Beam Cell+1","All For One","Streamline+1","Gash+1","Conserve Battery","FTL","Flash of Steel","Hologram+1","Gash","All For One","Fission+1","Conserve Battery+1","Scrape","Go for the Eyes","Panacea","Secret Technique","Undo","Defragment+1","Steam","Beam Cell","Reinforced Body+1","Tempest","Madness","Madness","Trip","Undo"],"special_seed":0,"relics":["Cracked Core","NeowsBlessing","Question Card","Bronze Scales","Whetstone","Odd Mushroom","Nuclear Battery","Bag of Preparation","Oddly Smooth Stone","Bottled Flame","Anchor","Empty Cage","Blood Vial","Omamori","Pen Nib"],"potions_floor_usage":[],"damage_taken":[{"damage":0.0,"enemies":"Small Slimes","floor":1.0,"turns":1.0},{"damage":0.0,"enemies":"2 Louse","floor":3.0,"turns":1.0},{"damage":0.0,"enemies":"Cultist","floor":5.0,"turns":1.0},{"damage":28.0,"enemies":"Lagavulin","floor":6.0,"turns":8.0},{"damage":0.0,"enemies":"3 Louse","floor":8.0,"turns":2.0},{"damage":8.0,"enemies":"Exordium Thugs","floor":10.0,"turns":3.0},{"damage":9.0,"enemies":"3 Sentries","floor":11.0,"turns":5.0},{"damage":1.0,"enemies":"The Mushroom Lair","floor":12.0,"turns":3.0},{"damage":7.0,"enemies":"Exordium Wildlife","floor":14.0,"turns":3.0},{"damage":11.0,"enemies":"Slime Boss","floor":16.0,"turns":4.0},{"damage":11.0,"enemies":"Shell Parasite","floor":18.0,"turns":4.0},{"damage":0.0,"enemies":"Chosen","floor":21.0,"turns":3.0},{"damage":0.0,"enemies":"Gremlin Leader","floor":24.0,"turns":3.0},{"damage":23.0,"enemies":"Slavers","floor":28.0,"turns":4.0},{"damage":14.0,"enemies":"Snake Plant","floor":29.0,"turns":2.0},{"damage":2.0,"enemies":"Snecko","floor":31.0,"turns":4.0},{"damage":11.0,"enemies":"Collector","floor":33.0,"turns":4.0},{"damage":4.0,"enemies":"3 Shapes","floor":35.0,"turns":6.0},{"damage":0.0,"enemies":"Orb Walker","floor":39.0,"turns":2.0},{"damage":0.0,"enemies":"Reptomancer","floor":40.0,"turns":3.0},{"damage":12.0,"enemies":"Maw","floor":41.0,"turns":4.0},{"damage":26.0,"enemies":"Giant Head","floor":42.0,"turns":7.0},{"damage":0.0,"enemies":"4 Shapes","floor":45.0,"turns":3.0},{"damage":6.0,"enemies":"3 Darklings","floor":47.0,"turns":2.0},{"damage":38.0,"enemies":"Time Eater","floor":50.0,"turns":7.0},{"damage":76,"enemies":"Shield and Spear","floor":54,"turns":5}],"seed_played":"5148204437955746065","potions_obtained":[{"floor":8.0,"key":"AttackPotion"},{"floor":10.0,"key":"Block Potion"},{"floor":11.0,"key":"Regen Potion"},{"floor":12.0,"key":"Fire Potion"},{"floor":14.0,"key":"Ancient Potion"},{"floor":18.0,"key":"Swift Potion"},{"floor":29.0,"key":"Dexterity Potion"},{"floor":31.0,"key":"SteroidPotion"},{"floor":35.0,"key":"FocusPotion"},{"floor":47.0,"key":"Block Potion"}],"is_trial":false,"path_per_floor":["M","?","M","?","M","E","R","M","T","M","E","?","R","M","R","B",null,"M","?","T","M","$","R","E","R","T","$","E","M","?","M","R","B",null,"M","$","?","?","M","E","M","E","T","R","M","R","M","?","R","B",null,"R","$","E"],"character_chosen":"DEFECT","items_purchased":["Conserve Battery","FTL","Flash of Steel","Bag of Preparation","Scrape","Go for the Eyes","Trip","Undo"],"campfire_rested":4,"item_purchase_floors":[22,22,22,22,36,36,53,53],"current_hp_per_floor":[68,68,68,68,68,40,40,40,40,32,23,31,31,24,46,35,65,54,40,40,40,40,40,40,40,40,40,17,3,3,1,25,14,64,60,60,55,55,55,55,45,21,21,45,47,47,43,33,57,21,65,65,65,0],"gold":26,"neow_bonus":"THREE_ENEMY_KILL","is_prod":false,"is_daily":false,"chose_seed":false,"campfire_upgraded":5,"win_rate":0,"timestamp":1545436463,"path_taken":["M","?","M","?","?","E","R","M","T","M","E","?","R","M","R","BOSS","M","?","?","M","$","R","E","R","T","$","E","?","?","M","R","BOSS","M","$","?","?","M","E","M","E","T","R","?","R","M","?","R","BOSS","R","$","E"],"build_version":"2018-12-13","purchased_purges":1,"victory":false,"max_hp_per_floor":[75,75,75,75,75,75,75,75,75,75,75,75,75,75,75,75,75,75,80,80,80,80,80,80,80,80,80,80,80,80,80,80,80,80,80,80,80,80,80,80,80,80,80,80,80,80,80,80,80,80,80,80,80,80],"card_choices":[{"not_picked":["Cold Snap","Fusion"],"picked":"Gash","floor":1.0},{"not_picked":["Hello World","BootSequence"],"picked":"Conserve Battery","floor":3.0},{"not_picked":["Lockon","Consume"],"picked":"Reboot","floor":5.0},{"not_picked":["Stack","Compile Driver"],"picked":"Sweeping Beam","floor":6.0},{"not_picked":["Reinforced Body","Redo","Compile Driver"],"picked":"Multi-Cast","floor":8.0},{"not_picked":["Self Repair","Steam","Redo"],"picked":"Gash","floor":10.0},{"not_picked":["Consume","Redo","Leap"],"picked":"Core Surge","floor":11.0},{"not_picked":["Redo","Sweeping Beam","Leap"],"picked":"Reinforced Body","floor":12.0},{"not_picked":["Reinforced Body","Compile Driver","Streamline"],"picked":"Beam Cell","floor":14.0},{"not_picked":["Amplify","Electrodynamics","Hyperbeam"],"picked":"All For One","floor":16.0},{"not_picked":["Auto Shields","Capacitor","Heatsinks"],"picked":"Streamline+1","floor":18.0},{"not_picked":["Melter","Ball Lightning","Chill"],"picked":"Gash+1","floor":21.0},{"not_picked":["Barrage+1","Chill","Amplify"],"picked":"Hologram","floor":24.0},{"not_picked":["Steam","Hologram","Melter"],"picked":"Gash","floor":28.0},{"not_picked":["Ball Lightning+1","Rebound","Defragment"],"picked":"All For One","floor":29.0},{"not_picked":["Recycle","Loop+1","Chill"],"picked":"Go for the Eyes","floor":31.0},{"not_picked":["Multi-Cast","Core Surge","Thunder Strike"],"picked":"Fission","floor":33.0},{"not_picked":["Reprogram","Capacitor","Sunder"],"picked":"Conserve Battery+1","floor":35.0},{"not_picked":["Enlightenment","Deep Breath","Discovery"],"picked":"Panacea","floor":37.0},{"not_picked":["The Bomb","Metamorphosis","Impatience"],"picked":"Secret Technique","floor":37.0},{"not_picked":["Rebound","Capacitor+1","Go for the Eyes"],"picked":"Undo","floor":39.0},{"not_picked":["Self Repair","Glacier","Rip and Tear"],"picked":"Defragment+1","floor":40.0},{"not_picked":["Sweeping Beam","Hologram","Static Discharge"],"picked":"Steam","floor":41.0},{"not_picked":["Machine Learning","Meteor Strike","Leap"],"picked":"Beam Cell","floor":42.0},{"not_picked":["Compile Driver","Leap","Rebound"],"picked":"Reinforced Body+1","floor":45.0},{"not_picked":["Rebound","Consume","Streamline+1"],"picked":"Tempest","floor":47.0}],"player_experience":2090397,"relics_obtained":[{"floor":6.0,"key":"Question Card"},{"floor":9.0,"key":"Bronze Scales"},{"floor":11.0,"key":"Whetstone"},{"floor":12.0,"key":"Odd Mushroom"},{"floor":24.0,"key":"Oddly Smooth Stone"},{"floor":26.0,"key":"Bottled Flame"},{"floor":28.0,"key":"Anchor"},{"floor":40.0,"key":"Blood Vial"},{"floor":42.0,"key":"Omamori"},{"floor":43.0,"key":"Pen Nib"}],"event_choices":[{"cards_removed":["Strike_B"],"damage_healed":0.0,"max_hp_gain":0.0,"max_hp_loss":0.0,"gold_gain":0.0,"event_name":"The Cleric","player_choice":"Card Removal","floor":2.0,"gold_loss":50.0,"damage_taken":0.0},{"damage_healed":0.0,"max_hp_gain":0.0,"max_hp_loss":0.0,"gold_gain":0.0,"cards_transformed":["Defend_B"],"event_name":"Transmorgrifier","player_choice":"Transformed","floor":4.0,"gold_loss":0.0,"damage_taken":0.0,"cards_obtained":["Compile Driver"]},{"damage_healed":0.0,"max_hp_gain":0.0,"max_hp_loss":0.0,"gold_gain":0.0,"event_name":"Mushrooms","player_choice":"Fought Mushrooms","floor":12.0,"gold_loss":0.0,"damage_taken":0.0},{"damage_healed":0.0,"max_hp_gain":5.0,"max_hp_loss":0.0,"gold_gain":0.0,"event_name":"Forgotten Altar","player_choice":"Shed Blood","floor":19.0,"gold_loss":0.0,"damage_taken":19.0},{"cards_removed":["Strike_B"],"damage_healed":0.0,"max_hp_gain":0.0,"max_hp_loss":0.0,"gold_gain":0.0,"event_name":"Beggar","player_choice":"Gave Gold","floor":30.0,"gold_loss":75.0,"damage_taken":0.0},{"damage_healed":0.0,"max_hp_gain":0.0,"max_hp_loss":0.0,"gold_gain":0.0,"event_name":"SensoryStone","player_choice":"Memory 2","floor":37.0,"gold_loss":0.0,"damage_taken":5.0},{"cards_removed":["Go for the Eyes"],"damage_healed":0.0,"max_hp_gain":0.0,"max_hp_loss":0.0,"gold_gain":0.0,"event_name":"Falling","player_choice":"Removed Attack","floor":38.0,"gold_loss":0.0,"damage_taken":0.0},{"damage_healed":0.0,"max_hp_gain":0.0,"max_hp_loss":0.0,"gold_gain":0.0,"event_name":"Winding Halls","player_choice":"Embrace Madness","floor":48.0,"gold_loss":0.0,"damage_taken":10.0,"cards_obtained":["Madness","Madness"]}],"is_beta":false,"boss_relics":[{"not_picked":["Snecko Eye","Coffee Dripper"],"picked":"Nuclear Battery"},{"not_picked":["Inserter","Astrolabe"],"picked":"Empty Cage"}],"items_purged_floors":[22],"is_endless":false,"potions_floor_spawned":[8,10,11,12,14,18,29,31,35,47],"killed_by":"Shield and Spear","ascension_level":12}