{"gold_per_floor":[117,0,14,30,43,43,68,68,68,68,68,68,93,93,93,93],"floor_reached":16,"playtime":1772,"items_purged":["Decay"],"score":216,"play_id":"6f265595-69e1-412f-9247-9df17128d6e6","local_time":"20190812212850","is_ascension_mode":true,"campfire_choices":[{"data":"Shockwave","floor":6,"key":"SMITH"},{"data":"True Grit","floor":8,"key":"SMITH"},{"floor":15,"key":"REST"}],"neow_cost":"CURSE","seed_source_timestamp":602120304556863,"circlet_count":0,"master_deck":["AscendersBane","Strike_R","Strike_R+1","Strike_R+1","Strike_R","Defend_R","Defend_R","Defend_R","Defend_R","Bash","Whirlwind","Rage","Uppercut","True Grit+1","Power Through","Rage","Cleave","Shockwave+1","Metallicize","Combust","Shrug It Off"],"relics":["Burning Blood","Prayer Wheel","Whetstone","Question Card","Calipers"],"potions_floor_usage":[5,7,16],"damage_taken":[{"damage":16,"enemies":"2 Louse","floor":1,"turns":3},{"damage":1,"enemies":"Small Slimes","floor":3,"turns":3},{"damage":2,"enemies":"Jaw Worm","floor":4,"turns":4},{"damage":2,"enemies":"Large Slime","floor":5,"turns":6},{"damage":26,"enemies":"Lagavulin","floor":7,"turns":6},{"damage":32,"enemies":"3 Sentries","floor":13,"turns":6},{"damage":35,"enemies":"Slime Boss","floor":16,"turns":11}],"seed_played":"7621326009304380018","potions_obtained":[{"floor":1,"key":"Poison Potion"},{"floor":4,"key":"Weak Potion"},{"floor":5,"key":"AttackPotion"}],"is_trial":false,"path_per_floor":["M","$","M","M","M","R","E","R","T","?","?","$","E","?","R","B"],"character_chosen":"IRONCLAD","items_purchased":["Uppercut"],"campfire_rested":1,"item_purchase_floors":[2],"current_hp_per_floor":[58,58,63,67,71,71,51,51,51,51,46,46,20,13,35,0],"gold":93,"neow_bonus":"ONE_RARE_RELIC","is_prod":false,"is_daily":false,"chose_seed":false,"campfire_upgraded":2,"win_rate":0,"timestamp":1565659730,"path_taken":["M","$","M","M","M","R","E","R","T","?","?","$","E","?","R","BOSS"],"build_version":"2019-01-23","purchased_purges":1,"victory":false,"max_hp_per_floor":[75,75,75,75,75,75,75,75,75,75,75,75,75,75,75,75],"card_choices":[{"not_picked":["Armaments","Battle Trance"],"picked":"Whirlwind","floor":1},{"not_picked":["Warcry","Second Wind"],"picked":"Rage","floor":1},{"not_picked":["Body Slam","Dropkick"],"picked":"True Grit","floor":3},{"not_picked":["Flame Barrier","Twin Strike"],"picked":"Power Through","floor":3},{"not_picked":["Combust","Sever Soul"],"picked":"Rage","floor":4},{"not_picked":["Headbutt","Ghostly Armor"],"picked":"Cleave","floor":4},{"not_picked":["Sword Boomerang","Iron Wave"],"picked":"Shockwave","floor":5},{"not_picked":["Iron Wave","Inflame"],"picked":"Metallicize","floor":5},{"not_picked":["Perfected Strike","Brutality"],"picked":"Combust","floor":7},{"not_picked":["Clothesline","Warcry","True Grit"],"picked":"Shrug It Off","floor":13}],"player_experience":2789346,"relics_obtained":[{"floor":7,"key":"Whetstone"},{"floor":9,"key":"Question Card"},{"floor":13,"key":"Calipers"}],"event_choices":[{"damage_healed":0,"gold_gain":0,"player_choice":"Ignored","damage_taken":0,"max_hp_gain":0,"max_hp_loss":0,"event_name":"Liars Game","floor":10,"gold_loss":0},{"damage_healed":0,"gold_gain":0,"player_choice":"Fled","damage_taken":5,"max_hp_gain":0,"max_hp_loss":0,"event_name":"Scrap Ooze","floor":11,"gold_loss":0},{"cards_removed":["Strike_R"],"damage_healed":0,"gold_gain":0,"player_choice":"Card Removal","damage_taken":7,"max_hp_gain":0,"max_hp_loss":0,"event_name":"Golden Wing","floor":14,"gold_loss":0}],"is_beta":false,"boss_relics":[],"items_purged_floors":[2],"is_endless":false,"potions_floor_spawned":[1,4,5],"killed_by":"Slime Boss","ascension_level":20}