{"gold_per_floor":[116,55,72,29,43,43,78,92,146,160,176,176,209,34,34,111,111,131,142,142,88,88,120,120,147,171,198,198,226,14,14,14,93,93,107,107,119,0,51,51,82,82,107,107,13,33,33,61,61,61],"floor_reached":51,"playtime":5482,"items_purged":[],"score":1552,"play_id":"0566d66b-7fb4-4654-b067-f7a6986f04f4","local_time":"20190331233443","is_ascension_mode":true,"campfire_choices":[{"data":"Neutralize","floor":6.0,"key":"SMITH"},{"floor":12,"key":"REST"},{"floor":15,"key":"REST"},{"floor":24,"key":"REST"},{"data":"Glass Knife","floor":28,"key":"SMITH"},{"data":"Apotheosis","floor":32,"key":"SMITH"},{"data":"Night Terror","floor":40,"key":"SMITH"},{"floor":44,"key":"REST"},{"data":"Wraith Form v2","floor":47,"key":"SMITH"},{"floor":49,"key":"REST"}],"neow_cost":"NONE","seed_source_timestamp":1948102235768215,"circlet_count":0,"master_deck":["AscendersBane","Survivor","Neutralize+1","Footwork","Dash","Terror","Crippling Poison","PiercingWail","Glass Knife+1","Deflect","Dodge and Roll","Bouncing Flask","Die Die Die","Deflect","Adrenaline","Tactician","Calculated Gamble","Tools of the Trade","Well Laid Plans","Night Terror+1","Dagger Spray","Storm of Steel","Masterful Stab","Calculated Gamble","Bullet Time","Bane","Deflect","Deflect","Die Die Die","Concentrate","Riddle With Holes","Bane+1","Apotheosis+1","Footwork","Wraith Form v2+1","Violence","Dark Shackles","Acrobatics","Dark Shackles","Backstab+1","Acrobatics"],"special_seed":0,"relics":["Ring of the Snake","Blood Vial","Question Card","Pen Nib","Omamori","Bag of Marbles","Pandora\u0027s Box","MutagenicStrength","Ornamental Fan","Shuriken","Centennial Puzzle","Bronze Scales","FossilizedHelix","Philosopher\u0027s Stone","Red Mask","Pocketwatch","Molten Egg 2","Potion Belt","Kunai"],"potions_floor_usage":[13,25,27,46],"damage_taken":[{"damage":1.0,"enemies":"Small Slimes","floor":1.0,"turns":4.0},{"damage":1.0,"enemies":"Cultist","floor":3.0,"turns":4.0},{"damage":0.0,"enemies":"2 Louse","floor":5.0,"turns":2.0},{"damage":25,"enemies":"Gremlin Nob","floor":7,"turns":6},{"damage":7,"enemies":"Red Slaver","floor":8,"turns":4},{"damage":11,"enemies":"Looter","floor":10,"turns":4},{"damage":1,"enemies":"3 Louse","floor":11,"turns":3},{"damage":17,"enemies":"3 Sentries","floor":13,"turns":11},{"damage":6,"enemies":"Hexaghost","floor":16,"turns":11},{"damage":0,"enemies":"3 Byrds","floor":18,"turns":5},{"damage":5,"enemies":"Spheric Guardian","floor":19,"turns":3},{"damage":26,"enemies":"Book of Stabbing","floor":23,"turns":4},{"damage":0,"enemies":"Slavers","floor":25,"turns":3},{"damage":10,"enemies":"Book of Stabbing","floor":27,"turns":4},{"damage":0,"enemies":"Gremlin Leader","floor":29,"turns":4},{"damage":33,"enemies":"Collector","floor":33,"turns":9},{"damage":2,"enemies":"3 Shapes","floor":35,"turns":5},{"damage":0,"enemies":"3 Darklings","floor":37,"turns":1},{"damage":4,"enemies":"2 Orb Walkers","floor":39,"turns":7},{"damage":0,"enemies":"Giant Head","floor":41,"turns":5},{"damage":0,"enemies":"Writhing Mass","floor":46,"turns":3},{"damage":12,"enemies":"Nemesis","floor":48,"turns":5},{"damage":10,"enemies":"Awakened One","floor":50,"turns":12}],"seed_played":"-6063422395638291055","potions_obtained":[{"floor":1.0,"key":"GhostInAJar"},{"floor":3.0,"key":"GamblersBrew"},{"floor":13,"key":"Fruit Juice"},{"floor":16,"key":"Energy Potion"},{"floor":35,"key":"Strength Potion"},{"floor":37,"key":"Swift Potion"},{"floor":46,"key":"Fire Potion"}],"is_trial":false,"path_per_floor":["M","?","M","$","M","R","E","M","T","M","M","R","E","$","R","B",null,"M","M","?","$","?","E","R","E","T","E","R","E","$","?","R","B",null,"M","?","M","?","?","R","E","?","T","R","$","M","R","E","R","B",null],"character_chosen":"THE_SILENT","items_purchased":["Terror","Die Die Die","Deflect","Deflect","Apotheosis","Dark Shackles"],"campfire_rested":5,"item_purchase_floors":[4,14,14,21,30,45],"current_hp_per_floor":[60,60,61,61,63,63,40,35,35,26,27,46,36,36,57,53,67,69,66,66,66,66,42,63,65,65,57,57,59,59,59,59,28,60,60,55,57,57,55,55,57,57,57,71,71,71,71,59,71,61],"gold":61,"neow_bonus":"RANDOM_COMMON_RELIC","is_prod":false,"is_daily":false,"chose_seed":false,"campfire_upgraded":5,"win_rate":0,"timestamp":1554089683,"path_taken":["M","?","M","?","M","R","E","M","T","M","M","R","E","$","R","BOSS","M","M","?","$","?","E","R","E","T","E","R","E","$","?","R","BOSS","M","?","M","?","?","R","E","?","T","R","$","M","R","E","R","BOSS"],"build_version":"2019-01-23","purchased_purges":0,"victory":true,"max_hp_per_floor":[66,66,66,66,66,66,66,66,66,66,66,66,71,71,71,71,71,71,71,71,71,71,71,71,71,71,71,71,71,71,71,71,71,71,71,71,71,71,71,71,71,71,71,71,71,71,71,71,71,71],"card_choices":[{"not_picked":["Predator","Heel Hook"],"picked":"Footwork","floor":1.0},{"not_picked":["Dagger Spray","Quick Slash","Acrobatics"],"picked":"Dash","floor":3.0},{"not_picked":["Concentrate","PiercingWail","Slice"],"picked":"Crippling Poison","floor":5.0},{"not_picked":["Dodge and Roll","Endless Agony","Caltrops"],"picked":"PiercingWail","floor":7},{"not_picked":["Predator","Dash","Poisoned Stab"],"picked":"Glass Knife","floor":8},{"not_picked":["Setup","Reflex","Outmaneuver"],"picked":"Deflect","floor":10},{"not_picked":["Poisoned Stab","Slice","Dagger Throw"],"picked":"Dodge and Roll","floor":11},{"not_picked":["PiercingWail","Reflex","Outmaneuver"],"picked":"Bouncing Flask","floor":13},{"not_picked":["Bullet Time","Night Terror","Doppelganger"],"picked":"Adrenaline","floor":16},{"not_picked":["Skewer","Quick Slash","Slice"],"picked":"Bane","floor":18},{"not_picked":["Escape Plan","Bane","Deadly Poison"],"picked":"Deflect","floor":19},{"not_picked":["Quick Slash","Slice","Reflex"],"picked":"Die Die Die","floor":23},{"not_picked":["Dagger Throw","Night Terror","Underhanded Strike"],"picked":"Concentrate","floor":25},{"not_picked":["Cloak And Dagger","Blade Dance","Finisher"],"picked":"Riddle With Holes","floor":27},{"not_picked":["Dagger Throw","Endless Agony","Sucker Punch"],"picked":"Bane+1","floor":29},{"not_picked":["Glass Knife","Phantasmal Killer","Night Terror"],"picked":"Wraith Form v2","floor":33},{"not_picked":["Outmaneuver","Blur","Flying Knee","Poisoned Stab+1"],"picked":"SKIP","floor":35},{"not_picked":["Forethought","Jack Of All Trades","Trip"],"picked":"Violence","floor":36},{"not_picked":["PanicButton","Flash of Steel","HandOfGreed"],"picked":"Dark Shackles","floor":36},{"not_picked":["Bane","Sucker Punch","Predator"],"picked":"Footwork","floor":37},{"not_picked":["Skewer","Distraction","Deflect"],"picked":"Acrobatics","floor":39},{"not_picked":["Deadly Poison","Flechettes","Sucker Punch","Masterful Stab"],"picked":"SKIP","floor":41},{"not_picked":["Dagger Spray+1","Slice+1","Concentrate"],"picked":"Backstab+1","floor":46},{"not_picked":["PiercingWail","Distraction","Blade Dance"],"picked":"Acrobatics","floor":48}],"player_experience":2438662,"relics_obtained":[{"floor":7,"key":"Pen Nib"},{"floor":9,"key":"Omamori"},{"floor":13,"key":"Bag of Marbles"},{"floor":23,"key":"Ornamental Fan"},{"floor":25,"key":"Shuriken"},{"floor":26,"key":"Centennial Puzzle"},{"floor":27,"key":"Bronze Scales"},{"floor":29,"key":"FossilizedHelix"},{"floor":39,"key":"Pocketwatch"},{"floor":41,"key":"Molten Egg 2"},{"floor":43,"key":"Potion Belt"},{"floor":48,"key":"Kunai"}],"event_choices":[{"damage_healed":0.0,"max_hp_gain":0.0,"max_hp_loss":0.0,"gold_gain":0.0,"event_name":"WeMeetAgain","player_choice":"Paid Gold","floor":2.0,"gold_loss":61.0,"damage_taken":0.0,"relics_obtained":["Question Card"]},{"damage_healed":0,"gold_gain":0,"player_choice":"Inject Mutagens","damage_taken":0,"relics_obtained":["MutagenicStrength"],"max_hp_gain":0,"max_hp_loss":0,"event_name":"Drug Dealer","floor":20,"gold_loss":0},{"damage_healed":0,"gold_gain":0,"player_choice":"Smashed Altar","damage_taken":0,"max_hp_gain":0,"max_hp_loss":0,"event_name":"Forgotten Altar","floor":22,"gold_loss":0,"cards_obtained":["Decay"]},{"damage_healed":0,"gold_gain":0,"player_choice":"Copied","damage_taken":0,"max_hp_gain":0,"max_hp_loss":0,"event_name":"Duplicator","floor":31,"gold_loss":0,"cards_obtained":["Footwork"]},{"damage_healed":0,"gold_gain":0,"player_choice":"Memory 2","damage_taken":5,"max_hp_gain":0,"max_hp_loss":0,"event_name":"SensoryStone","floor":36,"gold_loss":0},{"damage_healed":0,"gold_gain":0,"player_choice":"Paid","damage_taken":0,"relics_obtained":["Red Mask"],"max_hp_gain":0,"max_hp_loss":0,"event_name":"Tomb of Lord Red Mask","floor":38,"gold_loss":119},{"damage_healed":0,"gold_gain":0,"player_choice":"Fight","damage_taken":0,"max_hp_gain":0,"max_hp_loss":0,"event_name":"Mysterious Sphere","floor":39,"gold_loss":0},{"cards_removed":["Footwork"],"damage_healed":0,"gold_gain":0,"player_choice":"Removed Power","damage_taken":0,"max_hp_gain":0,"max_hp_loss":0,"event_name":"Falling","floor":42,"gold_loss":0}],"is_beta":false,"boss_relics":[{"not_picked":["White Beast Statue","Ectoplasm"],"picked":"Pandora\u0027s Box"},{"not_picked":["Black Star","Coffee Dripper"],"picked":"Philosopher\u0027s Stone"}],"items_purged_floors":[],"is_endless":false,"potions_floor_spawned":[1,3,5,13,16,18,35,37,46],"ascension_level":17}