{"gold_per_floor":[114,114,138,152,172,211,161,161,184,30,30,49,73,94,94,220,220,241,241,259,23,23,23],"floor_reached":23,"playtime":2054,"items_purged":[],"score":218,"play_id":"64aa54eb-b62a-4fea-a16d-c43a2ab18e7e","local_time":"20190711135108","is_ascension_mode":false,"campfire_choices":[{"floor":8,"key":"REST"},{"floor":11,"key":"REST"},{"data":"Infinite Blades","floor":15,"key":"SMITH"}],"neow_cost":"NONE","seed_source_timestamp":26831214474164,"circlet_count":0,"master_deck":["Defend_G","Defend_G","Defend_G","Defend_G","Defend_G","Survivor","Neutralize","Endless Agony","Blade Dance","Blade Dance","Poisoned Stab","Blur","Well Laid Plans","Endless Agony","Cloak And Dagger+1","Infinite Blades+1","Dagger Spray","Storm of Steel+1","Finisher","Bite","Bite","Bite","Bite","Bite","Catalyst","Predator","Dodge and Roll","Storm of Steel+1"],"relics":["Ring of the Snake","Golden Idol","Anchor","Centennial Puzzle","War Paint"],"potions_floor_usage":[3,4,5,6,16,18,23],"damage_taken":[{"damage":0,"enemies":"Small Slimes","floor":1,"turns":4},{"damage":0,"enemies":"Jaw Worm","floor":3,"turns":4},{"damage":0,"enemies":"2 Louse","floor":4,"turns":4},{"damage":0,"enemies":"Gremlin Gang","floor":5,"turns":3},{"damage":44,"enemies":"Gremlin Nob","floor":6,"turns":6},{"damage":0,"enemies":"3 Louse","floor":12,"turns":4},{"damage":1,"enemies":"Exordium Thugs","floor":13,"turns":5},{"damage":0,"enemies":"Looter","floor":14,"turns":4},{"damage":71,"enemies":"Hexaghost","floor":16,"turns":15},{"damage":0,"enemies":"3 Byrds","floor":18,"turns":6},{"damage":0,"enemies":"Chosen","floor":20,"turns":4},{"damage":54,"enemies":"Slavers","floor":23,"turns":5}],"seed_played":"7169424851891980019","potions_obtained":[{"floor":0,"key":"EssenceOfSteel"},{"floor":0,"key":"SteroidPotion"},{"floor":0,"key":"Weak Potion"},{"floor":3,"key":"Ancient Potion"},{"floor":6,"key":"Regen Potion"},{"floor":12,"key":"SpeedPotion"},{"floor":20,"key":"Poison Potion"}],"is_trial":false,"path_per_floor":["M","?","M","M","M","E","?","R","T","$","R","M","M","M","R","B",null,"M","?","M","$","?","E"],"character_chosen":"THE_SILENT","items_purchased":["Well Laid Plans","Endless Agony","War Paint","Predator","Dodge and Roll"],"campfire_rested":2,"item_purchase_floors":[10,10,21,21,21],"current_hp_per_floor":[70,70,70,70,70,26,26,47,47,47,68,68,67,67,67,9,70,70,49,49,49,49,0],"gold":23,"neow_bonus":"THREE_SMALL_POTIONS","is_prod":false,"is_daily":false,"chose_seed":false,"campfire_upgraded":1,"win_rate":0.0,"timestamp":1562863868,"path_taken":["M","?","M","M","M","E","?","R","T","?","R","M","M","M","R","BOSS","M","?","M","$","?","E"],"build_version":"2019-07-05","purchased_purges":0,"victory":false,"max_hp_per_floor":[70,70,70,70,70,70,70,70,70,70,70,70,70,70,70,70,70,70,49,49,49,49,49],"card_choices":[{"not_picked":["Tactician","Caltrops"],"picked":"Endless Agony","floor":1},{"not_picked":["Deflect","Flechettes"],"picked":"Blade Dance","floor":3},{"not_picked":["Bouncing Flask","Prepared"],"picked":"Blade Dance","floor":4},{"not_picked":["Reflex","Envenom"],"picked":"Poisoned Stab","floor":5},{"not_picked":["Masterful Stab","Noxious Fumes"],"picked":"Blur","floor":6},{"not_picked":["Acrobatics","Masterful Stab"],"picked":"Cloak And Dagger","floor":12},{"not_picked":["Sucker Punch","Underhanded Strike"],"picked":"Infinite Blades","floor":13},{"not_picked":["Eviscerate","Underhanded Strike"],"picked":"Dagger Spray","floor":14},{"not_picked":["Tools of the Trade","Adrenaline"],"picked":"Storm of Steel","floor":16},{"not_picked":["Bane","Infinite Blades+1"],"picked":"Finisher","floor":18},{"not_picked":["Acrobatics+1","Noxious Fumes"],"picked":"Catalyst","floor":20}],"player_experience":122517,"relics_obtained":[{"floor":6,"key":"Anchor"},{"floor":9,"key":"Centennial Puzzle"}],"event_choices":[{"damage_healed":0,"gold_gain":0,"player_choice":"Take Wound","damage_taken":0,"relics_obtained":["Golden Idol"],"max_hp_gain":0,"max_hp_loss":0,"event_name":"Golden Idol","floor":2,"gold_loss":0,"cards_obtained":["Injury"]},{"cards_removed":["Injury"],"damage_healed":0,"gold_gain":0,"player_choice":"Card Removal","damage_taken":0,"max_hp_gain":0,"max_hp_loss":0,"event_name":"The Cleric","floor":7,"gold_loss":50},{"damage_healed":0,"gold_gain":0,"player_choice":"Became a vampire","damage_taken":0,"max_hp_gain":0,"max_hp_loss":21,"event_name":"Vampires","floor":19,"gold_loss":0,"cards_obtained":["Bite","Bite","Bite","Bite","Bite"]},{"damage_healed":0,"gold_gain":0,"player_choice":"Copied","damage_taken":0,"max_hp_gain":0,"max_hp_loss":0,"event_name":"Duplicator","floor":22,"gold_loss":0,"cards_obtained":["Storm of Steel"]}],"is_beta":false,"boss_relics":[{"not_picked":["Coffee Dripper","Cursed Key","Busted Crown"]}],"items_purged_floors":[],"is_endless":false,"potions_floor_spawned":[1,3,6,12,20],"killed_by":"Slavers","ascension_level":0}