{"gold_per_floor":[109,129,144,144,163,163,163,179,179,179,179,206,221,247,247,345,395,409,409,22,22,34,79,31],"floor_reached":24,"playtime":657,"items_purged":[],"score":301,"play_id":"e6bedf0f-fafc-4ca5-94f0-37215d325676","local_time":"20190909084701","is_ascension_mode":true,"campfire_choices":[{"floor":6,"key":"RECALL"},{"floor":15,"key":"REST"}],"neow_cost":"NONE","seed_source_timestamp":48579011054170,"circlet_count":0,"master_deck":["Strike_R","Strike_R","Strike_R","Strike_R","Strike_R","Defend_R","Defend_R","Defend_R+1","Defend_R+1","Bash","Anger","Wild Strike+1","Immolate+1","Combust","Regret","Bloodletting","Blood for Blood+1","Perfected Strike+1","Perfected Strike+1","Demon Form","Perfected Strike+1","Flame Barrier+1","RitualDagger+1","The Bomb","True Grit"],"relics":["Burning Blood","Bag of Marbles","Molten Egg 2","Kunai","Vajra","Tiny House","PrismaticShard","MawBank","Prayer Wheel"],"potions_floor_usage":[8,23,23,24,24],"damage_taken":[{"damage":0,"enemies":"Small Slimes","floor":1,"turns":3},{"damage":0,"enemies":"2 Louse","floor":2,"turns":2},{"damage":4,"enemies":"Jaw Worm","floor":3,"turns":4},{"damage":11,"enemies":"Exordium Thugs","floor":5,"turns":4},{"damage":20,"enemies":"Large Slime","floor":8,"turns":4},{"damage":7,"enemies":"Gremlin Nob","floor":12,"turns":3},{"damage":0,"enemies":"3 Louse","floor":13,"turns":1},{"damage":18,"enemies":"Lagavulin","floor":14,"turns":3},{"damage":3,"enemies":"Slime Boss","floor":16,"turns":3},{"damage":38,"enemies":"Spheric Guardian","floor":18,"turns":4},{"damage":55,"enemies":"Book of Stabbing","floor":23,"turns":4},{"damage":20,"enemies":"2 Thieves","floor":24,"turns":3}],"seed_played":"4636862135969481460","potions_obtained":[{"floor":3,"key":"EssenceOfSteel"},{"floor":8,"key":"Swift Potion"},{"floor":12,"key":"Ancient Potion"},{"floor":16,"key":"PowerPotion"},{"floor":18,"key":"Regen Potion"},{"floor":23,"key":"AttackPotion"}],"is_trial":false,"path_per_floor":["M","M","M","?","M","R","?","M","T","?","?","E","M","E","R","B",null,"M","?","$","?","?","E","M"],"character_chosen":"IRONCLAD","items_purchased":["The Bomb","PrismaticShard"],"campfire_rested":1,"item_purchase_floors":[20,20],"current_hp_per_floor":[88,88,88,88,83,83,83,69,69,69,51,50,56,44,70,73,93,61,55,55,55,55,18,0],"gold":31,"neow_bonus":"TEN_PERCENT_HP_BONUS","is_prod":false,"is_daily":false,"chose_seed":false,"campfire_upgraded":0,"win_rate":0,"timestamp":1568029621,"path_taken":["M","M","M","?","M","R","?","M","T","?","?","E","M","E","R","BOSS","M","?","$","?","?","E","M"],"build_version":"2019-07-17","purchased_purges":0,"victory":false,"max_hp_per_floor":[88,88,88,88,88,88,88,88,88,88,88,88,88,88,88,88,93,93,93,93,93,93,93,93],"card_choices":[{"not_picked":["Clothesline","Headbutt"],"picked":"Anger","floor":1},{"not_picked":["True Grit","Dual Wield"],"picked":"Wild Strike","floor":2},{"not_picked":["Clash","Twin Strike"],"picked":"Immolate","floor":3},{"not_picked":["Armaments","Headbutt"],"picked":"Combust","floor":5},{"not_picked":["True Grit","Clothesline"],"picked":"Bloodletting","floor":8},{"not_picked":["Headbutt+1","Exhume"],"picked":"Blood for Blood+1","floor":12},{"not_picked":["Dual Wield","Flex"],"picked":"Perfected Strike+1","floor":13},{"not_picked":["Headbutt+1","Juggernaut"],"picked":"Perfected Strike+1","floor":14},{"not_picked":["Fiend Fire+1","Berserk"],"picked":"Demon Form","floor":16},{"not_picked":["Body Slam+1","Wild Strike+1"],"picked":"Perfected Strike+1","floor":17},{"not_picked":["Clash+1","Heavy Blade+1"],"picked":"Flame Barrier+1","floor":18},{"not_picked":["Purity","Acrobatics"],"picked":"True Grit","floor":23}],"player_experience":401220,"relics_obtained":[{"floor":9,"key":"Molten Egg 2"},{"floor":12,"key":"Kunai"},{"floor":14,"key":"Vajra"},{"floor":23,"key":"Prayer Wheel"}],"event_choices":[{"damage_healed":0,"gold_gain":0,"player_choice":"Leave","damage_taken":0,"max_hp_gain":0,"max_hp_loss":0,"event_name":"The Cleric","floor":4,"gold_loss":0},{"damage_healed":0,"gold_gain":0,"player_choice":"Box","damage_taken":0,"relics_obtained":["Bag of Marbles"],"max_hp_gain":0,"max_hp_loss":0,"event_name":"Big Fish","floor":7,"gold_loss":0,"cards_obtained":["Regret"]},{"damage_healed":0,"gold_gain":0,"player_choice":"Grow","damage_taken":0,"max_hp_gain":0,"max_hp_loss":0,"event_name":"Living Wall","floor":10,"gold_loss":0,"cards_upgraded":["Immolate"]},{"damage_healed":0,"gold_gain":0,"player_choice":"Entered Light","damage_taken":18,"max_hp_gain":0,"max_hp_loss":0,"event_name":"Shining Light","floor":11,"gold_loss":0,"cards_upgraded":["Defend_R","Wild Strike"]},{"damage_healed":0,"gold_gain":0,"player_choice":"Joined the Cult","damage_taken":6,"max_hp_gain":0,"max_hp_loss":0,"event_name":"Nest","floor":19,"gold_loss":0,"cards_obtained":["RitualDagger"]},{"damage_healed":0,"gold_gain":0,"player_choice":"Opened","damage_taken":0,"relics_obtained":["MawBank"],"max_hp_gain":0,"max_hp_loss":0,"event_name":"The Mausoleum","floor":21,"gold_loss":0},{"damage_healed":0,"gold_gain":0,"player_choice":"Ignored","damage_taken":0,"max_hp_gain":0,"max_hp_loss":0,"event_name":"Vampires","floor":22,"gold_loss":0}],"is_beta":false,"boss_relics":[{"not_picked":["Busted Crown","Black Star"],"picked":"Tiny House"}],"items_purged_floors":[],"is_endless":false,"potions_floor_spawned":[3,8,12,16,18,23],"killed_by":"2 Thieves","ascension_level":2}