{"gold_per_floor":[15,34,48,67,67,67,101,116,195,21,21,50,50,63,63,137,137,147,147,147],"floor_reached":20,"playtime":1368,"items_purged":[],"score":418,"play_id":"8d130d9d-1aef-4914-b882-bbeb9235c219","local_time":"20191015201504","is_ascension_mode":true,"campfire_choices":[{"data":"Eruption","floor":6,"key":"SMITH"},{"floor":11,"key":"REST"},{"data":"CrushJoints","floor":13,"key":"SMITH"},{"data":"Tantrum","floor":15,"key":"SMITH"}],"neow_cost":"NO_GOLD","seed_source_timestamp":9014424900593,"circlet_count":0,"master_deck":["AscendersBane","Strike_P","Strike_P","Strike_P","Strike_P","Defend_P","Defend_P","Defend_P+1","Defend_P","Eruption+1","Vigilance","Secret Weapon","ClearTheMind","SashWhip+1","CrushJoints+1","FollowUp","Parasite","Eruption+1","Tantrum+1","EmptyBody","LessonLearned","Wireheading","FlurryOfBlows","Wish","Protect"],"relics":["PureWater","White Beast Statue","Shuriken","Torii","Black Star"],"potions_floor_usage":[8,12,20,20],"damage_taken":[{"damage":0,"enemies":"Cultist","floor":1,"turns":3},{"damage":0,"enemies":"2 Louse","floor":2,"turns":2},{"damage":12,"enemies":"Small Slimes","floor":3,"turns":4},{"damage":14,"enemies":"Exordium Wildlife","floor":4,"turns":4},{"damage":30,"enemies":"Lagavulin","floor":7,"turns":6},{"damage":2,"enemies":"Looter","floor":8,"turns":2},{"damage":0,"enemies":"3 Sentries","floor":12,"turns":4},{"damage":0,"enemies":"Gremlin Gang","floor":14,"turns":3},{"damage":8,"enemies":"Hexaghost","floor":16,"turns":6},{"damage":43,"enemies":"Chosen","floor":18,"turns":4},{"damage":22,"enemies":"Masked Bandits","floor":20,"turns":2}],"seed_played":"73963470666965037","potions_obtained":[{"floor":7,"key":"EssenceOfSteel"},{"floor":8,"key":"AttackPotion"},{"floor":12,"key":"BottledMiracle"},{"floor":14,"key":"Ancient Potion"},{"floor":16,"key":"BottledMiracle"},{"floor":18,"key":"DuplicationPotion"}],"is_trial":false,"path_per_floor":["M","M","M","M","?","R","E","M","T","$","R","E","R","M","R","B",null,"M","?","?"],"character_chosen":"WATCHER","items_purchased":["EmptyBody","LessonLearned"],"campfire_rested":1,"item_purchase_floors":[10,10],"current_hp_per_floor":[61,61,49,35,35,35,5,3,3,3,23,23,23,23,23,15,55,12,12,0],"gold":147,"neow_bonus":"RANDOM_COLORLESS_2","is_prod":false,"is_daily":false,"chose_seed":false,"campfire_upgraded":3,"win_rate":0,"timestamp":1571123704,"path_taken":["M","?","M","M","?","R","E","?","T","$","R","E","R","M","R","BOSS","M","?","?"],"build_version":"2019-10-14","purchased_purges":0,"victory":false,"max_hp_per_floor":[68,68,68,68,68,68,68,68,68,68,68,68,68,68,68,68,68,68,68,68],"card_choices":[{"not_picked":["Violence","Magnetism"],"picked":"Secret Weapon","floor":0},{"not_picked":["JustLucky","MentalFortress"],"picked":"ClearTheMind","floor":1},{"not_picked":["Adaptation","JustLucky"],"picked":"SashWhip","floor":2},{"not_picked":["Study","FearNoEvil"],"picked":"CrushJoints","floor":3},{"not_picked":["CrushJoints","Collect"],"picked":"FollowUp","floor":4},{"not_picked":["Establishment","Prostrate"],"picked":"Tantrum","floor":7},{"not_picked":["Crescendo","ReachHeaven","WheelKick"],"picked":"SKIP","floor":8},{"not_picked":["EmptyMind","CrushJoints"],"picked":"Wireheading","floor":12},{"not_picked":["Crescendo","InnerPeace"],"picked":"FlurryOfBlows","floor":14},{"not_picked":["DeusExMachina","Omniscience"],"picked":"Wish","floor":16},{"not_picked":["Pray","WaveOfTheHand"],"picked":"Protect","floor":18}],"player_experience":1564502,"relics_obtained":[{"floor":7,"key":"White Beast Statue"},{"floor":9,"key":"Shuriken"},{"floor":12,"key":"Torii"}],"event_choices":[{"damage_healed":0,"gold_gain":0,"player_choice":"2 cards matched","damage_taken":0,"max_hp_gain":0,"max_hp_loss":0,"event_name":"Match and Keep!","floor":5,"gold_loss":0,"cards_obtained":["Parasite","Eruption"]},{"damage_healed":0,"gold_gain":0,"player_choice":"Ignored","damage_taken":0,"max_hp_gain":0,"max_hp_loss":0,"event_name":"Cursed Tome","floor":19,"gold_loss":0},{"damage_healed":0,"gold_gain":0,"player_choice":"Fought Bandits","damage_taken":0,"max_hp_gain":0,"max_hp_loss":0,"event_name":"Masked Bandits","floor":20,"gold_loss":0}],"is_beta":true,"boss_relics":[{"not_picked":["Empty Cage","Runic Dome"],"picked":"Black Star"}],"items_purged_floors":[],"is_endless":false,"potions_floor_spawned":[7,8,12,14,16,18],"killed_by":"Masked Bandits","ascension_level":20}