{"gold_per_floor":[115,131,131,151,170,170,6,19,19,35,35,70,89,105,105,209,209,222,176,195,294,308,308,308,308,308,328,328,328,348,348,348,446,446,463,345,355,368,368,368,110,126,177,0,11,11,11,11,11,11],"floor_reached":51,"playtime":1729,"items_purged":["Strike_B","Defend_B"],"score":651,"play_id":"003411ea-47de-4caf-865e-7e59fa0303de","local_time":"20190510193520","is_ascension_mode":false,"campfire_choices":[{"data":"Defragment","floor":6.0,"key":"SMITH"},{"data":"Apotheosis","floor":11.0,"key":"SMITH"},{"data":"Defragment","floor":15.0,"key":"SMITH"},{"data":"Core Surge","floor":23.0,"key":"SMITH"},{"data":"Go for the Eyes","floor":25.0,"key":"SMITH"},{"data":"Dualcast","floor":29.0,"key":"SMITH"},{"data":"Zap","floor":32.0,"key":"SMITH"},{"data":"Defend_B","floor":40.0,"key":"SMITH"},{"data":"Coolheaded","floor":47,"key":"SMITH"},{"data":"Strike_B","floor":49,"key":"SMITH"}],"neow_cost":"NONE","seed_source_timestamp":0,"circlet_count":0,"master_deck":["Strike_B+1","Defend_B+1","Zap+1","Dualcast+1","Conserve Battery+1","Defragment+1","Defragment+1","Apotheosis+1","Chill+1","Core Surge+1","Go for the Eyes+1","Coolheaded+1","Buffer+1","Creative AI+1","Chill+1","Capacitor+1","FTL+1","Chaos+1"],"special_seed":0,"relics":["Cracked Core","Orichalcum","Letter Opener","Bird Faced Urn","Nuclear Battery","MutagenicStrength","The Courier","Frozen Egg 2","Molten Egg 2","Astrolabe","War Paint","Pen Nib","Red Mask"],"potions_floor_usage":[50,50,50],"damage_taken":[{"damage":0.0,"enemies":"Small Slimes","floor":1.0,"turns":3.0},{"damage":1.0,"enemies":"Cultist","floor":2.0,"turns":3.0},{"damage":0.0,"enemies":"Jaw Worm","floor":4.0,"turns":2.0},{"damage":0.0,"enemies":"Exordium Wildlife","floor":5.0,"turns":4.0},{"damage":0.0,"enemies":"Large Slime","floor":8.0,"turns":4.0},{"damage":4.0,"enemies":"Looter","floor":10.0,"turns":3.0},{"damage":4.0,"enemies":"3 Sentries","floor":12.0,"turns":7.0},{"damage":1.0,"enemies":"Gremlin Gang","floor":13.0,"turns":5.0},{"damage":0.0,"enemies":"2 Fungi Beasts","floor":14.0,"turns":3.0},{"damage":8.0,"enemies":"The Guardian","floor":16.0,"turns":8.0},{"damage":4.0,"enemies":"2 Thieves","floor":18.0,"turns":4.0},{"damage":0.0,"enemies":"Spheric Guardian","floor":20.0,"turns":3.0},{"damage":10.0,"enemies":"Centurion and Healer","floor":22.0,"turns":8.0},{"damage":4.0,"enemies":"Snecko","floor":27.0,"turns":5.0},{"damage":12.0,"enemies":"Shelled Parasite and Fungi","floor":30.0,"turns":7.0},{"damage":18.0,"enemies":"Champ","floor":33.0,"turns":14.0},{"damage":0.0,"enemies":"3 Shapes","floor":35.0,"turns":5.0},{"damage":0.0,"enemies":"3 Darklings","floor":37.0,"turns":10.0},{"damage":0.0,"enemies":"Transient","floor":38.0,"turns":5.0},{"damage":2,"enemies":"Spire Growth","floor":42,"turns":6},{"damage":1,"enemies":"Writhing Mass","floor":45,"turns":8},{"damage":22,"enemies":"Donu and Deca","floor":50,"turns":9}],"seed_played":"-7785127466937980845","potions_obtained":[{"floor":1.0,"key":"FearPotion"},{"floor":8.0,"key":"Block Potion"},{"floor":10.0,"key":"Poison Potion"},{"floor":13.0,"key":"Fruit Juice"},{"floor":16.0,"key":"SkillPotion"},{"floor":27.0,"key":"Dexterity Potion"},{"floor":38.0,"key":"PowerPotion"}],"is_trial":false,"path_per_floor":["M","M","?","M","M","R","$","M","T","M","R","E","M","M","R","B",null,"M","$","M","?","M","R","?","R","T","M","?","R","M","T","R","B",null,"M","$","M","M","?","R","$","M","T","?","M","?","R","$","R","B",null],"character_chosen":"DEFECT","items_purchased":["Apotheosis","Coolheaded","Capacitor+1","FocusPotion","War Paint"],"campfire_rested":0,"item_purchase_floors":[7,19,36,41,41],"current_hp_per_floor":[75,74,74,74,74,74,74,74,74,70,70,66,74,78,78,72,80,78,78,80,80,74,74,74,74,74,74,74,74,66,66,66,52,80,80,80,80,80,80,80,80,80,80,80,80,76,76,76,76,76],"gold":11,"neow_bonus":"RANDOM_COMMON_RELIC","is_prod":false,"is_daily":false,"chose_seed":false,"campfire_upgraded":10,"win_rate":0,"timestamp":1557513320,"path_taken":["M","M","?","M","?","R","$","M","T","M","R","E","M","M","R","BOSS","M","$","M","?","M","R","?","R","T","M","?","R","M","?","R","BOSS","M","$","?","M","?","R","$","M","T","?","M","?","R","?","R","BOSS"],"build_version":"2019-01-23","purchased_purges":2,"victory":true,"max_hp_per_floor":[75,75,75,75,75,75,75,75,75,75,75,75,80,80,80,80,80,80,80,80,80,80,80,80,80,80,80,80,80,80,80,80,80,80,80,80,80,80,80,80,80,80,80,80,80,76,76,76,76,76],"card_choices":[{"not_picked":["Loop","Gash","Barrage"],"picked":"SKIP","floor":1.0},{"not_picked":["Leap","Undo"],"picked":"Conserve Battery","floor":2.0},{"not_picked":["Turbo","Stack"],"picked":"Defragment","floor":4.0},{"not_picked":["Compile Driver","Coolheaded"],"picked":"Defragment","floor":5.0},{"not_picked":["Redo","White Noise"],"picked":"Chill","floor":8.0},{"not_picked":["Consume","Rip and Tear","Compile Driver"],"picked":"SKIP","floor":10.0},{"not_picked":["Storm","Amplify","White Noise"],"picked":"SKIP","floor":12.0},{"not_picked":["Sunder","Darkness","Hologram"],"picked":"SKIP","floor":13.0},{"not_picked":["Rebound","Streamline","Go for the Eyes"],"picked":"SKIP","floor":14.0},{"not_picked":["Multi-Cast","Hyperbeam"],"picked":"Core Surge","floor":16.0},{"not_picked":["Gash","Scrape+1"],"picked":"Go for the Eyes","floor":18.0},{"not_picked":["Scrape","Go for the Eyes","Steam"],"picked":"SKIP","floor":20.0},{"not_picked":["Coolheaded+1","Beam Cell","Ball Lightning"],"picked":"SKIP","floor":22.0},{"not_picked":["Turbo","Consume+1","Meteor Strike"],"picked":"SKIP","floor":27.0},{"not_picked":["Gash","Chaos","Beam Cell+1"],"picked":"SKIP","floor":30.0},{"not_picked":["Machine Learning+1","Seek"],"picked":"Buffer+1","floor":33.0},{"not_picked":["Cold Snap+1","Consume","Go for the Eyes+1"],"picked":"SKIP","floor":35.0},{"not_picked":["Redo","Compile Driver+1"],"picked":"FTL+1","floor":37.0},{"not_picked":["Doom and Gloom+1","Rebound+1","Leap"],"picked":"SKIP","floor":38.0},{"not_picked":["Cold Snap+1","Hologram+1","Steam+1"],"picked":"SKIP","floor":42},{"not_picked":["Blizzard+1","Hologram"],"picked":"Chaos+1","floor":45}],"player_experience":1228864,"relics_obtained":[{"floor":9.0,"key":"Letter Opener"},{"floor":12.0,"key":"Bird Faced Urn"},{"floor":26.0,"key":"The Courier"},{"floor":31.0,"key":"Molten Egg 2"},{"floor":43,"key":"Pen Nib"}],"event_choices":[{"cards_removed":["Defend_B"],"damage_healed":0.0,"max_hp_gain":0.0,"max_hp_loss":0.0,"gold_gain":0.0,"event_name":"Purifier","player_choice":"Purged","floor":3.0,"gold_loss":0.0,"damage_taken":0.0},{"damage_healed":0.0,"max_hp_gain":0.0,"max_hp_loss":0.0,"gold_gain":99.0,"event_name":"Nest","player_choice":"Stole From Cult","floor":21.0,"gold_loss":0.0,"damage_taken":0.0},{"damage_healed":0.0,"max_hp_gain":0.0,"max_hp_loss":0.0,"gold_gain":0.0,"event_name":"Drug Dealer","player_choice":"Inject Mutagens","floor":24.0,"gold_loss":0.0,"damage_taken":0.0,"relics_obtained":["MutagenicStrength"]},{"damage_healed":0.0,"max_hp_gain":0.0,"max_hp_loss":0.0,"gold_gain":0.0,"event_name":"The Mausoleum","player_choice":"Opened","floor":28.0,"gold_loss":0.0,"damage_taken":0.0,"relics_obtained":["Frozen Egg 2"]},{"cards_removed":["Core Surge"],"damage_healed":0.0,"max_hp_gain":0.0,"max_hp_loss":0.0,"gold_gain":0.0,"event_name":"Falling","player_choice":"Removed Attack","floor":39.0,"gold_loss":0.0,"damage_taken":0.0},{"damage_healed":0,"gold_gain":0,"player_choice":"Paid","damage_taken":0,"relics_obtained":["Red Mask"],"max_hp_gain":0,"max_hp_loss":0,"event_name":"Tomb of Lord Red Mask","floor":44,"gold_loss":177},{"damage_healed":0,"gold_gain":0,"player_choice":"Max HP","damage_taken":0,"max_hp_gain":0,"max_hp_loss":4,"event_name":"Winding Halls","floor":46,"gold_loss":0}],"is_beta":false,"boss_relics":[{"not_picked":["Tiny House","Velvet Choker"],"picked":"Nuclear Battery"},{"not_picked":["Lizard Tail","Runic Pyramid"],"picked":"Astrolabe"}],"items_purged_floors":[36,41],"is_endless":false,"potions_floor_spawned":[1,8,10,13,16,18,22,27,35,38,42],"ascension_level":0}