{"gold_per_floor":[114,289,304,52,52,82,82,112,137,152,167,167,197,212,212,312,312,312,312,297,297,297,297,297,297,297,297,297,297,297,297,297,297,297,297,297,297,21,21,21,21,21,21,21,21,21,21,21,21,21],"floor_reached":51,"playtime":5421,"items_purged":["Doubt","Sever Soul"],"score":773,"play_id":"d43e7e27-08f5-435e-ae3a-9887caf5e557","local_time":"20190504180515","daily_mods":["Shiny","Time Dilation","Terminal"],"is_ascension_mode":false,"campfire_choices":[{"data":"Searing Blow","floor":15.0,"key":"SMITH"},{"data":"Demon Form","floor":25.0,"key":"SMITH"},{"data":"Immolate","floor":27.0,"key":"SMITH"},{"data":"Double Tap","floor":32.0,"key":"SMITH"},{"data":"Exhume","floor":40,"key":"SMITH"},{"floor":49,"key":"REST"}],"neow_cost":"","seed_source_timestamp":662104511901600,"circlet_count":0,"master_deck":["Double Tap+1","Demon Form+1","Bludgeon","Feed+1","Limit Break","Barricade","Fiend Fire","Dark Embrace","Berserk","Impervious","Juggernaut","Brutality","Reaper","Exhume+1","Offering","Immolate+1","Shrug It Off+1","Wild Strike","Heavy Blade","Body Slam","Cleave","Wild Strike","Searing Blow+1","Pommel Strike","Berserk","Metallicize","Armaments","Disarm","Pommel Strike","True Grit","Entrench","Anger+1","Exhume+1","Pommel Strike+1","Rupture","Iron Wave+1","Anger","Parasite","Flex+1","Thinking Ahead","Metallicize","Cleave+1","Feel No Pain","Headbutt+1","Inflame+1"],"special_seed":18020,"relics":["Burning Blood","Potion Belt","Centennial Puzzle","Blood Vial","Orichalcum","Lantern","Ectoplasm","Champion Belt","MawBank","Bag of Preparation","White Beast Statue","Bag of Marbles","StoneCalendar","Art of War","Meat on the Bone"],"potions_floor_usage":[33,33,33,37,45,46,47,48,50,50],"damage_taken":[{"damage":0.0,"enemies":"Jaw Worm","floor":1.0,"turns":1.0},{"damage":6.0,"enemies":"Small Slimes","floor":3.0,"turns":2.0},{"damage":24.0,"enemies":"Gremlin Nob","floor":6.0,"turns":4.0},{"damage":19.0,"enemies":"3 Sentries","floor":8.0,"turns":4.0},{"damage":0.0,"enemies":"2 Louse","floor":10.0,"turns":2.0},{"damage":7.0,"enemies":"Exordium Wildlife","floor":11.0,"turns":3.0},{"damage":2.0,"enemies":"Lagavulin","floor":13.0,"turns":3.0},{"damage":6.0,"enemies":"Looter","floor":14.0,"turns":2.0},{"damage":19.0,"enemies":"Slime Boss","floor":16.0,"turns":6.0},{"damage":8.0,"enemies":"Shell Parasite","floor":18.0,"turns":4.0},{"damage":1.0,"enemies":"2 Thieves","floor":20.0,"turns":2.0},{"damage":6.0,"enemies":"Snake Plant","floor":21.0,"turns":1.0},{"damage":6.0,"enemies":"Centurion and Healer","floor":22.0,"turns":3.0},{"damage":2.0,"enemies":"Cultist and Chosen","floor":23.0,"turns":4.0},{"damage":7.0,"enemies":"Gremlin Leader","floor":24.0,"turns":4.0},{"damage":0.0,"enemies":"Snecko","floor":28.0,"turns":3.0},{"damage":20.0,"enemies":"Snake Plant","floor":30.0,"turns":3.0},{"damage":36,"enemies":"Automaton","floor":33,"turns":8},{"damage":3,"enemies":"Orb Walker","floor":35,"turns":4},{"damage":14,"enemies":"3 Darklings","floor":36,"turns":3},{"damage":8,"enemies":"Sphere and 2 Shapes","floor":37,"turns":5},{"damage":30,"enemies":"Writhing Mass","floor":39,"turns":6},{"damage":0,"enemies":"Mind Bloom Boss Battle","floor":42,"turns":1},{"damage":7,"enemies":"Spire Growth","floor":45,"turns":3},{"damage":56,"enemies":"Reptomancer","floor":46,"turns":5},{"damage":6,"enemies":"3 Darklings","floor":47,"turns":3},{"damage":31,"enemies":"Transient","floor":48,"turns":5},{"damage":53,"enemies":"Time Eater","floor":50,"turns":8}],"seed_played":"-8048916062082781119","potions_obtained":[{"floor":1.0,"key":"Fire Potion"},{"floor":3.0,"key":"SkillPotion"},{"floor":6.0,"key":"SteroidPotion"},{"floor":10.0,"key":"Explosive Potion"},{"floor":14.0,"key":"Regen Potion"},{"floor":21.0,"key":"SteroidPotion"},{"floor":22.0,"key":"SkillPotion"},{"floor":28.0,"key":"Regen Potion"},{"floor":29.0,"key":"Dexterity Potion"},{"floor":29.0,"key":"Fire Potion"},{"floor":33,"key":"BloodPotion"},{"floor":35,"key":"BloodPotion"},{"floor":36,"key":"SteroidPotion"},{"floor":37,"key":"Dexterity Potion"},{"floor":39,"key":"Energy Potion"},{"floor":45,"key":"BloodPotion"},{"floor":46,"key":"SpeedPotion"},{"floor":47,"key":"Regen Potion"},{"floor":48,"key":"Fire Potion"}],"is_trial":false,"path_per_floor":["M","?","M","$","?","E","?","E","T","M","M","?","E","M","R","B",null,"M","?","M","M","M","M","E","R","T","R","M","?","M","?","R","B",null,"M","M","M","$","M","R","?","?","T","?","M","E","M","M","R","B",null],"character_chosen":"IRONCLAD","items_purchased":["Heavy Blade","Potion Belt","Bag of Marbles","Anger"],"campfire_rested":1,"item_purchase_floors":[4,4,38,38],"current_hp_per_floor":[78,77,79,78,62,72,77,70,70,78,82,82,83,86,85,72,83,85,85,88,87,94,97,96,95,94,93,92,91,81,62,62,88,95,94,86,90,90,68,68,68,80,80,85,86,47,61,55,81,55],"gold":21,"neow_bonus":"","is_prod":false,"is_daily":true,"chose_seed":false,"campfire_upgraded":5,"win_rate":0,"timestamp":1557011115,"path_taken":["M","?","M","$","?","E","?","E","T","M","M","?","E","M","R","BOSS","M","?","M","M","M","M","E","R","T","R","M","?","?","?","R","BOSS","M","M","M","$","M","R","?","?","T","?","M","E","M","M","R","BOSS"],"build_version":"2019-01-23","purchased_purges":2,"victory":true,"max_hp_per_floor":[78,77,79,78,77,76,80,85,84,83,85,84,83,86,85,84,83,86,85,88,87,94,97,96,95,94,93,92,91,94,98,97,96,95,94,93,96,95,94,93,92,95,94,93,92,91,90,89,88,91],"card_choices":[{"not_picked":["Second Wind","Shockwave"],"picked":"Shrug It Off","floor":1.0},{"not_picked":["Dual Wield","Shrug It Off"],"picked":"Wild Strike","floor":3.0},{"not_picked":["Pummel","Clothesline"],"picked":"Body Slam","floor":6.0},{"not_picked":["Iron Wave","Shrug It Off"],"picked":"Cleave","floor":8.0},{"not_picked":["Flex","Perfected Strike"],"picked":"Wild Strike","floor":10.0},{"not_picked":["Fiend Fire","Wild Strike"],"picked":"Sever Soul","floor":11.0},{"not_picked":["Shrug It Off","Seeing Red"],"picked":"Searing Blow","floor":13.0},{"not_picked":["Perfected Strike","Armaments"],"picked":"Pommel Strike","floor":14.0},{"not_picked":["Immolate","Barricade"],"picked":"Berserk","floor":16.0},{"not_picked":["Clothesline","Cleave"],"picked":"Metallicize","floor":18.0},{"not_picked":["Rampage","Searing Blow"],"picked":"Armaments","floor":20.0},{"not_picked":["Blood for Blood","Spot Weakness"],"picked":"Disarm","floor":21.0},{"not_picked":["Disarm+1","Carnage"],"picked":"Pommel Strike","floor":22.0},{"not_picked":["Perfected Strike","Armaments"],"picked":"True Grit","floor":23.0},{"not_picked":["Shrug It Off","Disarm+1"],"picked":"Entrench","floor":24.0},{"not_picked":["Spot Weakness","Havoc+1"],"picked":"Warcry","floor":28.0},{"not_picked":["Metallicize+1","Evolve"],"picked":"Anger+1","floor":30.0},{"not_picked":["Juggernaut","Barricade"],"picked":"Exhume","floor":33},{"not_picked":["Corruption","Power Through"],"picked":"Pommel Strike+1","floor":35},{"not_picked":["Twin Strike+1","Warcry+1"],"picked":"Rupture","floor":36},{"not_picked":["Shrug It Off+1","Perfected Strike"],"picked":"Iron Wave+1","floor":37},{"not_picked":["Intimidate","Cleave+1"],"picked":"Flex+1","floor":39},{"not_picked":["Violence","Panacea"],"picked":"Thinking Ahead","floor":41},{"not_picked":["Wild Strike+1","Searing Blow+1"],"picked":"Metallicize","floor":42},{"not_picked":["Clash","Burning Pact"],"picked":"Cleave+1","floor":45},{"not_picked":["Limit Break","Second Wind+1"],"picked":"Feel No Pain","floor":46},{"not_picked":["Flex+1","Wild Strike+1"],"picked":"Headbutt+1","floor":47},{"not_picked":["True Grit+1","Pummel"],"picked":"Inflame+1","floor":48}],"player_experience":63838,"relics_obtained":[{"floor":6.0,"key":"Centennial Puzzle"},{"floor":8.0,"key":"Blood Vial"},{"floor":9.0,"key":"Orichalcum"},{"floor":13.0,"key":"Lantern"},{"floor":24.0,"key":"MawBank"},{"floor":26.0,"key":"Bag of Preparation"},{"floor":42,"key":"StoneCalendar"},{"floor":43,"key":"Art of War"},{"floor":46,"key":"Meat on the Bone"}],"event_choices":[{"damage_healed":0.0,"max_hp_gain":0.0,"max_hp_loss":0.0,"gold_gain":175.0,"event_name":"Liars Game","player_choice":"AGREE","floor":2.0,"gold_loss":0.0,"damage_taken":0.0,"cards_obtained":["Doubt"]},{"damage_healed":0.0,"max_hp_gain":0.0,"max_hp_loss":0.0,"gold_gain":0.0,"event_name":"Shining Light","player_choice":"Entered Light","floor":5.0,"gold_loss":0.0,"damage_taken":16.0,"cards_upgraded":["Shrug It Off","Exhume"]},{"damage_healed":0.0,"max_hp_gain":5.0,"max_hp_loss":0.0,"gold_gain":0.0,"event_name":"Big Fish","player_choice":"Donut","floor":7.0,"gold_loss":0.0,"damage_taken":0.0},{"damage_healed":0.0,"max_hp_gain":0.0,"max_hp_loss":0.0,"gold_gain":0.0,"event_name":"Living Wall","player_choice":"Grow","floor":12.0,"gold_loss":0.0,"damage_taken":0.0,"cards_upgraded":["Feed"]},{"damage_healed":0.0,"max_hp_gain":0.0,"max_hp_loss":0.0,"gold_gain":0.0,"event_name":"The Mausoleum","player_choice":"Opened","floor":19.0,"gold_loss":0.0,"damage_taken":0.0,"relics_obtained":["Champion Belt"]},{"damage_healed":0.0,"max_hp_gain":0.0,"max_hp_loss":0.0,"gold_gain":0.0,"event_name":"Lab","player_choice":"Got Potions","floor":29.0,"gold_loss":0.0,"damage_taken":0.0},{"damage_healed":0.0,"max_hp_gain":5.0,"max_hp_loss":0.0,"gold_gain":0.0,"event_name":"Forgotten Altar","player_choice":"Shed Blood","floor":31.0,"gold_loss":0.0,"damage_taken":24.0},{"damage_healed":0,"gold_gain":0,"player_choice":"Memory 1","damage_taken":0,"max_hp_gain":0,"max_hp_loss":0,"event_name":"SensoryStone","floor":41,"gold_loss":0},{"damage_healed":0,"gold_gain":0,"player_choice":"Fight","damage_taken":0,"max_hp_gain":0,"max_hp_loss":0,"event_name":"MindBloom","floor":42,"gold_loss":0},{"cards_removed":["Warcry"],"damage_healed":5,"gold_gain":0,"player_choice":"Offered Common","damage_taken":0,"max_hp_gain":0,"max_hp_loss":0,"event_name":"Bonfire Elementals","floor":44,"gold_loss":0},{"cards_removed":["Warcry"],"damage_healed":5,"gold_gain":0,"player_choice":"Offered Special","damage_taken":0,"max_hp_gain":0,"max_hp_loss":0,"event_name":"Bonfire Elementals","floor":44,"gold_loss":0}],"is_beta":false,"boss_relics":[{"not_picked":["Astrolabe","Empty Cage"],"picked":"Ectoplasm"},{"not_picked":["Tiny House","Eternal Feather"],"picked":"White Beast Statue"}],"items_purged_floors":[4,38],"is_endless":false,"potions_floor_spawned":[1,3,6,10,14,21,22,28,33,35,36,37,39,42,45,46,47,48],"ascension_level":0}