{"gold_per_floor":[119,119,72,84,97,97,152,152,179,179,252,327,327,68,68,167,167,181,181,181,191,191,191,191,123,123,150,150,170,120,135,135,236,236,254,254,273,293,293,327,327,54,104,54,67,67,67,67,67,67],"floor_reached":51,"playtime":1382,"items_purged":["Strike_B","Strike_B","Strike_B"],"score":812,"play_id":"38edd75b-7d4e-4700-a215-a9c600027e33","local_time":"20190518230037","is_ascension_mode":false,"campfire_choices":[{"data":"Electrodynamics","floor":6.0,"key":"SMITH"},{"data":"Dualcast","floor":8.0,"key":"SMITH"},{"data":"Go for the Eyes","floor":10.0,"key":"SMITH"},{"data":"Chaos","floor":15.0,"key":"SMITH"},{"data":"Buffer","floor":23.0,"key":"SMITH"},{"data":"Zap","floor":24.0,"key":"SMITH"},{"floor":32.0,"key":"REST"},{"data":"Seek","floor":41,"key":"SMITH"},{"data":"Defragment","floor":47,"key":"SMITH"},{"floor":49,"key":"REST"}],"neow_cost":"NONE","seed_source_timestamp":2422906775207278,"circlet_count":0,"master_deck":["Defend_B+1","Defend_B","Zap+1","Dualcast+1","Conserve Battery","Electrodynamics+1","Go for the Eyes+1","Chaos+1","Buffer+1","BootSequence","Coolheaded+1","Conserve Battery","Seek+1","Defragment+1"],"special_seed":0,"relics":["Cracked Core","Regal Pillow","Tiny Chest","Anchor","Mercury Hourglass","WingedGreaves","Runic Capacitor","Inserter","Smiling Mask","Singing Bowl","Ginger","Empty Cage","Boot","DataDisk","Juzu Bracelet"],"potions_floor_usage":[50,50],"damage_taken":[{"damage":0.0,"enemies":"Small Slimes","floor":1.0,"turns":4.0},{"damage":0.0,"enemies":"Cultist","floor":4.0,"turns":4.0},{"damage":1.0,"enemies":"Jaw Worm","floor":5.0,"turns":3.0},{"damage":26.0,"enemies":"Gremlin Nob","floor":7.0,"turns":4.0},{"damage":10.0,"enemies":"Hexaghost","floor":16.0,"turns":8.0},{"damage":10.0,"enemies":"Spheric Guardian","floor":18.0,"turns":4.0},{"damage":0.0,"enemies":"Colosseum Slavers","floor":19.0,"turns":2.0},{"damage":5.0,"enemies":"Shell Parasite","floor":21.0,"turns":5.0},{"damage":30.0,"enemies":"Gremlin Leader","floor":27.0,"turns":7.0},{"damage":0.0,"enemies":"Snecko","floor":29.0,"turns":6.0},{"damage":0.0,"enemies":"Centurion and Healer","floor":31.0,"turns":5.0},{"damage":0.0,"enemies":"Champ","floor":33.0,"turns":11.0},{"damage":0,"enemies":"3 Shapes","floor":35,"turns":4},{"damage":6,"enemies":"3 Darklings","floor":37,"turns":3},{"damage":7,"enemies":"Writhing Mass","floor":38,"turns":7},{"damage":18,"enemies":"Reptomancer","floor":40,"turns":9},{"damage":11,"enemies":"Sphere and 2 Shapes","floor":45,"turns":4},{"damage":0,"enemies":"Awakened One","floor":50,"turns":14}],"seed_played":"7690747939167666607","potions_obtained":[{"floor":5.0,"key":"LiquidBronze"},{"floor":7.0,"key":"Explosive Potion"},{"floor":16.0,"key":"Energy Potion"},{"floor":21.0,"key":"SteroidPotion"}],"is_trial":false,"path_per_floor":["M","?","$","M","M","R","E","R","T","R","T","?","T","$","R","B",null,"M","?","$","M","?","R","R","$","T","E","?","M","$","M","R","B",null,"M","?","M","M","?","E","R","$","T","$","M","?","R","?","R","B",null],"character_chosen":"DEFECT","items_purchased":["Conserve Battery","Runic Capacitor","Chaos","BootSequence","DataDisk","Defragment"],"campfire_rested":2,"item_purchase_floors":[3,14,14,25,42,42],"current_hp_per_floor":[75,75,75,75,74,74,48,48,48,48,48,37,37,37,37,27,75,65,65,65,60,60,60,60,60,60,30,30,32,32,32,70,70,77,79,79,75,70,70,54,54,54,54,54,45,45,45,45,83,83],"gold":67,"neow_bonus":"RANDOM_COMMON_RELIC","is_prod":false,"is_daily":false,"chose_seed":false,"campfire_upgraded":8,"win_rate":0,"timestamp":1558216837,"path_taken":["M","?","?","M","?","R","E","R","T","R","?","?","?","$","R","BOSS","M","?","$","M","?","R","R","$","T","E","?","?","$","M","R","BOSS","M","?","?","M","?","E","R","$","T","$","M","?","R","?","R","BOSS"],"build_version":"2019-01-23","purchased_purges":3,"victory":true,"max_hp_per_floor":[75,75,75,75,75,75,75,75,75,75,75,75,75,75,75,75,75,75,75,75,75,75,75,75,75,75,75,75,77,77,77,77,77,77,79,79,81,83,83,85,85,85,85,85,87,83,83,83,83,83],"card_choices":[{"not_picked":["Rebound","Hologram","Compile Driver"],"picked":"SKIP","floor":1.0},{"not_picked":["Stack","Streamline","Steam"],"picked":"SKIP","floor":4.0},{"not_picked":["Leap","Streamline"],"picked":"Electrodynamics","floor":5.0},{"not_picked":["Compile Driver","All For One"],"picked":"Go for the Eyes","floor":7.0},{"not_picked":["Fission","Thunder Strike"],"picked":"Buffer","floor":16.0},{"not_picked":["FTL","Leap","Skim"],"picked":"SKIP","floor":18.0},{"not_picked":["Sweeping Beam","Barrage","Skim+1"],"picked":"SKIP","floor":21.0},{"not_picked":["Beam Cell","Rebound"],"picked":"Coolheaded+1","floor":27.0},{"not_picked":["Compile Driver","Stack","Double Energy"],"picked":"Singing Bowl","floor":29.0},{"not_picked":["Barrage","Gash"],"picked":"Conserve Battery","floor":31.0},{"not_picked":["Reboot","All For One"],"picked":"Seek","floor":33.0},{"not_picked":["Self Repair","Sunder+1","Rebound+1"],"picked":"Singing Bowl","floor":35},{"not_picked":["Skim+1","Go for the Eyes+1","Redo"],"picked":"Singing Bowl","floor":37},{"not_picked":["Cold Snap","Static Discharge","Gash"],"picked":"Singing Bowl","floor":38},{"not_picked":["Hologram+1","Biased Cognition","Reprogram"],"picked":"Singing Bowl","floor":40},{"not_picked":["Gash+1","Go for the Eyes+1","Beam Cell+1"],"picked":"Singing Bowl","floor":45}],"player_experience":1243155,"relics_obtained":[{"floor":7.0,"key":"Tiny Chest"},{"floor":9.0,"key":"Anchor"},{"floor":11.0,"key":"Mercury Hourglass"},{"floor":13.0,"key":"WingedGreaves"},{"floor":26.0,"key":"Singing Bowl"},{"floor":27.0,"key":"Ginger"},{"floor":40,"key":"Boot"},{"floor":43,"key":"Juzu Bracelet"}],"event_choices":[{"damage_healed":0.0,"max_hp_gain":0.0,"max_hp_loss":0.0,"gold_gain":0.0,"event_name":"The Woman in Blue","player_choice":"Bought 0 Potions","floor":2.0,"gold_loss":0.0,"damage_taken":0.0},{"damage_healed":0.0,"max_hp_gain":0.0,"max_hp_loss":0.0,"gold_gain":75.0,"event_name":"World of Goop","player_choice":"Gather Gold","floor":12.0,"gold_loss":0.0,"damage_taken":11.0},{"damage_healed":0.0,"max_hp_gain":0.0,"max_hp_loss":0.0,"gold_gain":0.0,"event_name":"Colosseum","player_choice":"Fight","floor":19.0,"gold_loss":0.0,"damage_taken":0.0},{"damage_healed":0.0,"max_hp_gain":0.0,"max_hp_loss":0.0,"gold_gain":0.0,"event_name":"Colosseum","player_choice":"Fled From Nobs","floor":19.0,"gold_loss":0.0,"damage_taken":0.0},{"damage_healed":0.0,"max_hp_gain":0.0,"max_hp_loss":0.0,"gold_gain":0.0,"event_name":"The Mausoleum","player_choice":"Opened","floor":22.0,"gold_loss":0.0,"damage_taken":0.0,"relics_obtained":["Smiling Mask"]},{"damage_healed":0.0,"max_hp_gain":0.0,"max_hp_loss":0.0,"gold_gain":0.0,"event_name":"Cursed Tome","player_choice":"Ignored","floor":28.0,"gold_loss":0.0,"damage_taken":0.0},{"damage_healed":0,"gold_gain":0,"player_choice":"Forge","damage_taken":0,"max_hp_gain":0,"max_hp_loss":0,"event_name":"Accursed Blacksmith","floor":36,"gold_loss":0,"cards_upgraded":["Defend_B"]},{"damage_healed":0,"gold_gain":0,"player_choice":"Ignored","damage_taken":0,"max_hp_gain":0,"max_hp_loss":0,"event_name":"Tomb of Lord Red Mask","floor":39,"gold_loss":0},{"damage_healed":0,"gold_gain":0,"player_choice":"Max HP","damage_taken":0,"max_hp_gain":0,"max_hp_loss":4,"event_name":"Winding Halls","floor":46,"gold_loss":0},{"cards_removed":["Defend_B"],"damage_healed":0,"gold_gain":0,"player_choice":"Removed Skill","damage_taken":0,"max_hp_gain":0,"max_hp_loss":0,"event_name":"Falling","floor":48,"gold_loss":0}],"is_beta":false,"boss_relics":[{"not_picked":["Fusion Hammer","Black Star"],"picked":"Inserter"},{"not_picked":["Runic Pyramid","Pandora\u0027s Box"],"picked":"Empty Cage"}],"items_purged_floors":[30,42,44],"is_endless":false,"potions_floor_spawned":[5,7,16,19,21,37,45],"ascension_level":0}