{"gold_per_floor":[114,127,141,156,169,169,198,89,89,118,118,152,152,168,168,270,270,289,289,33,132,142,142],"floor_reached":23,"playtime":1236,"items_purged":["Strike_R","Strike_R"],"score":295,"play_id":"1ad5795b-5ce1-4fab-bc35-83602f7863af","local_time":"20190529181355","is_ascension_mode":true,"campfire_choices":[{"data":"Flame Barrier","floor":6,"key":"SMITH"},{"data":"Carnage","floor":13,"key":"SMITH"},{"data":"Havoc","floor":15,"key":"SMITH"}],"neow_cost":"NONE","seed_source_timestamp":4219955270454198,"circlet_count":0,"master_deck":["Strike_R","Strike_R","Strike_R","Defend_R","Defend_R","Defend_R","Defend_R","Bash+1","Cleave","Shrug It Off","Flame Barrier+1","Thunderclap","Whirlwind","Carnage+1","Carnage","Shrug It Off","Rage","Havoc+1","Feed+1","Sword Boomerang","Bludgeon","Pummel+1"],"relics":["Black Blood","Blood Vial","Nunchaku","Dodecahedron","Pen Nib","Shovel","Whetstone"],"potions_floor_usage":[7,10,12,12,12,16,23],"damage_taken":[{"damage":12,"enemies":"Small Slimes","floor":1,"turns":4},{"damage":1,"enemies":"Cultist","floor":2,"turns":3},{"damage":0,"enemies":"2 Louse","floor":3,"turns":3},{"damage":3,"enemies":"2 Fungi Beasts","floor":4,"turns":4},{"damage":9,"enemies":"Looter","floor":5,"turns":4},{"damage":29,"enemies":"3 Sentries","floor":7,"turns":6},{"damage":31,"enemies":"Gremlin Nob","floor":10,"turns":4},{"damage":10,"enemies":"Lagavulin","floor":12,"turns":4},{"damage":1,"enemies":"Lots of Slimes","floor":14,"turns":2},{"damage":28,"enemies":"The Guardian","floor":16,"turns":10},{"damage":0,"enemies":"3 Byrds","floor":18,"turns":1},{"damage":0,"enemies":"Spheric Guardian","floor":22,"turns":3},{"damage":90,"enemies":"Book of Stabbing","floor":23,"turns":5}],"seed_played":"1832145083196914057","potions_obtained":[{"floor":2,"key":"BloodPotion"},{"floor":5,"key":"Weak Potion"},{"floor":10,"key":"SkillPotion"},{"floor":11,"key":"SteroidPotion"},{"floor":11,"key":"Fire Potion"},{"floor":12,"key":"Fire Potion"},{"floor":14,"key":"FearPotion"},{"floor":18,"key":"BloodPotion"}],"is_trial":false,"path_per_floor":["M","M","M","M","M","R","E","$","T","E","?","E","R","M","R","B",null,"M","T","$","?","M","E"],"character_chosen":"IRONCLAD","items_purchased":["Carnage","Bludgeon"],"campfire_rested":0,"item_purchase_floors":[8,20],"current_hp_per_floor":[68,75,80,80,77,77,56,56,56,41,41,39,39,46,46,26,67,79,79,79,79,80,0],"gold":142,"neow_bonus":"RANDOM_COMMON_RELIC","is_prod":false,"is_daily":false,"chose_seed":false,"campfire_upgraded":3,"win_rate":0,"timestamp":1559168035,"path_taken":["M","M","M","M","M","R","E","$","T","E","?","E","R","M","R","BOSS","M","?","$","?","M","E"],"build_version":"2019-01-23","purchased_purges":2,"victory":false,"max_hp_per_floor":[80,80,80,80,80,80,80,80,80,80,80,80,80,80,80,80,80,80,80,80,80,80,80],"card_choices":[{"not_picked":["Shrug It Off","True Grit"],"picked":"Cleave","floor":1},{"not_picked":["Cleave","Rage"],"picked":"Shrug It Off","floor":2},{"not_picked":["Blood for Blood","Reaper"],"picked":"Flame Barrier","floor":3},{"not_picked":["Perfected Strike","Iron Wave"],"picked":"Thunderclap","floor":4},{"not_picked":["Rupture","Power Through"],"picked":"Whirlwind","floor":5},{"not_picked":["Limit Break","Uppercut"],"picked":"Carnage","floor":7},{"not_picked":["Flex","Wild Strike"],"picked":"Shrug It Off","floor":10},{"not_picked":["Warcry","Infernal Blade"],"picked":"Rage","floor":12},{"not_picked":["Warcry","Wild Strike"],"picked":"Havoc","floor":14},{"not_picked":["Double Tap","Fiend Fire"],"picked":"Feed","floor":16},{"not_picked":["True Grit","Heavy Blade"],"picked":"Sword Boomerang","floor":18},{"not_picked":["Sword Boomerang","Twin Strike"],"picked":"Pummel+1","floor":22}],"player_experience":172500,"relics_obtained":[{"floor":7,"key":"Nunchaku"},{"floor":9,"key":"Dodecahedron"},{"floor":10,"key":"Pen Nib"},{"floor":12,"key":"Shovel"},{"floor":19,"key":"Whetstone"}],"event_choices":[{"damage_healed":0,"gold_gain":0,"player_choice":"Got Potions","damage_taken":0,"max_hp_gain":0,"max_hp_loss":0,"event_name":"Lab","floor":11,"gold_loss":0},{"damage_healed":0,"gold_gain":99,"player_choice":"Stole From Cult","damage_taken":0,"max_hp_gain":0,"max_hp_loss":0,"event_name":"Nest","floor":21,"gold_loss":0}],"is_beta":false,"boss_relics":[{"not_picked":["Runic Cube","Runic Dome"],"picked":"Black Blood"}],"items_purged_floors":[8,20],"is_endless":false,"potions_floor_spawned":[2,5,10,12,14,18],"killed_by":"Book of Stabbing","ascension_level":8}