{"gold_per_floor":[117,117,44,56,331,219,234,265,277,289,315,327,352,374,386,494,506,537,160,260,260,274,274,299,299,299,299,316,326,356,366,366,366],"floor_reached":33,"playtime":972,"items_purged":["Regret","Strike_B"],"score":287,"play_id":"d881aaf9-2077-42d3-be60-ed10267b4fe1","local_time":"20190213235833","is_ascension_mode":false,"campfire_choices":[{"data":"Rip and Tear","floor":10.0,"key":"SMITH"},{"data":"Beam Cell","floor":12.0,"key":"SMITH"},{"data":"Sunder","floor":15.0,"key":"SMITH"},{"floor":23,"key":"REST"},{"floor":25,"key":"REST"},{"floor":32,"key":"REST"}],"neow_cost":"NONE","seed_source_timestamp":129435389959642,"circlet_count":0,"master_deck":["Strike_B","Defend_B","Defend_B","Defend_B","Defend_B","Zap","Dualcast","Melter","Sunder+1","Rip and Tear+1","Beam Cell+1","Conserve Battery","Auto Shields","Machine Learning","Leap","Trip","Steam","Decay","Reinforced Body","White Noise","Auto Shields+1","Compile Driver+1"],"special_seed":0,"relics":["Cracked Core","Vajra","MawBank","Gremlin Horn","Empty Cage","Bag of Preparation","Gambling Chip","Blue Candle","Strawberry","Dream Catcher","Bottled Tornado"],"potions_floor_usage":[],"damage_taken":[{"damage":1.0,"enemies":"Jaw Worm","floor":1.0,"turns":3.0},{"damage":2.0,"enemies":"Small Slimes","floor":4.0,"turns":3.0},{"damage":0.0,"enemies":"Cultist","floor":7.0,"turns":2.0},{"damage":31.0,"enemies":"Lagavulin","floor":8.0,"turns":5.0},{"damage":6.0,"enemies":"Exordium Wildlife","floor":11.0,"turns":2.0},{"damage":0.0,"enemies":"2 Fungi Beasts","floor":13.0,"turns":2.0},{"damage":10.0,"enemies":"Looter","floor":14.0,"turns":2.0},{"damage":19.0,"enemies":"Hexaghost","floor":16.0,"turns":7.0},{"damage":0.0,"enemies":"Chosen","floor":18.0,"turns":3.0},{"damage":18.0,"enemies":"Colosseum Slavers","floor":20.0,"turns":3.0},{"damage":39.0,"enemies":"Colosseum Nobs","floor":20.0,"turns":5.0},{"damage":4,"enemies":"Shell Parasite","floor":22,"turns":2},{"damage":24,"enemies":"Book of Stabbing","floor":24,"turns":4},{"damage":1,"enemies":"Chosen and Byrds","floor":28,"turns":4},{"damage":1,"enemies":"Centurion and Healer","floor":29,"turns":3},{"damage":8,"enemies":"Slavers","floor":30,"turns":5},{"damage":0,"enemies":"Snecko","floor":31,"turns":4},{"damage":46,"enemies":"Collector","floor":33,"turns":8}],"seed_played":"6757974306632679841","potions_obtained":[{"floor":7.0,"key":"Poison Potion"},{"floor":11.0,"key":"Poison Potion"},{"floor":16.0,"key":"Dexterity Potion"},{"floor":20,"key":"LiquidBronze"}],"is_trial":false,"path_per_floor":["M","?","$","M","?","$","M","E","T","R","M","R","M","M","R","B",null,"M","$","?","?","M","R","E","R","T","?","M","M","E","M","R","B"],"character_chosen":"DEFECT","items_purchased":["Melter","Rip and Tear","Leap","Bag of Preparation","Trip"],"campfire_rested":3,"item_purchase_floors":[3,6,19,19,19],"current_hp_per_floor":[81,74,74,72,72,72,72,41,41,41,35,35,35,25,25,6,82,82,82,25,25,21,45,28,54,54,46,45,44,36,36,62,16],"gold":366,"neow_bonus":"TEN_PERCENT_HP_BONUS","is_prod":false,"is_daily":false,"chose_seed":false,"campfire_upgraded":3,"win_rate":0,"timestamp":1550102313,"path_taken":["M","?","$","M","?","$","M","E","T","R","M","R","M","?","R","BOSS","M","$","?","?","M","R","E","R","T","?","M","M","E","M","R","BOSS"],"build_version":"2019-01-23","purchased_purges":2,"victory":false,"max_hp_per_floor":[82,82,82,82,82,82,82,82,82,82,82,82,82,82,82,82,82,82,82,82,82,82,82,89,89,89,89,89,89,89,89,89,89],"card_choices":[{"not_picked":["Sweeping Beam","Hello World","Compile Driver"],"picked":"SKIP","floor":1.0},{"not_picked":["Barrage","Rebound"],"picked":"Sunder","floor":4.0},{"not_picked":["Double Energy","Redo"],"picked":"Beam Cell","floor":7.0},{"not_picked":["Cold Snap","Barrage","Fission"],"picked":"SKIP","floor":8.0},{"not_picked":["BootSequence","Chill"],"picked":"Conserve Battery","floor":11.0},{"not_picked":["Aggregate","Beam Cell","Compile Driver"],"picked":"SKIP","floor":13.0},{"not_picked":["Hello World","Scrape"],"picked":"Auto Shields","floor":14.0},{"not_picked":["Electrodynamics","Fission"],"picked":"Machine Learning","floor":16.0},{"not_picked":["Darkness","Static Discharge","Auto Shields"],"picked":"SKIP","floor":18.0},{"not_picked":["Storm","Rip and Tear"],"picked":"Steam","floor":20},{"not_picked":["Redo","Force Field","Hologram"],"picked":"SKIP","floor":22},{"not_picked":["Barrage+1","Chaos","Sweeping Beam"],"picked":"SKIP","floor":24},{"not_picked":["Chaos","Rip and Tear"],"picked":"Reinforced Body","floor":28},{"not_picked":["Stack","Compile Driver"],"picked":"White Noise","floor":29},{"not_picked":["Static Discharge","Force Field","Reinforced Body"],"picked":"SKIP","floor":30},{"not_picked":["Ball Lightning","Streamline+1"],"picked":"Auto Shields+1","floor":31},{"not_picked":["Fission","Turbo"],"picked":"Compile Driver+1","floor":32}],"player_experience":1037527,"relics_obtained":[{"floor":8.0,"key":"MawBank"},{"floor":9.0,"key":"Gremlin Horn"},{"floor":20,"key":"Gambling Chip"},{"floor":20,"key":"Blue Candle"},{"floor":24,"key":"Strawberry"},{"floor":26,"key":"Dream Catcher"},{"floor":30,"key":"Bottled Tornado"}],"event_choices":[{"damage_healed":0.0,"max_hp_gain":0.0,"max_hp_loss":0.0,"gold_gain":0.0,"event_name":"Scrap Ooze","player_choice":"Success","floor":2.0,"gold_loss":0.0,"damage_taken":7.0,"relics_obtained":["Vajra"]},{"damage_healed":0.0,"max_hp_gain":0.0,"max_hp_loss":0.0,"gold_gain":275.0,"event_name":"Golden Shrine","player_choice":"Desecrate","floor":5.0,"gold_loss":0.0,"damage_taken":0.0,"cards_obtained":["Regret"]},{"damage_healed":0.0,"max_hp_gain":0.0,"max_hp_loss":0.0,"gold_gain":0.0,"event_name":"Colosseum","player_choice":"Fight","floor":20.0,"gold_loss":0.0,"damage_taken":0.0},{"damage_healed":0.0,"max_hp_gain":0.0,"max_hp_loss":0.0,"gold_gain":0.0,"event_name":"Colosseum","player_choice":"Fought Nobs","floor":20.0,"gold_loss":0.0,"damage_taken":0.0},{"damage_healed":0,"gold_gain":0,"player_choice":"Smashed Altar","damage_taken":0,"max_hp_gain":0,"max_hp_loss":0,"event_name":"Forgotten Altar","floor":21,"gold_loss":0,"cards_obtained":["Decay"]},{"damage_healed":0,"gold_gain":0,"player_choice":"","damage_taken":8,"max_hp_gain":0,"max_hp_loss":0,"event_name":"Knowing Skull","floor":27,"potions_obtained":[],"gold_loss":0,"cards_obtained":[]}],"is_beta":false,"boss_relics":[{"not_picked":["Snecko Eye","Eternal Feather"],"picked":"Empty Cage"}],"items_purged_floors":[6,19],"is_endless":false,"potions_floor_spawned":[7,11,16,20,22,28],"killed_by":"Collector","ascension_level":0}