{"gold_per_floor":[112,129,142,159,169,204,204,229,229,119,134,151,21,36,36,138,138,138,138,138,138,63,63,63,63,63,63,63,63,63,63,63,63,63,63,63,63,63,63,63,63,63,63,63,63,63,63,63,63,63,63,63,26,26,26],"floor_reached":56,"playtime":6129,"items_purged":["Strike_B"],"score":1478,"play_id":"59df9030-3ee7-4bc9-9d6d-846bfa27f0a0","local_time":"20190620235809","is_ascension_mode":true,"campfire_choices":[{"data":"Defragment","floor":7.0,"key":"SMITH"},{"data":"Chill","floor":15.0,"key":"SMITH"},{"data":"Defragment","floor":24.0,"key":"SMITH"},{"floor":27.0,"key":"REST"},{"floor":32.0,"key":"RECALL"},{"floor":40.0,"key":"REST"},{"data":"Defragment","floor":44.0,"key":"SMITH"},{"data":"Machine Learning","floor":49.0,"key":"SMITH"},{"data":"White Noise","floor":52.0,"key":"SMITH"}],"neow_cost":"PERCENT_DAMAGE","seed_source_timestamp":0,"circlet_count":0,"master_deck":["Strike_B","Strike_B","Defend_B","Defend_B","Defend_B","Zap","Dualcast","Auto Shields","Defragment+1","Compile Driver","Leap","FTL","Conserve Battery","Static Discharge","Self Repair","Tempest","Ball Lightning","Coolheaded","Defragment+1","Cold Snap","Chill+1","Echo Form","Coolheaded+1","Defragment+1","Cold Snap+1","Core Surge","Double Energy+1","Leap+1","FTL","White Noise+1","Machine Learning+1","Aggregate+1","Reprogram+1","Stack+1","Go for the Eyes+1","Go for the Eyes+1","Heatsinks+1","Compile Driver+1","FTL+1","Hologram","Compile Driver+1","Hologram+1","Hologram+1","Undo","Amplify","Loop+1","Sunder"],"special_seed":0,"relics":["Cracked Core","Anchor","Lantern","Gambling Chip","Ectoplasm","Calipers","Pen Nib","Mummified Hand","Orrery","Prayer Wheel","Blood Vial","Ginger","Dead Branch"],"potions_floor_usage":[55],"damage_taken":[{"damage":1.0,"enemies":"Cultist","floor":1.0,"turns":3.0},{"damage":3.0,"enemies":"2 Louse","floor":2.0,"turns":2.0},{"damage":2.0,"enemies":"Small Slimes","floor":3.0,"turns":4.0},{"damage":6.0,"enemies":"Looter","floor":4.0,"turns":4.0},{"damage":2.0,"enemies":"2 Fungi Beasts","floor":5.0,"turns":4.0},{"damage":19.0,"enemies":"3 Sentries","floor":6.0,"turns":8.0},{"damage":14.0,"enemies":"Gremlin Nob","floor":8.0,"turns":4.0},{"damage":5.0,"enemies":"3 Louse","floor":11.0,"turns":3.0},{"damage":7.0,"enemies":"Exordium Wildlife","floor":12.0,"turns":3.0},{"damage":0.0,"enemies":"Lots of Slimes","floor":14.0,"turns":3.0},{"damage":6.0,"enemies":"Hexaghost","floor":16.0,"turns":12.0},{"damage":2.0,"enemies":"Chosen","floor":18.0,"turns":5.0},{"damage":0.0,"enemies":"Spheric Guardian","floor":20.0,"turns":3.0},{"damage":9.0,"enemies":"Cultist and Chosen","floor":21.0,"turns":6.0},{"damage":50.0,"enemies":"Gremlin Leader","floor":23.0,"turns":7.0},{"damage":4.0,"enemies":"Shelled Parasite and Fungi","floor":25.0,"turns":5.0},{"damage":0.0,"enemies":"Sentry and Sphere","floor":28.0,"turns":4.0},{"damage":15.0,"enemies":"Book of Stabbing","floor":29.0,"turns":7.0},{"damage":6.0,"enemies":"Centurion and Healer","floor":30.0,"turns":7.0},{"damage":0.0,"enemies":"Snake Plant","floor":31.0,"turns":4.0},{"damage":0.0,"enemies":"Automaton","floor":33.0,"turns":6.0},{"damage":9.0,"enemies":"Orb Walker","floor":35.0,"turns":3.0},{"damage":5.0,"enemies":"3 Darklings","floor":36.0,"turns":5.0},{"damage":53.0,"enemies":"2 Orb Walkers","floor":37.0,"turns":7.0},{"damage":12.0,"enemies":"Spire Growth","floor":38.0,"turns":6.0},{"damage":0.0,"enemies":"Sphere and 2 Shapes","floor":39.0,"turns":6.0},{"damage":0.0,"enemies":"Transient","floor":41.0,"turns":5.0},{"damage":0.0,"enemies":"Spire Growth","floor":42.0,"turns":5.0},{"damage":1.0,"enemies":"Giant Head","floor":45.0,"turns":6.0},{"damage":0.0,"enemies":"Sphere and 2 Shapes","floor":46.0,"turns":4.0},{"damage":0.0,"enemies":"Nemesis","floor":47.0,"turns":9.0},{"damage":0.0,"enemies":"4 Shapes","floor":48.0,"turns":4.0},{"damage":19.0,"enemies":"Time Eater","floor":50.0,"turns":12.0},{"damage":20.0,"enemies":"Shield and Spear","floor":54.0,"turns":6.0},{"damage":28,"enemies":"The Heart","floor":55,"turns":13}],"seed_played":"-4952516395506767865","potions_obtained":[{"floor":1.0,"key":"PowerPotion"},{"floor":2.0,"key":"Regen Potion"},{"floor":5.0,"key":"EssenceOfSteel"},{"floor":8.0,"key":"SpeedPotion"},{"floor":11.0,"key":"Ancient Potion"},{"floor":14.0,"key":"EssenceOfSteel"},{"floor":18.0,"key":"Block Potion"},{"floor":23.0,"key":"FearPotion"},{"floor":25.0,"key":"SkillPotion"},{"floor":31.0,"key":"Block Potion"},{"floor":38.0,"key":"Regen Potion"},{"floor":46.0,"key":"SteroidPotion"}],"is_trial":false,"path_per_floor":["M","M","M","M","M","E","R","E","T","$","M","M","$","M","R","B",null,"M","?","M","M","$","E","R","M","T","R","M","E","M","M","R","B",null,"M","M","?","M","M","R","M","M","T","R","E","M","E","M","R","B",null,"R","$","E","B",null],"character_chosen":"DEFECT","items_purchased":["Self Repair","Tempest","Defragment","Cold Snap","Sunder"],"campfire_rested":2,"item_purchase_floors":[10,10,13,13,53],"current_hp_per_floor":[53,50,48,42,40,36,36,22,22,22,24,24,24,24,24,25,75,75,75,75,73,73,30,30,33,33,55,69,61,69,75,75,75,75,66,61,15,17,24,46,53,67,67,67,73,75,75,75,75,63,75,75,75,73,54],"gold":26,"neow_bonus":"REMOVE_TWO","is_prod":false,"is_daily":false,"chose_seed":false,"campfire_upgraded":6,"win_rate":0,"timestamp":1561089489,"path_taken":["M","M","M","M","?","E","R","E","T","$","M","M","?","M","R","BOSS","M","?","?","M","$","E","R","M","T","R","M","E","M","M","R","BOSS","M","M","?","M","M","R","M","M","T","R","E","M","E","M","R","BOSS","R","$","E","BOSS"],"build_version":"2019-01-23","purchased_purges":1,"victory":true,"max_hp_per_floor":[75,75,75,75,75,75,75,75,75,75,75,75,75,75,75,75,75,75,75,75,75,75,75,75,75,75,75,75,75,75,75,75,75,75,75,75,75,75,75,75,75,75,75,75,75,75,75,75,75,75,75,75,75,75,75],"card_choices":[{"not_picked":["Hello World","Rebound"],"picked":"Auto Shields","floor":1.0},{"not_picked":["Rebound","Hello World"],"picked":"Defragment","floor":2.0},{"not_picked":["Melter","Heatsinks"],"picked":"Compile Driver","floor":3.0},{"not_picked":["Go for the Eyes","Steam"],"picked":"Leap","floor":4.0},{"not_picked":["Force Field","Consume"],"picked":"FTL","floor":5.0},{"not_picked":["Stack","Melter"],"picked":"Conserve Battery","floor":6.0},{"not_picked":["Recycle","Beam Cell"],"picked":"Static Discharge","floor":8.0},{"not_picked":["Static Discharge","All For One"],"picked":"Ball Lightning","floor":11.0},{"not_picked":["Reprogram","Barrage"],"picked":"Coolheaded","floor":12.0},{"not_picked":["Hello World","Reprogram"],"picked":"Chill","floor":14.0},{"not_picked":["Biased Cognition","Buffer"],"picked":"Echo Form","floor":16.0},{"not_picked":["Leap+1","Rebound"],"picked":"Coolheaded+1","floor":18.0},{"not_picked":["Gash","Cold Snap"],"picked":"Defragment","floor":20.0},{"not_picked":["Steam","Go for the Eyes"],"picked":"Cold Snap+1","floor":21.0},{"not_picked":["Barrage+1","Go for the Eyes+1"],"picked":"Core Surge","floor":23.0},{"not_picked":["Go for the Eyes+1","Fusion"],"picked":"Double Energy+1","floor":25.0},{"not_picked":["Conserve Battery","Reprogram","Redo"],"picked":"SKIP","floor":28.0},{"not_picked":["Gash+1","Tempest+1"],"picked":"Leap+1","floor":29.0},{"not_picked":["Cold Snap","Steam+1"],"picked":"FTL","floor":30.0},{"not_picked":["Conserve Battery","Compile Driver"],"picked":"White Noise","floor":31.0},{"not_picked":["Fission","Thunder Strike"],"picked":"Machine Learning","floor":33.0},{"not_picked":["Streamline+1","Beam Cell"],"picked":"Aggregate+1","floor":34.0},{"not_picked":["Steam","Barrage"],"picked":"Reprogram+1","floor":34.0},{"not_picked":["Chaos","Streamline"],"picked":"Stack+1","floor":34.0},{"not_picked":["Turbo","Conserve Battery"],"picked":"Go for the Eyes+1","floor":34.0},{"not_picked":["Cold Snap","Compile Driver"],"picked":"Go for the Eyes+1","floor":35.0},{"not_picked":["Fission","Barrage","Tempest"],"picked":"SKIP","floor":36.0},{"not_picked":["Doom and Gloom+1","BootSequence+1"],"picked":"Heatsinks+1","floor":37.0},{"not_picked":["Static Discharge+1","Gash+1"],"picked":"Compile Driver+1","floor":38.0},{"not_picked":["Auto Shields","FTL+1","Doom and Gloom+1"],"picked":"SKIP","floor":38.0},{"not_picked":["Auto Shields","Doom and Gloom+1"],"picked":"FTL+1","floor":38.0},{"not_picked":["Consume","Static Discharge"],"picked":"Hologram","floor":39.0},{"not_picked":["Reinforced Body","Go for the Eyes+1"],"picked":"Compile Driver+1","floor":39.0},{"not_picked":["Aggregate","Gash"],"picked":"Hologram+1","floor":41.0},{"not_picked":["Gash","Biased Cognition","Fusion+1"],"picked":"SKIP","floor":41.0},{"not_picked":["Go for the Eyes","Redo"],"picked":"Hologram+1","floor":42.0},{"not_picked":["Rip and Tear","Gash","Steam"],"picked":"SKIP","floor":42.0},{"not_picked":["Melter","Stack+1"],"picked":"Undo","floor":45.0},{"not_picked":["Recycle+1","Aggregate+1"],"picked":"Amplify","floor":46.0},{"not_picked":["Undo+1","Rebound+1","Consume"],"picked":"SKIP","floor":46.0},{"not_picked":["Turbo+1","Leap+1"],"picked":"Loop+1","floor":47.0},{"not_picked":["Ball Lightning","Cold Snap","Barrage+1"],"picked":"SKIP","floor":48.0},{"not_picked":["Stack+1","Rip and Tear","Ball Lightning"],"picked":"SKIP","floor":48.0},{"not_picked":["Skim+1","Self Repair","Hologram+1"],"picked":"SKIP","floor":54.0}],"player_experience":295807,"relics_obtained":[{"floor":6.0,"key":"Anchor"},{"floor":8.0,"key":"Lantern"},{"floor":9.0,"key":"Gambling Chip"},{"floor":23.0,"key":"Calipers"},{"floor":26.0,"key":"Pen Nib"},{"floor":29.0,"key":"Mummified Hand"},{"floor":37.0,"key":"Prayer Wheel"},{"floor":45.0,"key":"Blood Vial"},{"floor":47.0,"key":"Ginger"},{"floor":54.0,"key":"Dead Branch"}],"event_choices":[{"damage_healed":0.0,"max_hp_gain":0.0,"max_hp_loss":0.0,"gold_gain":0.0,"event_name":"Wheel of Change","player_choice":"Full Heal","floor":19.0,"gold_loss":0.0,"damage_taken":0.0},{"damage_healed":0.0,"max_hp_gain":0.0,"max_hp_loss":0.0,"gold_gain":0.0,"event_name":"Mysterious Sphere","player_choice":"Fight","floor":37.0,"gold_loss":0.0,"damage_taken":0.0}],"is_beta":false,"boss_relics":[{"not_picked":["Black Star","Philosopher\u0027s Stone"],"picked":"Ectoplasm"},{"not_picked":["Calling Bell","FrozenCore"],"picked":"Orrery"}],"items_purged_floors":[22],"is_endless":false,"potions_floor_spawned":[1,2,5,8,11,14,18,23,25,30,31,33,38,39,46,47,48],"ascension_level":3}