{"gold_per_floor":[119,135,152,152,48,48,78,92,149,149,166,192,205,205,205,280,280,300,310,320,320,340,340,370,382,382,382,382,49,49,49,49,49],"floor_reached":33,"playtime":1302,"items_purged":["Strike_R","Strike_R"],"score":754,"play_id":"fdf1c478-9725-443b-ae5e-bb786b8c9c8d","local_time":"20190621102549","is_ascension_mode":true,"campfire_choices":[{"data":"Uppercut","floor":6.0,"key":"SMITH"},{"data":"True Grit","floor":10.0,"key":"SMITH"},{"data":"Double Tap","floor":15.0,"key":"SMITH"},{"floor":23.0,"key":"REST"},{"floor":27.0,"key":"REST"},{"floor":32,"key":"REST"}],"neow_cost":"TEN_PERCENT_HP_LOSS","seed_source_timestamp":164428913797267,"circlet_count":0,"master_deck":["AscendersBane","Strike_R","Strike_R","Strike_R","Defend_R","Defend_R","Defend_R","Defend_R","Bash","Dramatic Entrance","Dramatic Entrance","Cleave","Uppercut+1","Disarm","Demon Form","Shrug It Off","True Grit+1","Flame Barrier","Shrug It Off","Body Slam","Double Tap+1","Bludgeon","Clothesline","Sentinel+1","Metallicize","Shrug It Off"],"special_seed":0,"relics":["Burning Blood","Art of War","Tiny Chest","Dream Catcher","Busted Crown","Mercury Hourglass","Blood Vial","Red Skull"],"potions_floor_usage":[],"damage_taken":[{"damage":7.0,"enemies":"Jaw Worm","floor":1.0,"turns":3.0},{"damage":2.0,"enemies":"Cultist","floor":2.0,"turns":4.0},{"damage":8.0,"enemies":"2 Louse","floor":3.0,"turns":2.0},{"damage":10.0,"enemies":"Lagavulin","floor":7.0,"turns":5.0},{"damage":0.0,"enemies":"Lots of Slimes","floor":8.0,"turns":1.0},{"damage":12.0,"enemies":"Exordium Wildlife","floor":11.0,"turns":5.0},{"damage":13.0,"enemies":"Gremlin Nob","floor":12.0,"turns":5.0},{"damage":4.0,"enemies":"Red Slaver","floor":13.0,"turns":6.0},{"damage":4.0,"enemies":"Hexaghost","floor":16.0,"turns":9.0},{"damage":22.0,"enemies":"2 Thieves","floor":18.0,"turns":4.0},{"damage":22.0,"enemies":"Spheric Guardian","floor":19.0,"turns":5.0},{"damage":25.0,"enemies":"Shelled Parasite and Fungi","floor":20.0,"turns":4.0},{"damage":0.0,"enemies":"Sentry and Sphere","floor":22.0,"turns":3.0},{"damage":36.0,"enemies":"Slavers","floor":24.0,"turns":5.0},{"damage":7.0,"enemies":"Snecko","floor":25.0,"turns":4.0},{"damage":44,"enemies":"Collector","floor":33,"turns":6}],"seed_played":"1960798411628420449","potions_obtained":[{"floor":3.0,"key":"PowerPotion"},{"floor":8.0,"key":"Regen Potion"},{"floor":16.0,"key":"Fire Potion"},{"floor":18.0,"key":"Poison Potion"},{"floor":20.0,"key":"SteroidPotion"},{"floor":22.0,"key":"Energy Potion"}],"is_trial":false,"path_per_floor":["M","M","M","?","$","R","E","M","T","R","M","E","M","?","R","B",null,"M","M","M","T","M","R","E","M","T","R","?","$","?","$","R","B"],"character_chosen":"IRONCLAD","items_purchased":["Shrug It Off","Red Skull","Metallicize"],"campfire_rested":3,"item_purchase_floors":[5,29,29],"current_hp_per_floor":[67,68,66,66,66,66,62,68,68,68,62,55,57,47,47,49,63,47,40,21,21,27,47,17,18,18,38,19,19,19,19,40,0],"gold":49,"neow_bonus":"RANDOM_COLORLESS_2","is_prod":false,"is_daily":false,"chose_seed":false,"campfire_upgraded":3,"win_rate":0,"timestamp":1561137949,"path_taken":["M","M","M","?","$","R","E","M","T","R","?","E","M","?","R","BOSS","M","?","M","?","?","R","E","M","T","R","?","$","?","?","R","BOSS"],"build_version":"2019-01-23","purchased_purges":2,"victory":false,"max_hp_per_floor":[68,68,68,68,68,68,68,68,68,68,68,68,68,68,68,68,68,68,68,68,68,68,68,68,68,68,68,73,73,73,73,73,73],"card_choices":[{"not_picked":["Heavy Blade","Anger"],"picked":"Cleave","floor":1.0},{"not_picked":["Intimidate","Clash"],"picked":"Uppercut","floor":2.0},{"not_picked":["Perfected Strike","Pommel Strike"],"picked":"Disarm","floor":3.0},{"not_picked":["Wild Strike","Pummel"],"picked":"True Grit","floor":7.0},{"not_picked":["Body Slam","Ghostly Armor"],"picked":"Flame Barrier","floor":8.0},{"not_picked":["Iron Wave","Hemokinesis"],"picked":"Shrug It Off","floor":11.0},{"not_picked":["Anger","Thunderclap"],"picked":"Body Slam","floor":12.0},{"not_picked":["Iron Wave","Fire Breathing"],"picked":"Double Tap","floor":13.0},{"not_picked":["Brutality","Juggernaut"],"picked":"Bludgeon","floor":16.0},{"not_picked":["Thunderclap"],"picked":"SKIP","floor":18.0},{"not_picked":["Perfected Strike"],"picked":"SKIP","floor":19.0},{"not_picked":[],"picked":"Clothesline","floor":20.0},{"not_picked":["Wild Strike"],"picked":"SKIP","floor":22.0},{"not_picked":[],"picked":"Sentinel+1","floor":24.0},{"not_picked":["Anger+1"],"picked":"SKIP","floor":25.0},{"not_picked":[],"picked":"Shrug It Off","floor":32}],"player_experience":936065,"relics_obtained":[{"floor":7.0,"key":"Art of War"},{"floor":9.0,"key":"Tiny Chest"},{"floor":12.0,"key":"Dream Catcher"},{"floor":21.0,"key":"Mercury Hourglass"},{"floor":24.0,"key":"Blood Vial"}],"event_choices":[{"damage_healed":0.0,"max_hp_gain":0.0,"max_hp_loss":0.0,"gold_gain":0.0,"event_name":"Match and Keep!","player_choice":"1 cards matched","floor":4.0,"gold_loss":0.0,"damage_taken":0.0,"cards_obtained":["Demon Form"]},{"damage_healed":0.0,"max_hp_gain":0.0,"max_hp_loss":0.0,"gold_gain":0.0,"event_name":"Wheel of Change","player_choice":"Damaged","floor":14.0,"gold_loss":0.0,"damage_taken":10.0},{"damage_healed":0.0,"max_hp_gain":5.0,"max_hp_loss":0.0,"gold_gain":0.0,"event_name":"Forgotten Altar","player_choice":"Shed Blood","floor":28.0,"gold_loss":0.0,"damage_taken":24.0},{"damage_healed":0,"gold_gain":0,"player_choice":"Ignored","damage_taken":0,"max_hp_gain":0,"max_hp_loss":0,"event_name":"Cursed Tome","floor":30,"gold_loss":0}],"is_beta":false,"boss_relics":[{"not_picked":["Pandora\u0027s Box","Runic Dome"],"picked":"Busted Crown"}],"items_purged_floors":[5,29],"is_endless":false,"potions_floor_spawned":[3,8,16,18,20,22],"killed_by":"Collector","ascension_level":20}