{"gold_per_floor":[116,116,128,145,164,164,192,212,212,246,264,278,278,292,292,392,392,409,424,194,206,206,206,232,147,147,160,160,160],"floor_reached":29,"playtime":2508,"items_purged":[],"score":311,"play_id":"14a2ff33-38a1-46e8-8db0-b2874561519d","local_time":"20190619224822","is_ascension_mode":true,"campfire_choices":[{"data":"Acrobatics","floor":6,"key":"SMITH"},{"data":"A Thousand Cuts","floor":13,"key":"SMITH"},{"floor":15,"key":"REST"},{"floor":23,"key":"REST"},{"floor":28,"key":"REST"}],"neow_cost":"NONE","seed_source_timestamp":188326421749688,"circlet_count":0,"master_deck":["Survivor","Neutralize","Acrobatics+1","Bullet Time","Prepared","Cloak And Dagger","Quick Slash","Noxious Fumes","Calculated Gamble","A Thousand Cuts+1","Acrobatics","Leg Sweep","Bouncing Flask","Bullet Time","Wraith Form v2","All Out Attack","Sucker Punch","Blade Dance","Noxious Fumes","Heel Hook","Infinite Blades","Terror","Doppelganger","Acrobatics+1","Dash","Noxious Fumes","Reflex+1","Bouncing Flask+1","Leg Sweep"],"relics":["Runic Pyramid","Ginger","The Specimen","Bottled Tornado","Pandora\u0027s Box","Oddly Smooth Stone","Prayer Wheel","Bag of Marbles","Pantograph"],"potions_floor_usage":[11,18,24,27,29],"damage_taken":[{"damage":2,"enemies":"Jaw Worm","floor":1,"turns":5},{"damage":0,"enemies":"Cultist","floor":3,"turns":4},{"damage":0,"enemies":"2 Louse","floor":4,"turns":3},{"damage":4,"enemies":"2 Fungi Beasts","floor":5,"turns":4},{"damage":10,"enemies":"Lagavulin","floor":7,"turns":10},{"damage":0,"enemies":"Looter","floor":8,"turns":4},{"damage":8,"enemies":"3 Sentries","floor":10,"turns":6},{"damage":1,"enemies":"Lots of Slimes","floor":11,"turns":3},{"damage":0,"enemies":"Large Slime","floor":12,"turns":5},{"damage":1,"enemies":"2 Fungi Beasts","floor":14,"turns":4},{"damage":26,"enemies":"The Guardian","floor":16,"turns":9},{"damage":30,"enemies":"2 Thieves","floor":18,"turns":4},{"damage":23,"enemies":"Shell Parasite","floor":19,"turns":5},{"damage":6,"enemies":"3 Cultists","floor":21,"turns":4},{"damage":44,"enemies":"Book of Stabbing","floor":24,"turns":6},{"damage":9,"enemies":"Snake Plant","floor":27,"turns":5},{"damage":29,"enemies":"Slavers","floor":29,"turns":1}],"seed_played":"-7733152914598962218","potions_obtained":[{"floor":3,"key":"Dexterity Potion"},{"floor":4,"key":"GhostInAJar"},{"floor":10,"key":"Ancient Potion"},{"floor":14,"key":"Fire Potion"},{"floor":19,"key":"Fire Potion"},{"floor":21,"key":"Ancient Potion"}],"is_trial":false,"path_per_floor":["M","?","M","M","M","R","E","M","T","E","M","M","R","M","R","B",null,"M","M","$","M","?","R","E","?","T","M","R","E"],"character_chosen":"THE_SILENT","items_purchased":["Noxious Fumes","Oddly Smooth Stone"],"campfire_rested":3,"item_purchase_floors":[20,20],"current_hp_per_floor":[68,68,68,68,64,64,54,54,54,46,45,45,45,44,65,39,70,40,17,17,11,34,55,11,11,11,2,23,0],"gold":160,"neow_bonus":"BOSS_RELIC","is_prod":false,"is_daily":false,"chose_seed":false,"campfire_upgraded":2,"win_rate":0,"timestamp":1560998902,"path_taken":["M","?","M","M","M","R","E","?","T","E","M","?","R","?","R","BOSS","M","M","$","M","?","R","E","?","T","M","R","E"],"build_version":"2019-01-23","purchased_purges":0,"victory":false,"max_hp_per_floor":[70,70,70,70,70,70,70,70,70,70,70,70,70,70,70,70,70,70,70,70,70,70,70,70,70,70,70,70,70],"card_choices":[{"not_picked":["Bane","Riddle With Holes"],"picked":"Acrobatics","floor":1},{"not_picked":["Well Laid Plans","Quick Slash"],"picked":"Prepared","floor":3},{"not_picked":["Bane","Expertise"],"picked":"Cloak And Dagger","floor":4},{"not_picked":["Accuracy","Flying Knee"],"picked":"Quick Slash","floor":5},{"not_picked":["Eviscerate","PiercingWail"],"picked":"Noxious Fumes","floor":7},{"not_picked":["Flechettes","PiercingWail"],"picked":"Calculated Gamble","floor":8},{"not_picked":["Leg Sweep","Footwork"],"picked":"A Thousand Cuts","floor":10},{"not_picked":["Distraction","Deflect"],"picked":"Acrobatics","floor":11},{"not_picked":["Backflip","Caltrops"],"picked":"Leg Sweep","floor":12},{"not_picked":["Endless Agony","Backflip"],"picked":"Bouncing Flask","floor":14},{"not_picked":["Phantasmal Killer","Grand Finale"],"picked":"Bullet Time","floor":16},{"not_picked":["Flying Knee","Prepared"],"picked":"Acrobatics+1","floor":18},{"not_picked":["Poisoned Stab","Backflip+1"],"picked":"Dash","floor":19},{"not_picked":["Dagger Spray+1","Heel Hook"],"picked":"Reflex+1","floor":21},{"not_picked":["Predator","Unload"],"picked":"Bouncing Flask+1","floor":24},{"not_picked":["Deflect","Slice"],"picked":"Leg Sweep","floor":27},{"not_picked":["Distraction","Flying Knee+1","Sucker Punch"],"picked":"SKIP","floor":27}],"player_experience":433134,"relics_obtained":[{"floor":7,"key":"Ginger"},{"floor":9,"key":"The Specimen"},{"floor":10,"key":"Bottled Tornado"},{"floor":24,"key":"Prayer Wheel"},{"floor":26,"key":"Pantograph"}],"event_choices":[{"damage_healed":0,"gold_gain":0,"cards_transformed":["Strike_G"],"player_choice":"Transformed","damage_taken":0,"max_hp_gain":0,"max_hp_loss":0,"event_name":"Transmorgrifier","floor":2,"gold_loss":0,"cards_obtained":["Bullet Time"]},{"damage_healed":23,"gold_gain":0,"player_choice":"Heal","damage_taken":0,"max_hp_gain":0,"max_hp_loss":0,"event_name":"The Library","floor":22,"gold_loss":0},{"damage_healed":0,"gold_gain":0,"player_choice":"Obtained Relic","damage_taken":0,"relics_obtained":["Bag of Marbles"],"max_hp_gain":0,"max_hp_loss":0,"event_name":"Addict","floor":25,"gold_loss":85}],"is_beta":false,"boss_relics":[{"not_picked":["Busted Crown","Coffee Dripper"],"picked":"Pandora\u0027s Box"}],"items_purged_floors":[],"is_endless":false,"potions_floor_spawned":[3,4,10,14,16,19,21],"killed_by":"Slavers","ascension_level":4}