{"gold_per_floor":[214,234,234,247,259,288,12,12,39,56,107,136,136,169,169,169],"floor_reached":16,"playtime":1259,"items_purged":["Defend_B"],"score":160,"play_id":"b0bdc8c6-2f3f-4f24-a913-d903d0373e1e","local_time":"20190620000505","is_ascension_mode":true,"campfire_choices":[{"floor":8.0,"key":"REST"},{"floor":15.0,"key":"REST"}],"neow_cost":"NONE","seed_source_timestamp":128727967783700,"circlet_count":0,"master_deck":["Strike_B","Strike_B","Strike_B","Strike_B","Defend_B","Defend_B","Defend_B","Zap","Dualcast","Static Discharge+1","Melter","Rebound","Fission","Leap","Sunder","Redo","Tempest","Beam Cell","Core Surge"],"special_seed":0,"relics":["Cracked Core","PreservedInsect","Membership Card","Strawberry","Omamori","Dream Catcher"],"potions_floor_usage":[],"damage_taken":[{"damage":6.0,"enemies":"Cultist","floor":1.0,"turns":4.0},{"damage":13.0,"enemies":"Jaw Worm","floor":2.0,"turns":4.0},{"damage":9.0,"enemies":"Small Slimes","floor":4.0,"turns":2.0},{"damage":9.0,"enemies":"2 Fungi Beasts","floor":5.0,"turns":4.0},{"damage":31.0,"enemies":"3 Sentries","floor":6.0,"turns":6.0},{"damage":23.0,"enemies":"Lots of Slimes","floor":10.0,"turns":3.0},{"damage":0.0,"enemies":"Gremlin Nob","floor":12.0,"turns":2.0},{"damage":17.0,"enemies":"3 Sentries","floor":14.0,"turns":4.0},{"damage":27,"enemies":"The Guardian","floor":16,"turns":8}],"seed_played":"1788209883178220114","potions_obtained":[{"floor":2.0,"key":"FearPotion"},{"floor":5.0,"key":"SpeedPotion"}],"is_trial":false,"path_per_floor":["M","M","?","M","M","E","$","R","T","M","T","E","?","E","R","B"],"character_chosen":"DEFECT","items_purchased":["Membership Card","Sunder"],"campfire_rested":2,"item_purchase_floors":[7,7],"current_hp_per_floor":[69,56,56,47,38,7,7,29,29,6,13,13,18,1,27,0],"gold":169,"neow_bonus":"HUNDRED_GOLD","is_prod":false,"is_daily":false,"chose_seed":false,"campfire_upgraded":0,"win_rate":0,"timestamp":1561007105,"path_taken":["M","M","?","M","M","E","$","R","T","M","?","E","?","E","R","BOSS"],"build_version":"2019-01-23","purchased_purges":1,"victory":false,"max_hp_per_floor":[75,75,75,75,75,75,75,75,75,75,82,82,87,87,87,87],"card_choices":[{"not_picked":["Beam Cell","Conserve Battery"],"picked":"Static Discharge","floor":1.0},{"not_picked":["FTL","Coolheaded"],"picked":"Melter","floor":2.0},{"not_picked":["Redo","Compile Driver"],"picked":"Rebound","floor":4.0},{"not_picked":["Turbo","Gash"],"picked":"Fission","floor":5.0},{"not_picked":["FTL","Compile Driver"],"picked":"Leap","floor":6.0},{"not_picked":["Rebound","Hologram"],"picked":"Redo","floor":10.0},{"not_picked":["Double Energy","Defragment"],"picked":"Tempest","floor":12.0},{"not_picked":["Hologram","Chaos"],"picked":"Beam Cell","floor":14.0},{"not_picked":["Double Energy","Leap"],"picked":"Core Surge","floor":15.0}],"player_experience":132018,"relics_obtained":[{"floor":6.0,"key":"PreservedInsect"},{"floor":11.0,"key":"Strawberry"},{"floor":12.0,"key":"Omamori"},{"floor":14.0,"key":"Dream Catcher"}],"event_choices":[{"damage_healed":0.0,"max_hp_gain":0.0,"max_hp_loss":0.0,"gold_gain":0.0,"event_name":"Living Wall","player_choice":"Grow","floor":3.0,"gold_loss":0.0,"damage_taken":0.0,"cards_upgraded":["Static Discharge"]},{"damage_healed":0.0,"max_hp_gain":5.0,"max_hp_loss":0.0,"gold_gain":0.0,"event_name":"Big Fish","player_choice":"Donut","floor":13.0,"gold_loss":0.0,"damage_taken":0.0}],"is_beta":false,"boss_relics":[],"items_purged_floors":[7],"is_endless":false,"potions_floor_spawned":[2,5],"killed_by":"The Guardian","ascension_level":2}