{"gold_per_floor":[212,231,1,1,1,1,29,29,29,29,29,40,53,81,81,184,184,200,213,213,231,146,172,172,198,198,209,37,54,86,101,101,205,205,221,269,269,282,294,294,321,321,347,363,10,24,24,44,44,44],"floor_reached":50,"playtime":2832,"items_purged":["Strike_R","Strike_R"],"score":892,"play_id":"0cb45f6d-2e10-4b0c-8a47-571a3a6c8b0f","local_time":"20190621142447","is_ascension_mode":true,"campfire_choices":[{"data":"Bash","floor":6.0,"key":"SMITH"},{"data":"Inflame","floor":8.0,"key":"SMITH"},{"floor":10.0,"key":"REST"},{"data":"Immolate","floor":15.0,"key":"SMITH"},{"floor":24.0,"key":"REST"},{"floor":32.0,"key":"REST"},{"floor":40.0,"key":"REST"},{"floor":42.0,"key":"REST"},{"floor":47.0,"key":"REST"},{"floor":49.0,"key":"REST"}],"neow_cost":"NONE","seed_source_timestamp":0,"circlet_count":0,"master_deck":["AscendersBane","Strike_R","Strike_R","Defend_R","Defend_R","Defend_R","Defend_R","Bash+1","Armaments+1","Pommel Strike+1","Inflame+1","Shockwave","Headbutt","Immolate+1","Impervious","Metallicize","True Grit","Disarm","Inflame","True Grit","Battle Trance","Offering","Intimidate","Exhume","Feed","Rupture","Body Slam+1","Injury","Spot Weakness","Offering","Battle Trance","Metallicize+1","Shockwave"],"special_seed":0,"relics":["Burning Blood","Anchor","Ornamental Fan","Bottled Flame","FossilizedHelix","Fusion Hammer","The Courier","Darkstone Periapt","Magic Flower","Blood Vial","Mango","Cursed Key","Calipers","PreservedInsect","Lantern","DollysMirror"],"potions_floor_usage":[50],"damage_taken":[{"damage":18.0,"enemies":"Jaw Worm","floor":1.0,"turns":4.0},{"damage":0.0,"enemies":"2 Louse","floor":2.0,"turns":3.0},{"damage":46.0,"enemies":"Lagavulin","floor":7.0,"turns":8.0},{"damage":1.0,"enemies":"Cultist","floor":12.0,"turns":3.0},{"damage":4.0,"enemies":"Blue Slaver","floor":13.0,"turns":5.0},{"damage":16.0,"enemies":"Gremlin Nob","floor":14.0,"turns":3.0},{"damage":9.0,"enemies":"Slime Boss","floor":16.0,"turns":6.0},{"damage":11.0,"enemies":"2 Thieves","floor":18.0,"turns":3.0},{"damage":0.0,"enemies":"3 Byrds","floor":19.0,"turns":4.0},{"damage":9.0,"enemies":"Colosseum Slavers","floor":20.0,"turns":6.0},{"damage":0.0,"enemies":"Cultist and Chosen","floor":21.0,"turns":4.0},{"damage":31.0,"enemies":"Slavers","floor":23.0,"turns":5.0},{"damage":12.0,"enemies":"Gremlin Leader","floor":25.0,"turns":8.0},{"damage":2.0,"enemies":"Shelled Parasite and Fungi","floor":27.0,"turns":5.0},{"damage":18.0,"enemies":"Snake Plant","floor":29.0,"turns":5.0},{"damage":26.0,"enemies":"Slavers","floor":30.0,"turns":4.0},{"damage":5.0,"enemies":"3 Cultists","floor":31.0,"turns":3.0},{"damage":38.0,"enemies":"Automaton","floor":33.0,"turns":11.0},{"damage":12.0,"enemies":"Orb Walker","floor":35.0,"turns":4.0},{"damage":35.0,"enemies":"2 Orb Walkers","floor":36.0,"turns":4.0},{"damage":0.0,"enemies":"3 Shapes","floor":38.0,"turns":6.0},{"damage":0.0,"enemies":"Jaw Worm Horde","floor":39.0,"turns":4.0},{"damage":76.0,"enemies":"Giant Head","floor":41.0,"turns":10.0},{"damage":49.0,"enemies":"Transient","floor":44.0,"turns":5.0},{"damage":25.0,"enemies":"Spire Growth","floor":46.0,"turns":5.0},{"damage":12.0,"enemies":"Maw","floor":48.0,"turns":8.0},{"damage":86,"enemies":"Awakened One","floor":50,"turns":10}],"seed_played":"-7823021963449213703","potions_obtained":[{"floor":1.0,"key":"PowerPotion"},{"floor":7.0,"key":"Poison Potion"},{"floor":14.0,"key":"Energy Potion"},{"floor":16.0,"key":"PowerPotion"},{"floor":21.0,"key":"Weak Potion"},{"floor":23.0,"key":"Strength Potion"},{"floor":27.0,"key":"Regen Potion"},{"floor":38.0,"key":"Ancient Potion"},{"floor":46.0,"key":"Poison Potion"}],"is_trial":false,"path_per_floor":["M","M","$","?","?","R","E","R","T","R","?","M","M","E","R","B",null,"M","M","?","M","?","E","R","E","T","M","$","M","E","M","R","B",null,"M","?","?","M","M","R","E","R","T","M","$","M","R","M","R","B"],"character_chosen":"IRONCLAD","items_purchased":["Anchor","Battle Trance","Offering","Offering","DollysMirror"],"campfire_rested":7,"item_purchase_floors":[3,28,28,45,45],"current_hp_per_floor":[60,66,66,66,66,66,26,26,26,50,50,55,57,47,47,44,71,66,72,69,75,75,50,74,68,68,78,78,71,88,94,94,65,87,87,69,69,81,98,100,33,63,69,32,32,19,50,50,81,0],"gold":44,"neow_bonus":"HUNDRED_GOLD","is_prod":false,"is_daily":false,"chose_seed":false,"campfire_upgraded":3,"win_rate":0,"timestamp":1561145087,"path_taken":["M","M","$","?","?","R","E","R","T","R","?","M","M","E","R","BOSS","M","M","?","M","?","E","R","E","T","M","$","M","E","M","R","BOSS","M","?","?","M","M","R","E","R","T","M","$","M","R","M","R","BOSS"],"build_version":"2019-01-23","purchased_purges":2,"victory":false,"max_hp_per_floor":[80,80,80,80,80,80,80,80,80,80,80,80,80,80,80,80,80,80,80,80,80,80,80,80,80,80,80,80,80,94,94,94,94,94,94,97,97,97,100,100,100,100,106,106,106,106,106,106,106,106],"card_choices":[{"not_picked":["Intimidate","Heavy Blade"],"picked":"Armaments","floor":1.0},{"not_picked":["Shrug It Off","Corruption"],"picked":"Pommel Strike","floor":2.0},{"not_picked":["Cleave","Dual Wield"],"picked":"Inflame","floor":7.0},{"not_picked":["Shrug It Off","Rupture"],"picked":"Shockwave","floor":12.0},{"not_picked":["Perfected Strike","Sword Boomerang"],"picked":"Headbutt","floor":13.0},{"not_picked":["Rampage","Exhume"],"picked":"Immolate","floor":14.0},{"not_picked":["Double Tap","Bludgeon"],"picked":"Impervious","floor":16.0},{"not_picked":["Twin Strike","Anger","Power Through"],"picked":"SKIP","floor":18.0},{"not_picked":["Infernal Blade","Iron Wave"],"picked":"Metallicize","floor":19.0},{"not_picked":["Iron Wave","Havoc"],"picked":"True Grit","floor":21.0},{"not_picked":["Second Wind","Pummel"],"picked":"Disarm","floor":23.0},{"not_picked":["Rupture","Hemokinesis+1"],"picked":"Inflame","floor":25.0},{"not_picked":["Headbutt","Intimidate"],"picked":"True Grit","floor":27.0},{"not_picked":["Anger+1","Blood for Blood","Sever Soul"],"picked":"SKIP","floor":29.0},{"not_picked":["Headbutt","Perfected Strike"],"picked":"Intimidate","floor":30.0},{"not_picked":["Ghostly Armor","Flex"],"picked":"Exhume","floor":31.0},{"not_picked":["Berserk","Barricade"],"picked":"Feed","floor":33.0},{"not_picked":["Thunderclap","Bloodletting+1","Twin Strike"],"picked":"SKIP","floor":35.0},{"not_picked":["Armaments","Cleave+1","Perfected Strike"],"picked":"SKIP","floor":38.0},{"not_picked":["Cleave","Bludgeon","Flex"],"picked":"SKIP","floor":39.0},{"not_picked":["Iron Wave","Twin Strike"],"picked":"Body Slam+1","floor":41.0},{"not_picked":["Rage","Heavy Blade"],"picked":"Spot Weakness","floor":44.0},{"not_picked":["Shrug It Off+1","Flex"],"picked":"Metallicize+1","floor":46.0},{"not_picked":["Clash+1","Headbutt"],"picked":"Shockwave","floor":48.0}],"player_experience":103967,"relics_obtained":[{"floor":7.0,"key":"Ornamental Fan"},{"floor":9.0,"key":"Bottled Flame"},{"floor":14.0,"key":"FossilizedHelix"},{"floor":23.0,"key":"Darkstone Periapt"},{"floor":25.0,"key":"Magic Flower"},{"floor":26.0,"key":"Blood Vial"},{"floor":30.0,"key":"Mango"},{"floor":36.0,"key":"Calipers"},{"floor":41.0,"key":"PreservedInsect"},{"floor":43.0,"key":"Lantern"}],"event_choices":[{"damage_healed":0.0,"max_hp_gain":0.0,"max_hp_loss":0.0,"gold_gain":0.0,"event_name":"The Cleric","player_choice":"Leave","floor":4.0,"gold_loss":0.0,"damage_taken":0.0},{"damage_healed":0.0,"max_hp_gain":0.0,"max_hp_loss":0.0,"gold_gain":0.0,"event_name":"Living Wall","player_choice":"Grow","floor":5.0,"gold_loss":0.0,"damage_taken":0.0,"cards_upgraded":["Armaments"]},{"damage_healed":0.0,"max_hp_gain":0.0,"max_hp_loss":0.0,"gold_gain":0.0,"event_name":"Upgrade Shrine","player_choice":"Upgraded","floor":11.0,"gold_loss":0.0,"damage_taken":0.0,"cards_upgraded":["Pommel Strike"]},{"damage_healed":0.0,"max_hp_gain":0.0,"max_hp_loss":0.0,"gold_gain":0.0,"event_name":"Colosseum","player_choice":"Fight","floor":20.0,"gold_loss":0.0,"damage_taken":0.0},{"damage_healed":0.0,"max_hp_gain":0.0,"max_hp_loss":0.0,"gold_gain":0.0,"event_name":"Colosseum","player_choice":"Fled From Nobs","floor":20.0,"gold_loss":0.0,"damage_taken":0.0},{"damage_healed":0.0,"max_hp_gain":0.0,"max_hp_loss":0.0,"gold_gain":0.0,"event_name":"Addict","player_choice":"Obtained Relic","floor":22.0,"gold_loss":85.0,"damage_taken":0.0,"relics_obtained":["The Courier"]},{"damage_healed":0.0,"max_hp_gain":0.0,"max_hp_loss":0.0,"gold_gain":0.0,"event_name":"Mysterious Sphere","player_choice":"Fight","floor":36.0,"gold_loss":0.0,"damage_taken":0.0},{"damage_healed":0.0,"max_hp_gain":0.0,"max_hp_loss":0.0,"gold_gain":0.0,"cards_transformed":["Strike_R"],"event_name":"Transmorgrifier","player_choice":"Transformed","floor":37.0,"gold_loss":0.0,"damage_taken":0.0,"cards_obtained":["Rupture"]}],"is_beta":false,"boss_relics":[{"not_picked":["Busted Crown","Sozu"],"picked":"Fusion Hammer"},{"not_picked":["Runic Dome","Black Blood"],"picked":"Cursed Key"}],"items_purged_floors":[3,45],"is_endless":false,"potions_floor_spawned":[1,7,14,16,20,21,23,27,29,38,46],"killed_by":"Awakened One","ascension_level":12}