{"gold_per_floor":[119,136,154,165,185,220,250,250],"floor_reached":8,"playtime":359,"items_purged":[],"score":87,"play_id":"bbe5c4aa-ea3f-435e-b593-145c646214e2","local_time":"20190617204521","is_ascension_mode":true,"campfire_choices":[],"neow_cost":"NONE","seed_source_timestamp":191506489936787,"circlet_count":0,"master_deck":["Strike_R","Strike_R","Strike_R","Strike_R","Strike_R","Defend_R+1","Defend_R","Defend_R+1","Defend_R","Bash","Cleave","Inflame","Twin Strike","Dual Wield","Rampage","Heavy Blade","Havoc"],"relics":["Burning Blood","NeowsBlessing","War Paint","Odd Mushroom"],"potions_floor_usage":[3,7,8],"damage_taken":[{"damage":0,"enemies":"Small Slimes","floor":1,"turns":1},{"damage":0,"enemies":"Jaw Worm","floor":2,"turns":1},{"damage":0,"enemies":"2 Louse","floor":3,"turns":1},{"damage":6,"enemies":"2 Fungi Beasts","floor":4,"turns":4},{"damage":12,"enemies":"Red Slaver","floor":5,"turns":5},{"damage":45,"enemies":"3 Sentries","floor":6,"turns":7},{"damage":20,"enemies":"The Mushroom Lair","floor":7,"turns":4},{"damage":37,"enemies":"Lagavulin","floor":8,"turns":7}],"seed_played":"-6730227861179825088","potions_obtained":[{"floor":2,"key":"Fruit Juice"},{"floor":5,"key":"Poison Potion"},{"floor":7,"key":"BloodPotion"}],"is_trial":false,"path_per_floor":["M","M","M","M","M","E","?","E"],"character_chosen":"IRONCLAD","items_purchased":[],"campfire_rested":0,"item_purchase_floors":[],"current_hp_per_floor":[78,80,85,85,79,40,26,0],"gold":250,"neow_bonus":"THREE_ENEMY_KILL","is_prod":false,"is_daily":false,"chose_seed":false,"campfire_upgraded":0,"win_rate":0,"timestamp":1560818721,"path_taken":["M","M","M","M","M","E","?","E"],"build_version":"2019-01-23","purchased_purges":0,"victory":false,"max_hp_per_floor":[80,80,85,85,85,85,85,85],"card_choices":[{"not_picked":["Warcry","Thunderclap"],"picked":"Cleave","floor":1},{"not_picked":["Whirlwind","Sword Boomerang"],"picked":"Inflame","floor":2},{"not_picked":["Havoc","True Grit"],"picked":"Twin Strike","floor":3},{"not_picked":["Fire Breathing","Pommel Strike"],"picked":"Dual Wield","floor":4},{"not_picked":["Feel No Pain","Cleave"],"picked":"Rampage","floor":5},{"not_picked":["Clothesline","Fiend Fire"],"picked":"Heavy Blade","floor":6},{"not_picked":["Iron Wave","Clash"],"picked":"Havoc","floor":7}],"player_experience":276825,"relics_obtained":[{"floor":6,"key":"War Paint"},{"floor":7,"key":"Odd Mushroom"}],"event_choices":[{"damage_healed":0,"gold_gain":0,"player_choice":"Fought Mushrooms","damage_taken":0,"max_hp_gain":0,"max_hp_loss":0,"event_name":"Mushrooms","floor":7,"gold_loss":0}],"is_beta":false,"boss_relics":[],"items_purged_floors":[],"is_endless":false,"potions_floor_spawned":[2,5,7],"killed_by":"Lagavulin","ascension_level":9}