{"gold_per_floor":[117,131,150,150,170,170,189,223,303,303,303,330,330,343,343,444,444,444,455,299,312,40,40,67,67,67,86,86,11,11,31,31,132,132,149,149,168,184,203,203,213,213,213,223,223,242,259,67,67,67],"floor_reached":51,"playtime":1509,"items_purged":["Strike_B"],"score":683,"play_id":"484181b9-c5c3-44d5-ac9e-e0be89c45eda","local_time":"20190527205852","is_ascension_mode":false,"campfire_choices":[{"data":"Dualcast","floor":6.0,"key":"SMITH"},{"data":"Zap","floor":10.0,"key":"SMITH"},{"data":"Ball Lightning","floor":15.0,"key":"SMITH"},{"data":"Defragment","floor":23.0,"key":"SMITH"},{"data":"Defragment","floor":25.0,"key":"SMITH"},{"data":"Capacitor","floor":28.0,"key":"SMITH"},{"data":"Go for the Eyes","floor":32.0,"key":"SMITH"},{"data":"Electrodynamics","floor":40.0,"key":"SMITH"},{"data":"Echo Form","floor":42.0,"key":"SMITH"},{"data":"Defend_B","floor":45,"key":"SMITH"},{"floor":49,"key":"REST"}],"neow_cost":"NONE","seed_source_timestamp":3193081606730389,"circlet_count":0,"master_deck":["Strike_B","Strike_B","Strike_B","Defend_B+1","Defend_B","Defend_B","Defend_B","Zap+1","Dualcast+1","Ball Lightning+1","Go for the Eyes+1","Glacier","Conserve Battery","Core Surge","BootSequence","Defragment+1","Defragment+1","Seek","Capacitor+1","Electrodynamics+1","Ball Lightning+1","Capacitor+1","Echo Form+1","Coolheaded+1","Apotheosis"],"special_seed":0,"relics":["Cracked Core","Regal Pillow","Incense Burner","Cables","Mango","Cursed Key","DataDisk","DollysMirror","Vajra","White Beast Statue"],"potions_floor_usage":[50,50],"damage_taken":[{"damage":3.0,"enemies":"Small Slimes","floor":1.0,"turns":3.0},{"damage":1.0,"enemies":"Cultist","floor":2.0,"turns":3.0},{"damage":1.0,"enemies":"Jaw Worm","floor":3.0,"turns":3.0},{"damage":4.0,"enemies":"Red Slaver","floor":5.0,"turns":3.0},{"damage":2.0,"enemies":"Exordium Thugs","floor":7.0,"turns":5.0},{"damage":15.0,"enemies":"Gremlin Nob","floor":8.0,"turns":4.0},{"damage":5.0,"enemies":"Lagavulin","floor":12.0,"turns":5.0},{"damage":0.0,"enemies":"3 Louse","floor":14.0,"turns":3.0},{"damage":30.0,"enemies":"Hexaghost","floor":16.0,"turns":10.0},{"damage":0.0,"enemies":"2 Thieves","floor":18.0,"turns":1.0},{"damage":0.0,"enemies":"Spheric Guardian","floor":19.0,"turns":3.0},{"damage":0.0,"enemies":"Centurion and Healer","floor":21.0,"turns":6.0},{"damage":12.0,"enemies":"Gremlin Leader","floor":24.0,"turns":7.0},{"damage":1.0,"enemies":"Snecko","floor":27.0,"turns":8.0},{"damage":15.0,"enemies":"Snake Plant","floor":31.0,"turns":3.0},{"damage":17.0,"enemies":"Automaton","floor":33.0,"turns":14.0},{"damage":7.0,"enemies":"3 Darklings","floor":35.0,"turns":2.0},{"damage":0.0,"enemies":"3 Shapes","floor":37.0,"turns":2.0},{"damage":0.0,"enemies":"Writhing Mass","floor":38.0,"turns":6.0},{"damage":1.0,"enemies":"Jaw Worm Horde","floor":39.0,"turns":3.0},{"damage":0.0,"enemies":"Spire Growth","floor":41.0,"turns":3.0},{"damage":14,"enemies":"Writhing Mass","floor":44,"turns":5},{"damage":0,"enemies":"Sphere and 2 Shapes","floor":46,"turns":6},{"damage":0,"enemies":"Transient","floor":47,"turns":5},{"damage":40,"enemies":"Donu and Deca","floor":50,"turns":8}],"seed_played":"4486992813988630001","potions_obtained":[{"floor":1.0,"key":"FocusPotion"},{"floor":3.0,"key":"Energy Potion"},{"floor":14.0,"key":"SmokeBomb"},{"floor":21.0,"key":"Weak Potion"},{"floor":35.0,"key":"AttackPotion"}],"is_trial":false,"path_per_floor":["M","M","M","?","M","R","M","E","T","R","$","E","$","M","R","B",null,"M","M","$","M","$","R","E","R","T","M","R","$","$","M","R","B",null,"M","?","M","M","M","R","M","R","T","M","R","M","M","$","R","B",null],"character_chosen":"DEFECT","items_purchased":["DataDisk","Defragment","DollysMirror","Apotheosis"],"campfire_rested":1,"item_purchase_floors":[20,22,22,48],"current_hp_per_floor":[72,71,70,70,66,66,64,49,49,49,49,58,58,58,58,28,89,89,89,89,89,89,89,77,77,77,76,76,76,76,61,61,44,89,82,82,82,82,81,81,81,81,81,67,67,67,67,67,89,49],"gold":67,"neow_bonus":"RANDOM_COMMON_RELIC","is_prod":false,"is_daily":false,"chose_seed":false,"campfire_upgraded":10,"win_rate":0,"timestamp":1558987132,"path_taken":["M","M","M","?","M","R","M","E","T","R","$","E","$","M","R","BOSS","M","M","$","M","$","R","E","R","T","M","R","$","?","M","R","BOSS","M","?","M","M","M","R","M","R","T","?","R","M","M","$","R","BOSS"],"build_version":"2019-01-23","purchased_purges":1,"victory":true,"max_hp_per_floor":[75,75,75,75,75,75,75,75,75,75,75,89,89,89,89,89,89,89,89,89,89,89,89,89,89,89,89,89,89,89,89,89,89,89,89,89,89,89,89,89,89,89,89,89,89,89,89,89,89,89],"card_choices":[{"not_picked":["Gash","Steam Power","Steam"],"picked":"SKIP","floor":1.0},{"not_picked":["Blizzard","Recycle"],"picked":"Ball Lightning","floor":2.0},{"not_picked":["Leap","Steam Power"],"picked":"Go for the Eyes","floor":3.0},{"not_picked":["Leap","Cold Snap","Fusion"],"picked":"SKIP","floor":5.0},{"not_picked":["Force Field","Thunder Strike","Rebound"],"picked":"SKIP","floor":7.0},{"not_picked":["Force Field","Hello World","Storm"],"picked":"SKIP","floor":8.0},{"not_picked":["Steam","Coolheaded"],"picked":"Conserve Battery","floor":12.0},{"not_picked":["Rip and Tear","Recycle","White Noise"],"picked":"SKIP","floor":14.0},{"not_picked":["Meteor Strike","Hyperbeam"],"picked":"Core Surge","floor":16.0},{"not_picked":["Cold Snap","Leap","Sweeping Beam+1"],"picked":"SKIP","floor":19.0},{"not_picked":["Hologram","Streamline"],"picked":"BootSequence","floor":21.0},{"not_picked":["Tempest","Stack"],"picked":"Seek","floor":24.0},{"not_picked":["Steam Power+1","Compile Driver"],"picked":"Capacitor","floor":27.0},{"not_picked":["Skim","Blizzard","Steam Power"],"picked":"SKIP","floor":31.0},{"not_picked":["Creative AI","Thunder Strike"],"picked":"Electrodynamics","floor":33.0},{"not_picked":["Gash+1","Compile Driver+1"],"picked":"Ball Lightning+1","floor":35.0},{"not_picked":["Sunder","Force Field+1","Blizzard"],"picked":"SKIP","floor":37.0},{"not_picked":["Compile Driver","Heatsinks","Ball Lightning+1"],"picked":"SKIP","floor":38.0},{"not_picked":["Loop+1","Sweeping Beam","Doom and Gloom+1"],"picked":"SKIP","floor":39.0},{"not_picked":["Leap+1","Compile Driver+1"],"picked":"Echo Form","floor":41.0},{"not_picked":["Reprogram+1","Darkness"],"picked":"Coolheaded+1","floor":44},{"not_picked":["Static Discharge","Skim","Rip and Tear"],"picked":"SKIP","floor":46},{"not_picked":["Sweeping Beam+1","Heatsinks","Double Energy"],"picked":"SKIP","floor":47}],"player_experience":1263181,"relics_obtained":[{"floor":8.0,"key":"Incense Burner"},{"floor":9.0,"key":"Cables"},{"floor":12.0,"key":"Mango"},{"floor":24.0,"key":"Vajra"}],"event_choices":[{"damage_healed":0.0,"max_hp_gain":0.0,"max_hp_loss":0.0,"gold_gain":0.0,"event_name":"Match and Keep!","player_choice":"1 cards matched","floor":4.0,"gold_loss":0.0,"damage_taken":0.0,"cards_obtained":["Glacier"]},{"damage_healed":0.0,"max_hp_gain":0.0,"max_hp_loss":0.0,"gold_gain":0.0,"event_name":"Duplicator","player_choice":"Copied","floor":36.0,"gold_loss":0.0,"damage_taken":0.0,"cards_obtained":["Capacitor"]}],"is_beta":false,"boss_relics":[{"not_picked":["Coffee Dripper","Orrery"],"picked":"Cursed Key"},{"not_picked":["Sozu","Busted Crown"],"picked":"White Beast Statue"}],"items_purged_floors":[29],"is_endless":false,"potions_floor_spawned":[1,3,14,16,21,24,35,37,38,39,41,44,46,47],"ascension_level":0}