{"gold_per_floor":[113,113,113,124,124,124,153,165,200,225,237,249,261,298,310,421,433,458,470,482,504,253,287,287,297,297,297,297,297,297],"floor_reached":30,"playtime":775,"items_purged":[],"score":302,"play_id":"7e11624e-4b15-4c00-88d2-98f05fdfe54e","local_time":"20190305225127","is_ascension_mode":false,"campfire_choices":[{"data":"Zap","floor":6.0,"key":"SMITH"},{"data":"Dualcast","floor":8.0,"key":"SMITH"},{"data":"Core Surge","floor":12.0,"key":"SMITH"},{"data":"Glacier","floor":15.0,"key":"SMITH"},{"data":"Buffer","floor":27,"key":"SMITH"},{"floor":29,"key":"REST"}],"neow_cost":"NONE","seed_source_timestamp":1853708093939956,"circlet_count":0,"master_deck":["Strike_B","Strike_B","Strike_B","Strike_B","Defend_B","Defend_B","Defend_B","Defend_B","Zap+1","Dualcast+1","Ball Lightning+1","Core Surge+1","Conserve Battery","Glacier+1","Buffer+1","Undo","Electrodynamics","FTL","Creative AI","Chill","Pain"],"special_seed":0,"relics":["Cracked Core","MawBank","PreservedInsect","Meat on the Bone","Cursed Key","Strawberry","Runic Capacitor","Mango"],"potions_floor_usage":[25],"damage_taken":[{"damage":2.0,"enemies":"Small Slimes","floor":1.0,"turns":4.0},{"damage":0.0,"enemies":"2 Louse","floor":4.0,"turns":2.0},{"damage":16.0,"enemies":"Lagavulin","floor":7.0,"turns":5.0},{"damage":0.0,"enemies":"Jaw Worm","floor":10.0,"turns":2.0},{"damage":8.0,"enemies":"Gremlin Nob","floor":14.0,"turns":3.0},{"damage":56.0,"enemies":"Hexaghost","floor":16.0,"turns":12.0},{"damage":0.0,"enemies":"Spheric Guardian","floor":18.0,"turns":4.0},{"damage":0.0,"enemies":"Shell Parasite","floor":21.0,"turns":6.0},{"damage":28.0,"enemies":"Book of Stabbing","floor":23.0,"turns":6.0},{"damage":27,"enemies":"3 Cultists","floor":25,"turns":5},{"damage":41,"enemies":"Colosseum Slavers","floor":28,"turns":6},{"damage":1,"enemies":"Snecko","floor":30,"turns":4}],"seed_played":"-3382542627747737592","potions_obtained":[{"floor":16.0,"key":"Ancient Potion"},{"floor":23,"key":"Regen Potion"}],"is_trial":false,"path_per_floor":["M","?","$","M","?","R","E","R","T","M","$","R","$","E","R","B",null,"M","?","?","M","$","E","?","M","T","R","?","R","M"],"character_chosen":"DEFECT","items_purchased":["Undo","Runic Capacitor"],"campfire_rested":1,"item_purchase_floors":[22,22],"current_hp_per_floor":[80,85,85,85,85,85,69,69,69,69,69,69,69,61,61,17,87,87,87,94,94,94,66,66,53,67,67,38,70,69],"gold":297,"neow_bonus":"TEN_PERCENT_HP_BONUS","is_prod":false,"is_daily":false,"chose_seed":false,"campfire_upgraded":5,"win_rate":0,"timestamp":1551826287,"path_taken":["M","?","$","M","?","R","E","R","T","M","$","R","$","E","R","BOSS","M","?","?","M","$","E","?","?","T","R","?","R","M"],"build_version":"2019-01-23","purchased_purges":0,"victory":false,"max_hp_per_floor":[82,87,87,87,87,87,87,87,87,87,87,87,87,87,87,87,87,87,87,94,94,94,94,94,94,108,108,108,108,108],"card_choices":[{"not_picked":["Coolheaded","Redo","Compile Driver"],"picked":"SKIP","floor":1.0},{"not_picked":["Tempest","Consume"],"picked":"Ball Lightning","floor":4.0},{"not_picked":["Leap","Turbo"],"picked":"Core Surge","floor":7.0},{"not_picked":["Go for the Eyes","Hologram"],"picked":"Conserve Battery","floor":10.0},{"not_picked":["Conserve Battery","Turbo"],"picked":"Glacier","floor":14.0},{"not_picked":["Biased Cognition","All For One"],"picked":"Buffer","floor":16.0},{"not_picked":["Hologram","Barrage","Genetic Algorithm+1"],"picked":"SKIP","floor":18.0},{"not_picked":["Cold Snap","Storm+1","Sweeping Beam"],"picked":"SKIP","floor":21.0},{"not_picked":["White Noise","Go for the Eyes+1"],"picked":"Electrodynamics","floor":23},{"not_picked":["Sweeping Beam","Hologram+1"],"picked":"Chill","floor":25}],"player_experience":1085347,"relics_obtained":[{"floor":7.0,"key":"MawBank"},{"floor":9.0,"key":"PreservedInsect"},{"floor":14.0,"key":"Meat on the Bone"},{"floor":26,"key":"Mango"}],"event_choices":[{"damage_healed":0.0,"max_hp_gain":5.0,"max_hp_loss":0.0,"gold_gain":0.0,"event_name":"Big Fish","player_choice":"Donut","floor":2.0,"gold_loss":0.0,"damage_taken":0.0},{"damage_healed":0.0,"max_hp_gain":0.0,"max_hp_loss":0.0,"gold_gain":0.0,"event_name":"Living Wall","player_choice":"Grow","floor":5.0,"gold_loss":0.0,"damage_taken":0.0,"cards_upgraded":["Ball Lightning"]},{"damage_healed":0.0,"max_hp_gain":0.0,"max_hp_loss":0.0,"gold_gain":0.0,"event_name":"Cursed Tome","player_choice":"Ignored","floor":19.0,"gold_loss":0.0,"damage_taken":0.0},{"damage_healed":0.0,"max_hp_gain":0.0,"max_hp_loss":0.0,"gold_gain":0.0,"event_name":"The Mausoleum","player_choice":"Opened","floor":20.0,"gold_loss":0.0,"damage_taken":0.0,"relics_obtained":["Strawberry"]},{"damage_healed":0,"gold_gain":0,"player_choice":"2 cards matched","damage_taken":0,"max_hp_gain":0,"max_hp_loss":0,"event_name":"Match and Keep!","floor":24,"gold_loss":0,"cards_obtained":["FTL","Creative AI"]},{"damage_healed":0,"gold_gain":0,"player_choice":"Fight","damage_taken":0,"max_hp_gain":0,"max_hp_loss":0,"event_name":"Colosseum","floor":28,"gold_loss":0},{"damage_healed":0,"gold_gain":0,"player_choice":"Fled From Nobs","damage_taken":0,"max_hp_gain":0,"max_hp_loss":0,"event_name":"Colosseum","floor":28,"gold_loss":0}],"is_beta":false,"boss_relics":[{"not_picked":["Empty Cage","Tiny House"],"picked":"Cursed Key"}],"items_purged_floors":[],"is_endless":false,"potions_floor_spawned":[16,23],"killed_by":"Snecko","ascension_level":0}