{"gold_per_floor":[110,127,142,158,169,169,199,199,252,262,262,297,315,325,325,425,425,441,457,457,471,481,481,495,529,529,57,73,93,93,103,103,200,200,213,226,12,12,27,53,73,106,106,106,0,0,0,0,0,0,0,0,0,27,27],"floor_reached":55,"playtime":5716,"items_purged":["Strike_G"],"score":930,"play_id":"34bf2a08-495e-4ba5-817f-0c11cf3e013d","local_time":"20190613210723","is_ascension_mode":true,"campfire_choices":[{"data":"Dash","floor":6.0,"key":"SMITH"},{"data":"Blade Dance","floor":8.0,"key":"SMITH"},{"data":"Blur","floor":15.0,"key":"SMITH"},{"data":"Wraith Form v2","floor":23.0,"key":"SMITH"},{"floor":30.0,"key":"REST"},{"floor":32.0,"key":"REST"},{"floor":44.0,"key":"RECALL"},{"data":"Dash","floor":47.0,"key":"SMITH"},{"data":"Chrysalis","floor":49.0,"key":"SMITH"},{"data":"Accuracy","floor":52.0,"key":"SMITH"}],"neow_cost":"NONE","seed_source_timestamp":0,"circlet_count":0,"master_deck":["Defend_G","Defend_G","Defend_G","Defend_G","Defend_G","Strike_G","Strike_G","Strike_G","Strike_G","Survivor","Neutralize","Blur","Quick Slash","Dash+1","PiercingWail","Blade Dance+1","Dagger Spray","Outmaneuver","Blur+1","Deflect","Unload","Wraith Form v2+1","Predator","Backstab+1","Backstab+1","Poisoned Stab","Riddle With Holes","Backstab","PiercingWail","Dodge and Roll","Sucker Punch+1","Prepared+1","Cloak And Dagger","Corpse Explosion","Deflect","Accuracy+1","Bullet Time","Accuracy+1","Cloak And Dagger+1","Crippling Poison","Blade Dance+1","Dash+1","Chrysalis+1","Malaise"],"special_seed":0,"relics":["Ring of the Snake","Art of War","Dodecahedron","Strawberry","Pantograph","Boot","Runic Pyramid","FossilizedHelix","Ninja Scroll","Lantern","Oddly Smooth Stone","Eternal Feather","Omamori","Smiling Mask","Red Mask","Pear"],"potions_floor_usage":[55,55],"damage_taken":[{"damage":2.0,"enemies":"Cultist","floor":1.0,"turns":5.0},{"damage":7.0,"enemies":"Small Slimes","floor":2.0,"turns":6.0},{"damage":1.0,"enemies":"2 Louse","floor":3.0,"turns":2.0},{"damage":3.0,"enemies":"Exordium Wildlife","floor":4.0,"turns":5.0},{"damage":2.0,"enemies":"Gremlin Gang","floor":5.0,"turns":5.0},{"damage":34.0,"enemies":"Lagavulin","floor":7.0,"turns":10.0},{"damage":0.0,"enemies":"2 Fungi Beasts","floor":10.0,"turns":3.0},{"damage":12.0,"enemies":"3 Sentries","floor":12.0,"turns":9.0},{"damage":0.0,"enemies":"Blue Slaver","floor":13.0,"turns":2.0},{"damage":0.0,"enemies":"3 Louse","floor":14.0,"turns":2.0},{"damage":20.0,"enemies":"The Guardian","floor":16.0,"turns":20.0},{"damage":0.0,"enemies":"Chosen","floor":18.0,"turns":6.0},{"damage":6.0,"enemies":"Shell Parasite","floor":19.0,"turns":5.0},{"damage":16.0,"enemies":"Centurion and Healer","floor":21.0,"turns":6.0},{"damage":10.0,"enemies":"Snake Plant","floor":22.0,"turns":5.0},{"damage":6.0,"enemies":"Cultist and Chosen","floor":24.0,"turns":7.0},{"damage":17.0,"enemies":"Slavers","floor":25.0,"turns":5.0},{"damage":0.0,"enemies":"Chosen and Byrds","floor":28.0,"turns":3.0},{"damage":0.0,"enemies":"Snake Plant","floor":29.0,"turns":4.0},{"damage":0.0,"enemies":"Centurion and Healer","floor":31.0,"turns":3.0},{"damage":67.0,"enemies":"Collector","floor":33.0,"turns":14.0},{"damage":13.0,"enemies":"3 Darklings","floor":35.0,"turns":4.0},{"damage":0.0,"enemies":"Orb Walker","floor":36.0,"turns":2.0},{"damage":0.0,"enemies":"Maw","floor":39.0,"turns":9.0},{"damage":0.0,"enemies":"Nemesis","floor":40.0,"turns":5.0},{"damage":26.0,"enemies":"Jaw Worm Horde","floor":41.0,"turns":4.0},{"damage":17.0,"enemies":"Reptomancer","floor":42.0,"turns":11.0},{"damage":38.0,"enemies":"Donu and Deca","floor":50.0,"turns":9.0},{"damage":59.0,"enemies":"Shield and Spear","floor":54.0,"turns":9.0},{"damage":77,"enemies":"The Heart","floor":55,"turns":12}],"seed_played":"4441827818964557746","potions_obtained":[{"floor":1.0,"key":"SpeedPotion"},{"floor":3.0,"key":"Strength Potion"},{"floor":5.0,"key":"Weak Potion"},{"floor":10.0,"key":"Energy Potion"},{"floor":13.0,"key":"GamblersBrew"},{"floor":14.0,"key":"Energy Potion"},{"floor":24.0,"key":"Strength Potion"},{"floor":25.0,"key":"SpeedPotion"},{"floor":28.0,"key":"Ancient Potion"},{"floor":31.0,"key":"Energy Potion"},{"floor":33.0,"key":"EssenceOfSteel"},{"floor":36.0,"key":"Regen Potion"},{"floor":41.0,"key":"LiquidBronze"},{"floor":54.0,"key":"Dexterity Potion"}],"is_trial":false,"path_per_floor":["M","M","M","M","M","R","E","R","T","M","?","E","M","M","R","B",null,"M","M","?","M","M","R","M","E","T","$","M","M","R","M","R","B",null,"M","M","$","?","M","E","M","E","T","R","?","?","R","$","R","B",null,"R","$","E","B"],"character_chosen":"THE_SILENT","items_purchased":["Lantern","Oddly Smooth Stone","Dodge and Roll","Strength Potion","Bullet Time","Accuracy"],"campfire_rested":2,"item_purchase_floors":[27,27,27,27,37,37],"current_hp_per_floor":[68,61,60,57,55,55,21,21,28,28,28,16,16,16,16,21,77,77,71,71,55,45,45,39,22,22,22,22,22,45,45,68,10,77,64,64,64,64,77,77,51,34,34,58,58,58,77,77,77,39,77,77,77,28,0],"gold":27,"neow_bonus":"RANDOM_COMMON_RELIC","is_prod":false,"is_daily":false,"chose_seed":false,"campfire_upgraded":7,"win_rate":0,"timestamp":1560474443,"path_taken":["M","M","M","M","M","R","E","R","T","M","?","E","M","M","R","BOSS","M","M","?","M","?","R","M","E","T","$","M","M","R","M","R","BOSS","M","M","$","?","?","E","M","E","T","R","?","?","R","$","R","BOSS","R","$","E","BOSS"],"build_version":"2019-01-23","purchased_purges":1,"victory":false,"max_hp_per_floor":[70,70,70,70,70,70,70,70,77,77,77,77,77,77,77,77,77,77,77,77,77,77,77,77,77,77,77,77,77,77,77,77,77,77,77,77,77,77,77,77,77,77,77,77,77,77,77,77,77,77,77,77,77,87,87],"card_choices":[{"not_picked":["Bane","Choke"],"picked":"Blur","floor":1.0},{"not_picked":["Eviscerate","Heel Hook"],"picked":"Quick Slash","floor":2.0},{"not_picked":["Deflect","Dagger Throw"],"picked":"Dash","floor":3.0},{"not_picked":["Dodge and Roll","Slice"],"picked":"PiercingWail","floor":4.0},{"not_picked":["Backflip","Underhanded Strike"],"picked":"Blade Dance","floor":5.0},{"not_picked":["Sucker Punch","Slice"],"picked":"Dagger Spray","floor":7.0},{"not_picked":["Flechettes","Choke"],"picked":"Outmaneuver","floor":10.0},{"not_picked":["Distraction","Expertise"],"picked":"Blur","floor":12.0},{"not_picked":["Slice","Poisoned Stab"],"picked":"Deflect","floor":13.0},{"not_picked":["Distraction","Blade Dance"],"picked":"Unload","floor":14.0},{"not_picked":["Venomology","Corpse Explosion"],"picked":"Wraith Form v2","floor":16.0},{"not_picked":["Bane+1","Poisoned Stab"],"picked":"Predator","floor":18.0},{"not_picked":["Calculated Gamble+1","Blade Dance"],"picked":"Backstab+1","floor":19.0},{"not_picked":["Catalyst","Dagger Throw"],"picked":"Poisoned Stab","floor":21.0},{"not_picked":["Well Laid Plans+1","Acrobatics"],"picked":"Riddle With Holes","floor":22.0},{"not_picked":["Tactician+1","Flying Knee"],"picked":"Backstab","floor":24.0},{"not_picked":["Backflip+1","Sucker Punch"],"picked":"PiercingWail","floor":25.0},{"not_picked":["Dodge and Roll","Blade Dance"],"picked":"Sucker Punch+1","floor":28.0},{"not_picked":["Finisher+1","Escape Plan"],"picked":"Prepared","floor":29.0},{"not_picked":["Dagger Spray","Flying Knee+1"],"picked":"Cloak And Dagger","floor":31.0},{"not_picked":["Envenom","Grand Finale"],"picked":"Corpse Explosion","floor":33.0},{"not_picked":["Endless Agony+1","Eviscerate+1"],"picked":"Deflect","floor":35.0},{"not_picked":["Quick Slash+1","Dagger Spray+1"],"picked":"Accuracy+1","floor":36.0},{"not_picked":["Noxious Fumes+1","PiercingWail"],"picked":"Cloak And Dagger+1","floor":39.0},{"not_picked":["Dagger Throw+1","Acrobatics+1"],"picked":"Crippling Poison","floor":40.0},{"not_picked":["Outmaneuver+1","Slice"],"picked":"Blade Dance+1","floor":41.0},{"not_picked":["Underhanded Strike+1","Venomology"],"picked":"Dash","floor":42.0},{"not_picked":["Impatience","Trip"],"picked":"Chrysalis","floor":46.0},{"not_picked":["Underhanded Strike","Blade Dance"],"picked":"Malaise","floor":54.0}],"player_experience":235525,"relics_obtained":[{"floor":7.0,"key":"Dodecahedron"},{"floor":9.0,"key":"Strawberry"},{"floor":11.0,"key":"Pantograph"},{"floor":12.0,"key":"Boot"},{"floor":25.0,"key":"FossilizedHelix"},{"floor":26.0,"key":"Ninja Scroll"},{"floor":40.0,"key":"Omamori"},{"floor":42.0,"key":"Smiling Mask"},{"floor":54.0,"key":"Pear"}],"event_choices":[{"damage_healed":0.0,"max_hp_gain":0.0,"max_hp_loss":0.0,"gold_gain":0.0,"event_name":"Wheel of Change","player_choice":"Relic","floor":11.0,"gold_loss":0.0,"damage_taken":0.0},{"damage_healed":0.0,"max_hp_gain":0.0,"max_hp_loss":0.0,"gold_gain":0.0,"event_name":"Duplicator","player_choice":"Copied","floor":20.0,"gold_loss":0.0,"damage_taken":0.0,"cards_obtained":["Backstab"]},{"damage_healed":0.0,"max_hp_gain":0.0,"max_hp_loss":0.0,"gold_gain":0.0,"event_name":"Upgrade Shrine","player_choice":"Upgraded","floor":38.0,"gold_loss":0.0,"damage_taken":0.0,"cards_upgraded":["Prepared"]},{"damage_healed":0.0,"max_hp_gain":0.0,"max_hp_loss":0.0,"gold_gain":0.0,"event_name":"Tomb of Lord Red Mask","player_choice":"Paid","floor":45.0,"gold_loss":106.0,"damage_taken":0.0,"relics_obtained":["Red Mask"]},{"damage_healed":0.0,"max_hp_gain":0.0,"max_hp_loss":0.0,"gold_gain":0.0,"event_name":"SensoryStone","player_choice":"Memory 1","floor":46.0,"gold_loss":0.0,"damage_taken":0.0}],"is_beta":false,"boss_relics":[{"not_picked":["Coffee Dripper","Pandora\u0027s Box"],"picked":"Runic Pyramid"},{"not_picked":["Ring of the Serpent","White Beast Statue"],"picked":"Eternal Feather"}],"items_purged_floors":[27],"is_endless":false,"potions_floor_spawned":[1,3,5,10,13,14,24,25,28,31,33,36,41,54],"killed_by":"The Heart","ascension_level":3}