{"gold_per_floor":[112,127,139,25,25,52,52,67,67,67,41,53,85,98,98,169,169,186,198,211,136,136,136,51,83,83,83,83,83,83,83],"floor_reached":31,"playtime":1872,"items_purged":["Strike_B"],"score":551,"play_id":"4d2661ff-5f45-484b-8dab-99fa0c72f6d3","local_time":"20190621163448","is_ascension_mode":true,"campfire_choices":[{"data":"Zap","floor":15.0,"key":"SMITH"},{"floor":23.0,"key":"REST"},{"data":"Defragment","floor":27.0,"key":"SMITH"},{"data":"Sunder","floor":29.0,"key":"SMITH"}],"neow_cost":"PERCENT_DAMAGE","seed_source_timestamp":185977615151714,"circlet_count":0,"master_deck":["AscendersBane","Strike_B+1","Strike_B+1","Defend_B+1","Defend_B+1","Defend_B+1","Defend_B+1","Zap+1","Dualcast","FTL","Self Repair","Sunder+1","Defragment+1","Echo Form","Rebound","Conserve Battery","Cold Snap","Go for the Eyes","Scrape","All For One","Redo+1","Steam+1","Hologram"],"special_seed":0,"relics":["Cracked Core","Juzu Bracelet","Sundial","Blood Vial","Mango","Inserter","Enchiridion","Girya","PreservedInsect","Blue Candle"],"potions_floor_usage":[],"damage_taken":[{"damage":0.0,"enemies":"Cultist","floor":1.0,"turns":3.0},{"damage":0.0,"enemies":"2 Louse","floor":2.0,"turns":2.0},{"damage":4.0,"enemies":"Jaw Worm","floor":3.0,"turns":4.0},{"damage":25.0,"enemies":"Lagavulin","floor":6.0,"turns":7.0},{"damage":15.0,"enemies":"Large Slime","floor":8.0,"turns":6.0},{"damage":1.0,"enemies":"Exordium Thugs","floor":12.0,"turns":4.0},{"damage":18.0,"enemies":"3 Sentries","floor":13.0,"turns":5.0},{"damage":11.0,"enemies":"3 Louse","floor":14.0,"turns":5.0},{"damage":39.0,"enemies":"The Guardian","floor":16.0,"turns":12.0},{"damage":27.0,"enemies":"Spheric Guardian","floor":18.0,"turns":6.0},{"damage":0.0,"enemies":"Chosen","floor":19.0,"turns":4.0},{"damage":31.0,"enemies":"Shelled Parasite and Fungi","floor":20.0,"turns":6.0},{"damage":27.0,"enemies":"Gremlin Leader","floor":25.0,"turns":7.0},{"damage":49,"enemies":"Slavers","floor":31,"turns":3}],"seed_played":"6410586111415782740","potions_obtained":[{"floor":1.0,"key":"Swift Potion"},{"floor":6.0,"key":"Regen Potion"},{"floor":12.0,"key":"GamblersBrew"},{"floor":16.0,"key":"EssenceOfSteel"},{"floor":19.0,"key":"SkillPotion"},{"floor":20.0,"key":"Block Potion"}],"is_trial":false,"path_per_floor":["M","M","M","$","?","E","$","M","T","?","$","M","E","M","R","B",null,"M","M","M","?","?","R","?","E","T","R","?","R","?","E"],"character_chosen":"DEFECT","items_purchased":["Defragment","Conserve Battery"],"campfire_rested":1,"item_purchase_floors":[4,11],"current_hp_per_floor":[60,60,63,63,45,27,27,34,34,34,34,42,47,45,45,15,78,67,69,47,47,26,55,55,44,44,44,44,44,44,0],"gold":83,"neow_bonus":"TWENTY_PERCENT_HP_BONUS","is_prod":false,"is_daily":false,"chose_seed":false,"campfire_upgraded":3,"win_rate":0,"timestamp":1561160088,"path_taken":["M","M","M","$","?","E","$","M","T","?","$","M","E","M","R","BOSS","M","M","M","?","?","R","?","E","T","R","?","R","?","E"],"build_version":"2019-01-23","purchased_purges":1,"victory":false,"max_hp_per_floor":[85,85,85,85,85,85,85,85,85,85,85,85,99,99,99,99,99,99,99,99,99,99,99,99,99,99,99,99,99,99,99],"card_choices":[{"not_picked":["Sweeping Beam","Redo"],"picked":"FTL","floor":1.0},{"not_picked":["Chaos","Gash"],"picked":"Self Repair","floor":2.0},{"not_picked":["Chill","Streamline"],"picked":"Sunder","floor":3.0},{"not_picked":["Stack","Lockon"],"picked":"Echo Form","floor":6.0},{"not_picked":["Hologram","Scrape"],"picked":"Rebound","floor":8.0},{"not_picked":["Tempest","Go for the Eyes"],"picked":"Cold Snap","floor":12.0},{"not_picked":["Barrage","Redo"],"picked":"Go for the Eyes","floor":13.0},{"not_picked":["Hello World","Barrage"],"picked":"Scrape","floor":14.0},{"not_picked":["Meteor Strike","Amplify"],"picked":"All For One","floor":16.0},{"not_picked":["Sweeping Beam+1","Ball Lightning"],"picked":"Redo+1","floor":18.0},{"not_picked":["Ball Lightning","Redo","Blizzard"],"picked":"SKIP","floor":19.0},{"not_picked":["Recycle","Compile Driver"],"picked":"Steam+1","floor":20.0},{"not_picked":["Coolheaded","Steam Power+1"],"picked":"Hologram","floor":25.0}],"player_experience":949696,"relics_obtained":[{"floor":6.0,"key":"Sundial"},{"floor":9.0,"key":"Blood Vial"},{"floor":13.0,"key":"Mango"},{"floor":22.0,"key":"Enchiridion"},{"floor":25.0,"key":"PreservedInsect"},{"floor":26.0,"key":"Blue Candle"}],"event_choices":[{"damage_healed":0.0,"max_hp_gain":0.0,"max_hp_loss":0.0,"gold_gain":0.0,"event_name":"Scrap Ooze","player_choice":"Success","floor":5.0,"gold_loss":0.0,"damage_taken":18.0,"relics_obtained":["Juzu Bracelet"]},{"damage_healed":0.0,"max_hp_gain":0.0,"max_hp_loss":0.0,"gold_gain":0.0,"event_name":"Shining Light","player_choice":"Ignored","floor":10.0,"gold_loss":0.0,"damage_taken":0.0},{"cards_removed":["Strike_B"],"damage_healed":0.0,"max_hp_gain":0.0,"max_hp_loss":0.0,"gold_gain":0.0,"event_name":"Beggar","player_choice":"Gave Gold","floor":21.0,"gold_loss":75.0,"damage_taken":0.0},{"damage_healed":0.0,"max_hp_gain":0.0,"max_hp_loss":0.0,"gold_gain":0.0,"event_name":"Cursed Tome","player_choice":"Obtained Book","floor":22.0,"gold_loss":0.0,"damage_taken":21.0},{"damage_healed":0.0,"max_hp_gain":0.0,"max_hp_loss":0.0,"gold_gain":0.0,"event_name":"Addict","player_choice":"Obtained Relic","floor":24.0,"gold_loss":85.0,"damage_taken":0.0,"relics_obtained":["Girya"]},{"damage_healed":0.0,"max_hp_gain":0.0,"max_hp_loss":0.0,"gold_gain":0.0,"event_name":"Vampires","player_choice":"Ignored","floor":28.0,"gold_loss":0.0,"damage_taken":0.0},{"damage_healed":0.0,"max_hp_gain":0.0,"max_hp_loss":0.0,"gold_gain":0.0,"event_name":"Back to Basics","player_choice":"Simplicity","floor":30.0,"gold_loss":0.0,"damage_taken":0.0,"cards_upgraded":["Strike_B","Strike_B","Defend_B","Defend_B","Defend_B","Defend_B"]}],"is_beta":false,"boss_relics":[{"not_picked":["Eternal Feather","Empty Cage"],"picked":"Inserter"}],"items_purged_floors":[4],"is_endless":false,"potions_floor_spawned":[1,6,12,16,19,20],"killed_by":"Slavers","ascension_level":20}