{"gold_per_floor":[117,130,130,130,146,146,164,164,164,164,181,197,197,51,51,147,147,161,174,185,42,42,69,69,69,69,69,86,100,100,100,100,100],"floor_reached":33,"playtime":961,"items_purged":[],"score":257,"play_id":"c28b1072-cebf-4ad7-9e83-fb91bc496516","local_time":"20190507204330","is_ascension_mode":false,"campfire_choices":[{"data":"Dualcast","floor":6.0,"key":"SMITH"},{"data":"Rainbow","floor":8.0,"key":"SMITH"},{"data":"Zap","floor":10.0,"key":"SMITH"},{"data":"Ball Lightning","floor":13.0,"key":"SMITH"},{"data":"Undo","floor":15.0,"key":"SMITH"},{"data":"Buffer","floor":24,"key":"SMITH"},{"data":"Defend_B","floor":27,"key":"SMITH"},{"data":"BootSequence","floor":30,"key":"SMITH"},{"floor":32,"key":"REST"}],"neow_cost":"NONE","seed_source_timestamp":1464669718063917,"circlet_count":0,"master_deck":["Strike_B+1","Strike_B+1","Defend_B+1","Defend_B+1","Defend_B+1","Defend_B+1","Zap+1","Dualcast+1","Ball Lightning+1","Coolheaded+1","Rainbow+1","Undo+1","Buffer+1","Injury","Parasite","Glacier+1","BootSequence+1"],"special_seed":0,"relics":["Cracked Core","Orichalcum","Torii","Whetstone","Calling Bell","DataDisk","Question Card","Gambling Chip","War Paint","Ginger","Lantern"],"potions_floor_usage":[],"damage_taken":[{"damage":1.0,"enemies":"Small Slimes","floor":1.0,"turns":2.0},{"damage":1.0,"enemies":"Jaw Worm","floor":2.0,"turns":3.0},{"damage":0.0,"enemies":"Cultist","floor":5.0,"turns":3.0},{"damage":0.0,"enemies":"Gremlin Gang","floor":7.0,"turns":4.0},{"damage":1.0,"enemies":"Blue Slaver","floor":11.0,"turns":2.0},{"damage":1.0,"enemies":"Red Slaver","floor":12.0,"turns":2.0},{"damage":17.0,"enemies":"Slime Boss","floor":16.0,"turns":6.0},{"damage":1,"enemies":"Shell Parasite","floor":18,"turns":7},{"damage":0,"enemies":"Chosen","floor":19,"turns":5},{"damage":8,"enemies":"Centurion and Healer","floor":20,"turns":9},{"damage":23,"enemies":"Slavers","floor":23,"turns":7},{"damage":0,"enemies":"Sentry and Sphere","floor":28,"turns":7},{"damage":1,"enemies":"Chosen and Byrds","floor":29,"turns":5},{"damage":31,"enemies":"Champ","floor":33,"turns":20}],"seed_played":"7964091634299390091","potions_obtained":[{"floor":1.0,"key":"FearPotion"},{"floor":12.0,"key":"Poison Potion"},{"floor":19,"key":"SpeedPotion"},{"floor":20,"key":"Ancient Potion"}],"is_trial":false,"path_per_floor":["M","M","?","?","M","R","M","R","T","R","M","M","R","$","R","B",null,"M","M","M","$","?","E","R","$","T","R","M","M","R","?","R","B"],"character_chosen":"DEFECT","items_purchased":["Whetstone","War Paint"],"campfire_rested":1,"item_purchase_floors":[14,21],"current_hp_per_floor":[74,73,58,51,51,51,51,51,51,51,50,49,49,49,49,32,75,74,74,66,66,66,43,43,43,43,43,43,42,42,42,64,33],"gold":100,"neow_bonus":"RANDOM_COMMON_RELIC","is_prod":false,"is_daily":false,"chose_seed":false,"campfire_upgraded":8,"win_rate":0,"timestamp":1557258210,"path_taken":["M","M","?","?","?","R","M","R","T","R","M","M","R","$","R","BOSS","M","M","M","$","?","E","R","$","T","R","?","?","R","?","R","BOSS"],"build_version":"2019-01-23","purchased_purges":0,"victory":false,"max_hp_per_floor":[75,75,75,75,75,75,75,75,75,75,75,75,75,75,75,75,75,75,75,75,75,75,75,75,75,75,75,75,75,75,75,75,75],"card_choices":[{"not_picked":["Gash","Sweeping Beam","Rebound"],"picked":"SKIP","floor":1.0},{"not_picked":["Compile Driver","Redo"],"picked":"Ball Lightning","floor":2.0},{"not_picked":["Fusion","Beam Cell"],"picked":"Coolheaded","floor":5.0},{"not_picked":["Stack","Skim"],"picked":"Rainbow","floor":7.0},{"not_picked":["Reinforced Body","Turbo","Lockon"],"picked":"SKIP","floor":11.0},{"not_picked":["Barrage","Go for the Eyes"],"picked":"Undo","floor":12.0},{"not_picked":["Seek","Thunder Strike"],"picked":"Buffer","floor":16.0},{"not_picked":["Coolheaded","Streamline","Force Field","Rainbow"],"picked":"SKIP","floor":18},{"not_picked":["Stack","Sweeping Beam+1","Redo","Beam Cell"],"picked":"SKIP","floor":19},{"not_picked":["Sweeping Beam","Beam Cell","Scrape","Streamline+1"],"picked":"SKIP","floor":20},{"not_picked":["Chill+1","Steam Power","Hologram+1"],"picked":"Glacier+1","floor":23},{"not_picked":["Redo","Beam Cell","Melter","Reboot"],"picked":"SKIP","floor":28},{"not_picked":["Lockon","Rebound","Hologram+1"],"picked":"BootSequence","floor":29}],"player_experience":1223887,"relics_obtained":[{"floor":9.0,"key":"Torii"},{"floor":17,"key":"DataDisk"},{"floor":17,"key":"Question Card"},{"floor":17,"key":"Gambling Chip"},{"floor":23,"key":"Ginger"},{"floor":26,"key":"Lantern"}],"event_choices":[{"damage_healed":0.0,"max_hp_gain":0.0,"max_hp_loss":0.0,"gold_gain":0.0,"event_name":"Shining Light","player_choice":"Entered Light","floor":3.0,"gold_loss":0.0,"damage_taken":15.0,"cards_upgraded":["Defend_B","Defend_B"]},{"cards_removed":["Strike_B"],"damage_healed":0.0,"max_hp_gain":0.0,"max_hp_loss":0.0,"gold_gain":0.0,"event_name":"Golden Wing","player_choice":"Card Removal","floor":4.0,"gold_loss":0.0,"damage_taken":7.0},{"cards_removed":["Decay"],"damage_healed":0,"gold_gain":0,"player_choice":"Card Removal","damage_taken":0,"max_hp_gain":0,"max_hp_loss":0,"event_name":"Wheel of Change","floor":22,"gold_loss":0},{"cards_removed":["Strike_B"],"damage_healed":0,"gold_gain":0,"player_choice":"Offered Basic","damage_taken":0,"max_hp_gain":0,"max_hp_loss":0,"event_name":"Bonfire Elementals","floor":31,"gold_loss":0}],"is_beta":false,"boss_relics":[{"not_picked":["Runic Dome","Pandora\u0027s Box"],"picked":"Calling Bell"}],"items_purged_floors":[],"is_endless":false,"potions_floor_spawned":[1,12,19,20],"killed_by":"Champ","ascension_level":0}