{"gold_per_floor":[211,211,226,16,37,51,69,105,105,105,105,120,120,120,120,246,246,266,266,266,280,304,304,342,342,342,342,355,398,71,71,71,200,200,215,340,95,118,118,118,136,136,136,154,154,27,42,60,60,60],"floor_reached":51,"playtime":1622,"items_purged":["Strike_B","Defend_B"],"score":762,"play_id":"cfb1a964-aa8d-43fa-8141-f2c1521a2d67","local_time":"20190211220933","is_ascension_mode":false,"campfire_choices":[{"data":"Dualcast","floor":11.0,"key":"SMITH"},{"data":"Zap","floor":13.0,"key":"SMITH"},{"data":"Ball Lightning","floor":15.0,"key":"SMITH"},{"data":"Coolheaded","floor":23.0,"key":"SMITH"},{"data":"Ball Lightning","floor":27.0,"key":"SMITH"},{"data":"Glacier","floor":32.0,"key":"SMITH"},{"floor":40.0,"key":"REST"},{"data":"Glacier","floor":42.0,"key":"SMITH"},{"floor":49.0,"key":"REST"}],"neow_cost":"NONE","seed_source_timestamp":4241520440881050,"circlet_count":0,"master_deck":["Strike_B+1","Strike_B+1","Strike_B","Defend_B+1","Defend_B","Defend_B","Zap+1","Dualcast+1","Ball Lightning+1","Conserve Battery","Coolheaded+1","White Noise+1","Ball Lightning+1","Seek","Electrodynamics+1","White Noise","Glacier+1","White Noise","Glacier+1","Creative AI+1","Defragment+1","Blizzard+1","Defragment+1","Glacier+1"],"special_seed":0,"relics":["Cracked Core","Golden Idol","Runic Capacitor","Pear","Frozen Egg 2","Cursed Key","Whetstone","WingedGreaves","Singing Bowl","Inserter","Incense Burner","War Paint"],"potions_floor_usage":[50,50,50],"damage_taken":[{"damage":1.0,"enemies":"Jaw Worm","floor":1.0,"turns":4.0},{"damage":0.0,"enemies":"2 Louse","floor":3.0,"turns":2.0},{"damage":4.0,"enemies":"Small Slimes","floor":5.0,"turns":4.0},{"damage":5.0,"enemies":"3 Louse","floor":6.0,"turns":5.0},{"damage":5.0,"enemies":"2 Fungi Beasts","floor":7.0,"turns":3.0},{"damage":10.0,"enemies":"Lagavulin","floor":8.0,"turns":6.0},{"damage":1.0,"enemies":"Exordium Wildlife","floor":12.0,"turns":4.0},{"damage":21.0,"enemies":"Hexaghost","floor":16.0,"turns":7.0},{"damage":0.0,"enemies":"3 Byrds","floor":18.0,"turns":2.0},{"damage":0.0,"enemies":"Chosen","floor":21.0,"turns":3.0},{"damage":6.0,"enemies":"Snecko","floor":22.0,"turns":4.0},{"damage":23.0,"enemies":"Gremlin Leader","floor":24.0,"turns":6.0},{"damage":1.0,"enemies":"Snake Plant","floor":28.0,"turns":4.0},{"damage":14.0,"enemies":"Slavers","floor":29.0,"turns":4.0},{"damage":22.0,"enemies":"Collector","floor":33.0,"turns":11.0},{"damage":0.0,"enemies":"Orb Walker","floor":35.0,"turns":3.0},{"damage":10.0,"enemies":"Mind Bloom Boss Battle","floor":36.0,"turns":6.0},{"damage":23.0,"enemies":"3 Darklings","floor":38.0,"turns":4.0},{"damage":7.0,"enemies":"Writhing Mass","floor":41.0,"turns":7.0},{"damage":1.0,"enemies":"Jaw Worm Horde","floor":44.0,"turns":3.0},{"damage":21.0,"enemies":"Sphere and 2 Shapes","floor":47.0,"turns":4.0},{"damage":0.0,"enemies":"3 Darklings","floor":48.0,"turns":1.0},{"damage":0,"enemies":"Donu and Deca","floor":50,"turns":8}],"seed_played":"-5024742072065518449","potions_obtained":[{"floor":6.0,"key":"AttackPotion"},{"floor":7.0,"key":"Dexterity Potion"},{"floor":16.0,"key":"Regen Potion"},{"floor":21.0,"key":"AttackPotion"},{"floor":44.0,"key":"Dexterity Potion"},{"floor":48.0,"key":"GamblersBrew"}],"is_trial":false,"path_per_floor":["M","?","M","$","M","M","M","E","T","$","R","M","R","$","R","B",null,"M","$","?","M","M","R","E","?","T","R","M","E","$","?","R","B",null,"M","?","$","M","$","R","M","R","T","M","?","$","M","M","R","B",null],"character_chosen":"DEFECT","items_purchased":["Runic Capacitor","Singing Bowl","War Paint","Defragment+1","Swift Potion"],"campfire_rested":2,"item_purchase_floors":[4,30,37,46,46],"current_hp_per_floor":[74,56,56,56,52,47,42,42,42,42,42,41,41,41,41,20,85,85,85,85,85,79,79,56,56,56,56,55,41,41,41,41,19,85,87,77,77,56,56,82,77,77,77,76,78,78,59,59,87,87],"gold":60,"neow_bonus":"HUNDRED_GOLD","is_prod":false,"is_daily":false,"chose_seed":false,"campfire_upgraded":7,"win_rate":0,"timestamp":1549922973,"path_taken":["M","?","M","$","M","M","M","E","T","$","R","M","R","$","R","BOSS","M","$","?","M","M","R","E","?","T","R","M","E","$","?","R","BOSS","M","?","$","M","$","R","M","R","T","M","?","$","M","M","R","BOSS"],"build_version":"2019-01-23","purchased_purges":2,"victory":true,"max_hp_per_floor":[75,75,75,75,75,75,75,85,85,85,85,85,85,85,85,85,85,85,85,85,85,85,85,85,85,85,85,85,85,85,85,85,85,85,87,87,87,89,89,89,91,91,91,91,93,93,95,95,95,95],"card_choices":[{"not_picked":["Redo","Leap"],"picked":"Ball Lightning","floor":1.0},{"not_picked":["Gash","BootSequence"],"picked":"Conserve Battery","floor":3.0},{"not_picked":["Cold Snap","Leap"],"picked":"Coolheaded","floor":5.0},{"not_picked":["Sweeping Beam","Beam Cell"],"picked":"White Noise","floor":6.0},{"not_picked":["Tempest","Skim"],"picked":"Ball Lightning","floor":7.0},{"not_picked":["Conserve Battery","Melter"],"picked":"Seek","floor":8.0},{"not_picked":["Hello World+1","Beam Cell","Rebound"],"picked":"SKIP","floor":12.0},{"not_picked":["Seek","Biased Cognition+1"],"picked":"Electrodynamics+1","floor":16.0},{"not_picked":["Sweeping Beam","Steam"],"picked":"White Noise","floor":18.0},{"not_picked":["Storm+1","Coolheaded"],"picked":"Glacier","floor":21.0},{"not_picked":["Hologram","Gash","Streamline"],"picked":"SKIP","floor":22.0},{"not_picked":["Beam Cell","Compile Driver"],"picked":"White Noise","floor":24.0},{"not_picked":["Streamline","Gash","Go for the Eyes"],"picked":"SKIP","floor":28.0},{"not_picked":["Leap","Stack+1","Seek"],"picked":"SKIP","floor":29.0},{"not_picked":["Multi-Cast","Hyperbeam"],"picked":"Creative AI+1","floor":33.0},{"not_picked":["Doom and Gloom+1","Auto Shields","Reprogram+1"],"picked":"Singing Bowl","floor":35.0},{"not_picked":["Hologram","Barrage+1"],"picked":"Defragment+1","floor":36.0},{"not_picked":["Steam Power","Cold Snap","Sweeping Beam"],"picked":"Singing Bowl","floor":38.0},{"not_picked":["FTL+1","Leap","Conserve Battery+1"],"picked":"Singing Bowl","floor":41.0},{"not_picked":["Steam+1","Go for the Eyes"],"picked":"Blizzard+1","floor":44.0},{"not_picked":["Forethought","Good Instincts","Trip"],"picked":"Singing Bowl","floor":45.0},{"not_picked":["Streamline+1","Stack+1","Go for the Eyes"],"picked":"Singing Bowl","floor":47.0},{"not_picked":["Machine Learning+1","Reprogram+1"],"picked":"Glacier+1","floor":48.0}],"player_experience":1029528,"relics_obtained":[{"floor":8.0,"key":"Pear"},{"floor":9.0,"key":"Frozen Egg 2"},{"floor":24.0,"key":"Whetstone"},{"floor":29.0,"key":"WingedGreaves"},{"floor":36.0,"key":"Incense Burner"}],"event_choices":[{"damage_healed":0.0,"max_hp_gain":0.0,"max_hp_loss":0.0,"gold_gain":0.0,"event_name":"Golden Idol","player_choice":"Take Damage","floor":2.0,"gold_loss":0.0,"damage_taken":18.0,"relics_obtained":["Golden Idol"]},{"damage_healed":0.0,"max_hp_gain":0.0,"max_hp_loss":0.0,"gold_gain":0.0,"event_name":"Ghosts","player_choice":"Ignored","floor":20.0,"gold_loss":0.0,"damage_taken":0.0},{"damage_healed":0.0,"max_hp_gain":0.0,"max_hp_loss":0.0,"gold_gain":0.0,"event_name":"The Library","player_choice":"Read","floor":25.0,"gold_loss":0.0,"damage_taken":0.0,"cards_obtained":["Glacier"]},{"damage_healed":0.0,"max_hp_gain":0.0,"max_hp_loss":0.0,"gold_gain":0.0,"event_name":"Cursed Tome","player_choice":"Ignored","floor":31.0,"gold_loss":0.0,"damage_taken":0.0},{"damage_healed":0.0,"max_hp_gain":0.0,"max_hp_loss":0.0,"gold_gain":0.0,"event_name":"MindBloom","player_choice":"Fight","floor":36.0,"gold_loss":0.0,"damage_taken":0.0},{"damage_healed":0.0,"max_hp_gain":0.0,"max_hp_loss":0.0,"gold_gain":0.0,"event_name":"SensoryStone","player_choice":"Memory 1","floor":45.0,"gold_loss":0.0,"damage_taken":0.0}],"is_beta":false,"boss_relics":[{"not_picked":["Nuclear Battery","Empty Cage"],"picked":"Cursed Key"},{"not_picked":["Eternal Feather","Sozu"],"picked":"Inserter"}],"items_purged_floors":[30,37],"is_endless":false,"potions_floor_spawned":[6,7,16,21,24,33,36,44,48],"ascension_level":0}