{"gold_per_floor":[217,149,80,96,106,136,136,156,202,202,202,202,93,108,108,209,209,225,140,140,140,158,158,3,3,28,60,76,89,104,121,121,223,223,241,241,251,251,304,304,318,318,318,334,63,81,100,113,113,113],"floor_reached":51,"playtime":1402,"items_purged":["Strike_B","Writhe"],"score":771,"play_id":"8020b97e-e240-4862-895e-f3a94566d86a","local_time":"20190524200407","is_ascension_mode":false,"campfire_choices":[{"data":"Dualcast","floor":7.0,"key":"SMITH"},{"data":"Defragment","floor":10.0,"key":"SMITH"},{"data":"Go for the Eyes","floor":12.0,"key":"SMITH"},{"data":"Zap","floor":15.0,"key":"SMITH"},{"floor":23.0,"key":"REST"},{"data":"Defragment","floor":25.0,"key":"SMITH"},{"data":"Capacitor","floor":32.0,"key":"SMITH"},{"data":"Rainbow","floor":40.0,"key":"SMITH"},{"floor":49.0,"key":"REST"}],"neow_cost":"NONE","seed_source_timestamp":2930421992310557,"circlet_count":0,"master_deck":["Strike_B","Strike_B+1","Strike_B+1","Defend_B","Defend_B","Defend_B","Zap+1","Dualcast+1","Defragment+1","Coolheaded","Go for the Eyes+1","Capacitor+1","Chill","Electrodynamics","Defragment+1","Defragment+1","Defragment","White Noise+1","Capacitor","Capacitor","Rainbow+1","Barrage+1","Conserve Battery+1","Conserve Battery+1","Electrodynamics","Apotheosis","BootSequence","Glacier+1","Chaos+1"],"special_seed":0,"relics":["Cracked Core","Shuriken","DataDisk","Pen Nib","Black Star","Question Card","Anchor","PreservedInsect","Pantograph","Nuclear Battery","Dream Catcher","Darkstone Periapt"],"potions_floor_usage":[50,50,50,50,50,50],"damage_taken":[{"damage":2.0,"enemies":"Jaw Worm","floor":1.0,"turns":6.0},{"damage":0.0,"enemies":"Cultist","floor":4.0,"turns":2.0},{"damage":0.0,"enemies":"Small Slimes","floor":5.0,"turns":3.0},{"damage":19.0,"enemies":"Lagavulin","floor":6.0,"turns":9.0},{"damage":0.0,"enemies":"Exordium Wildlife","floor":8.0,"turns":4.0},{"damage":2.0,"enemies":"Blue Slaver","floor":14.0,"turns":3.0},{"damage":27.0,"enemies":"The Guardian","floor":16.0,"turns":10.0},{"damage":25.0,"enemies":"2 Thieves","floor":18.0,"turns":3.0},{"damage":5.0,"enemies":"Chosen","floor":22.0,"turns":5.0},{"damage":0.0,"enemies":"Gremlin Leader","floor":27.0,"turns":4.0},{"damage":0.0,"enemies":"Centurion and Healer","floor":28.0,"turns":4.0},{"damage":7.0,"enemies":"Shelled Parasite and Fungi","floor":29.0,"turns":5.0},{"damage":15.0,"enemies":"Sentry and Sphere","floor":30.0,"turns":4.0},{"damage":10.0,"enemies":"Snecko","floor":31.0,"turns":7.0},{"damage":7.0,"enemies":"Collector","floor":33.0,"turns":8.0},{"damage":5.0,"enemies":"3 Darklings","floor":35.0,"turns":3.0},{"damage":11.0,"enemies":"Orb Walker","floor":37.0,"turns":4.0},{"damage":5.0,"enemies":"Sphere and 2 Shapes","floor":41.0,"turns":4.0},{"damage":17.0,"enemies":"Transient","floor":44.0,"turns":5.0},{"damage":6.0,"enemies":"Spire Growth","floor":46.0,"turns":4.0},{"damage":3.0,"enemies":"Writhing Mass","floor":47.0,"turns":7.0},{"damage":7.0,"enemies":"3 Darklings","floor":48.0,"turns":5.0},{"damage":0,"enemies":"Donu and Deca","floor":50,"turns":8}],"seed_played":"-5644149956880407776","potions_obtained":[{"floor":4.0,"key":"AttackPotion"},{"floor":5.0,"key":"Swift Potion"},{"floor":16.0,"key":"Explosive Potion"},{"floor":30.0,"key":"Block Potion"},{"floor":33.0,"key":"EntropicBrew"},{"floor":47.0,"key":"Weak Potion"},{"floor":48.0,"key":"Fire Potion"}],"is_trial":false,"path_per_floor":["M","$","?","M","M","E","R","M","T","R","?","R","$","M","R","B",null,"M","?","?","$","M","R","$","R","T","E","M","M","M","M","R","B",null,"M","?","M","?","T","R","M","?","T","M","$","M","M","M","R","B",null],"character_chosen":"DEFECT","items_purchased":["Defragment","Capacitor","Chill","Defragment","Apotheosis"],"campfire_rested":2,"item_purchase_floors":[2,13,13,24,45],"current_hp_per_floor":[73,73,73,73,73,54,54,54,54,54,39,39,39,37,37,10,75,50,50,50,50,45,67,67,67,67,67,67,60,45,35,35,53,75,70,70,59,75,75,75,70,70,70,53,53,47,44,37,59,75],"gold":113,"neow_bonus":"HUNDRED_GOLD","is_prod":false,"is_daily":false,"chose_seed":false,"campfire_upgraded":7,"win_rate":0,"timestamp":1558724647,"path_taken":["M","$","?","M","?","E","R","M","T","R","?","R","?","?","R","BOSS","M","?","?","$","M","R","$","R","T","E","M","M","M","?","R","BOSS","M","?","M","?","?","R","M","?","T","M","$","M","M","?","R","BOSS"],"build_version":"2019-01-23","purchased_purges":2,"victory":true,"max_hp_per_floor":[75,75,75,75,75,75,75,75,75,75,75,75,75,75,75,75,75,75,75,75,75,75,75,75,75,75,75,75,75,75,75,75,75,75,75,75,75,75,75,75,75,75,75,75,75,75,75,75,75,75],"card_choices":[{"not_picked":["Beam Cell","Gash","Barrage"],"picked":"SKIP","floor":1.0},{"not_picked":["Sweeping Beam","Rebound"],"picked":"Coolheaded","floor":4.0},{"not_picked":["Undo","Turbo"],"picked":"Go for the Eyes","floor":5.0},{"not_picked":["Reboot","Leap","Rebound"],"picked":"SKIP","floor":6.0},{"not_picked":["Static Discharge","Stack","Beam Cell"],"picked":"SKIP","floor":8.0},{"not_picked":["Turbo","Darkness","Steam Power"],"picked":"SKIP","floor":14.0},{"not_picked":["Meteor Strike","Machine Learning"],"picked":"Electrodynamics","floor":16.0},{"not_picked":["Hello World+1","Beam Cell","Aggregate+1"],"picked":"SKIP","floor":18.0},{"not_picked":["Steam","Sweeping Beam","Redo","Leap"],"picked":"SKIP","floor":22.0},{"not_picked":["Steam","Sweeping Beam","Genetic Algorithm"],"picked":"Defragment","floor":27.0},{"not_picked":["Self Repair+1","Storm","Beam Cell+1"],"picked":"White Noise+1","floor":28.0},{"not_picked":["Static Discharge","Stack","Steam+1","Gash"],"picked":"SKIP","floor":29.0},{"not_picked":["Coolheaded","Rip and Tear","Beam Cell"],"picked":"Capacitor","floor":30.0},{"not_picked":["Heatsinks","Coolheaded","Hello World"],"picked":"Capacitor","floor":31.0},{"not_picked":["Thunder Strike","Buffer","Biased Cognition"],"picked":"Rainbow","floor":33.0},{"not_picked":["Auto Shields","Go for the Eyes","Undo"],"picked":"Barrage+1","floor":35.0},{"not_picked":["Gash","Consume","Compile Driver"],"picked":"Conserve Battery+1","floor":37.0},{"not_picked":["Darkness","Heatsinks+1","Beam Cell"],"picked":"Conserve Battery+1","floor":41.0},{"not_picked":["Compile Driver+1","Conserve Battery","Skim+1"],"picked":"Electrodynamics","floor":44.0},{"not_picked":["Redo","Barrage+1","Steam+1"],"picked":"BootSequence","floor":46.0},{"not_picked":["Redo","Conserve Battery","Hello World+1"],"picked":"Glacier+1","floor":47.0},{"not_picked":["Double Energy+1","Conserve Battery","Ball Lightning","Gash"],"picked":"SKIP","floor":48.0},{"not_picked":["Ball Lightning","Sweeping Beam+1","Multi-Cast"],"picked":"Chaos+1","floor":49.0}],"player_experience":1253831,"relics_obtained":[{"floor":6.0,"key":"DataDisk"},{"floor":9.0,"key":"Pen Nib"},{"floor":26.0,"key":"Anchor"},{"floor":27.0,"key":"PreservedInsect"},{"floor":27.0,"key":"Pantograph"},{"floor":39.0,"key":"Dream Catcher"},{"floor":43.0,"key":"Darkstone Periapt"}],"event_choices":[{"damage_healed":0.0,"max_hp_gain":0.0,"max_hp_loss":0.0,"gold_gain":0.0,"event_name":"WeMeetAgain","player_choice":"Paid Gold","floor":3.0,"gold_loss":69.0,"damage_taken":0.0,"relics_obtained":["Shuriken"]},{"damage_healed":0.0,"max_hp_gain":0.0,"max_hp_loss":0.0,"gold_gain":0.0,"event_name":"Shining Light","player_choice":"Entered Light","floor":11.0,"gold_loss":0.0,"damage_taken":15.0,"cards_upgraded":["Strike_B","Strike_B"]},{"damage_healed":0.0,"max_hp_gain":0.0,"max_hp_loss":0.0,"gold_gain":0.0,"event_name":"Addict","player_choice":"Obtained Relic","floor":19.0,"gold_loss":85.0,"damage_taken":0.0,"relics_obtained":["Question Card"]},{"damage_healed":0.0,"max_hp_gain":0.0,"max_hp_loss":0.0,"gold_gain":0.0,"event_name":"Duplicator","player_choice":"Copied","floor":20.0,"gold_loss":0.0,"damage_taken":0.0,"cards_obtained":["Defragment"]},{"cards_removed":["Defend_B"],"damage_healed":0.0,"max_hp_gain":0.0,"max_hp_loss":0.0,"gold_gain":0.0,"event_name":"Falling","player_choice":"Removed Skill","floor":36.0,"gold_loss":0.0,"damage_taken":0.0},{"damage_healed":19.0,"max_hp_gain":0.0,"max_hp_loss":0.0,"gold_gain":0.0,"event_name":"Winding Halls","player_choice":"Writhe","floor":38.0,"gold_loss":0.0,"damage_taken":0.0,"cards_obtained":["Writhe"]},{"damage_healed":0.0,"max_hp_gain":0.0,"max_hp_loss":0.0,"gold_gain":0.0,"event_name":"The Woman in Blue","player_choice":"Bought 0 Potions","floor":42.0,"gold_loss":0.0,"damage_taken":0.0}],"is_beta":false,"boss_relics":[{"not_picked":["Fusion Hammer","Busted Crown"],"picked":"Black Star"},{"not_picked":["Snecko Eye","Velvet Choker"],"picked":"Nuclear Battery"}],"items_purged_floors":[24,45],"is_endless":false,"potions_floor_spawned":[4,5,16,18,28,30,33,41,44,47,48],"ascension_level":0}