{"gold_per_floor":[119,119,119,119,119,119,129,129,175,192,227,101,101,113,113,210,210,226,22,32,32,43,43,95,95,95,35,50,14,31,66,66,66],"floor_reached":33,"playtime":843,"items_purged":["Dualcast+1","Strike_B"],"score":263,"play_id":"9d54f722-a469-486b-9f65-ef4c22265283","local_time":"20190618155427","is_ascension_mode":false,"campfire_choices":[{"data":"Gash","floor":6.0,"key":"SMITH"},{"data":"Gash","floor":8.0,"key":"SMITH"},{"floor":13.0,"key":"REST"},{"data":"Gash","floor":15.0,"key":"SMITH"},{"floor":23.0,"key":"REST"},{"data":"Scrape","floor":25.0,"key":"SMITH"},{"floor":32.0,"key":"REST"}],"neow_cost":"NONE","seed_source_timestamp":0,"circlet_count":0,"master_deck":["Strike_B","Strike_B","Strike_B","Defend_B","Defend_B","Defend_B","Defend_B","Gash+1","Gash+1","Gash+1","Steam+1","Conserve Battery","Scrape+1","Auto Shields","Go for the Eyes","Beam Cell","Undo","Steam"],"special_seed":0,"relics":["Cracked Core","Regal Pillow","Ancient Tea Set","Potion Belt","Philosopher\u0027s Stone","Kunai","Dream Catcher","The Courier","Mercury Hourglass"],"potions_floor_usage":[33],"damage_taken":[{"damage":0.0,"enemies":"2 Louse","floor":1.0,"turns":1.0},{"damage":0.0,"enemies":"Cultist","floor":7.0,"turns":3.0},{"damage":6.0,"enemies":"Jaw Worm","floor":10.0,"turns":2.0},{"damage":25.0,"enemies":"3 Sentries","floor":11.0,"turns":10.0},{"damage":2.0,"enemies":"Exordium Thugs","floor":14.0,"turns":5.0},{"damage":42.0,"enemies":"Hexaghost","floor":16.0,"turns":8.0},{"damage":17.0,"enemies":"Shell Parasite","floor":18.0,"turns":6.0},{"damage":10.0,"enemies":"Chosen","floor":20.0,"turns":5.0},{"damage":34.0,"enemies":"Centurion and Healer","floor":22.0,"turns":5.0},{"damage":19.0,"enemies":"Snake Plant","floor":28.0,"turns":6.0},{"damage":6.0,"enemies":"Shelled Parasite and Fungi","floor":30.0,"turns":7.0},{"damage":7.0,"enemies":"Gremlin Leader","floor":31.0,"turns":7.0},{"damage":46,"enemies":"Champ","floor":33,"turns":10}],"seed_played":"7512540961853590405","potions_obtained":[{"floor":10.0,"key":"Energy Potion"},{"floor":11.0,"key":"AttackPotion"},{"floor":14.0,"key":"SpeedPotion"},{"floor":16.0,"key":"FearPotion"},{"floor":20.0,"key":"SteroidPotion"},{"floor":28.0,"key":"Swift Potion"}],"is_trial":false,"path_per_floor":["M","?","?","$","?","R","M","R","T","M","E","$","R","M","R","B",null,"M","$","M","?","M","R","T","R","T","$","M","$","M","E","R","B"],"character_chosen":"DEFECT","items_purchased":["Gash","Conserve Battery","Strength Potion","Auto Shields","Beam Cell"],"campfire_rested":3,"item_purchase_floors":[12,19,19,27,29],"current_hp_per_floor":[75,68,43,43,48,48,48,48,48,42,17,17,56,54,54,12,80,63,63,53,53,19,58,58,58,58,58,39,39,33,26,65,19],"gold":66,"neow_bonus":"UPGRADE_CARD","is_prod":false,"is_daily":false,"chose_seed":false,"campfire_upgraded":4,"win_rate":0,"timestamp":1560869667,"path_taken":["M","?","?","$","?","R","M","R","T","M","E","$","R","M","R","BOSS","M","$","M","?","?","R","?","R","T","$","M","?","M","E","R","BOSS"],"build_version":"2019-01-23","purchased_purges":2,"victory":false,"max_hp_per_floor":[75,75,75,75,80,80,80,80,80,80,80,80,80,80,80,80,80,80,80,80,80,80,80,80,80,80,80,80,80,80,80,80,80],"card_choices":[{"not_picked":["Turbo","Compile Driver","Gash"],"picked":"SKIP","floor":1.0},{"not_picked":["Turbo","Compile Driver"],"picked":"Gash","floor":1.0},{"not_picked":["Beam Cell","Barrage"],"picked":"Gash","floor":7.0},{"not_picked":["Compile Driver","Chaos","Coolheaded"],"picked":"SKIP","floor":10.0},{"not_picked":["Hologram","Turbo","Machine Learning"],"picked":"SKIP","floor":11.0},{"not_picked":["Defragment","Coolheaded","Compile Driver"],"picked":"SKIP","floor":14.0},{"not_picked":["Amplify","Rainbow"],"picked":"Core Surge","floor":16.0},{"not_picked":["Chaos","White Noise"],"picked":"Steam+1","floor":18.0},{"not_picked":["Darkness","Stack"],"picked":"Scrape","floor":20.0},{"not_picked":["Barrage","Chill","Loop+1"],"picked":"SKIP","floor":22.0},{"not_picked":["Cold Snap","Blizzard"],"picked":"Go for the Eyes","floor":28.0},{"not_picked":["Barrage","Hologram+1"],"picked":"Undo","floor":30.0},{"not_picked":["Barrage","Tempest","Thunder Strike"],"picked":"SKIP","floor":31.0},{"not_picked":["Doom and Gloom","Darkness"],"picked":"Steam","floor":32.0}],"player_experience":1296838,"relics_obtained":[{"floor":9.0,"key":"Ancient Tea Set"},{"floor":11.0,"key":"Potion Belt"},{"floor":24.0,"key":"Dream Catcher"},{"floor":26.0,"key":"The Courier"},{"floor":31.0,"key":"Mercury Hourglass"}],"event_choices":[{"cards_removed":["Zap"],"damage_healed":0.0,"max_hp_gain":0.0,"max_hp_loss":0.0,"gold_gain":0.0,"event_name":"Golden Wing","player_choice":"Card Removal","floor":2.0,"gold_loss":0.0,"damage_taken":7.0},{"damage_healed":0.0,"max_hp_gain":0.0,"max_hp_loss":0.0,"gold_gain":0.0,"event_name":"Scrap Ooze","player_choice":"Success","floor":3.0,"gold_loss":0.0,"damage_taken":25.0,"relics_obtained":["Regal Pillow"]},{"damage_healed":0.0,"max_hp_gain":5.0,"max_hp_loss":0.0,"gold_gain":0.0,"event_name":"Big Fish","player_choice":"Donut","floor":5.0,"gold_loss":0.0,"damage_taken":0.0},{"cards_removed":["Core Surge"],"damage_healed":0.0,"max_hp_gain":0.0,"max_hp_loss":0.0,"gold_gain":0.0,"event_name":"WeMeetAgain","player_choice":"Gave Card","floor":21.0,"gold_loss":0.0,"damage_taken":0.0,"relics_obtained":["Kunai"]}],"is_beta":false,"boss_relics":[{"not_picked":["Coffee Dripper","White Beast Statue"],"picked":"Philosopher\u0027s Stone"}],"items_purged_floors":[12,19],"is_endless":false,"potions_floor_spawned":[10,11,14,16,20,28,30],"killed_by":"Champ","ascension_level":0}