{"gold_per_floor":[111,111,111,286,58,96,96,136,136,136,151,170,186,210,210,331,331,351,284,284,284,284,284,99,119,195,235,235,247,262,294,294,397,397,407,418,217,217,81,115,115,130,153,153,165,87,100,111,111,111],"floor_reached":51,"playtime":1892,"items_purged":["Doubt","Skim"],"score":775,"play_id":"a915abdc-3b58-46ca-9179-29c1a5ea0232","local_time":"20190216232020","is_ascension_mode":false,"campfire_choices":[{"data":"Defragment","floor":7.0,"key":"SMITH"},{"data":"Dualcast","floor":10.0,"key":"SMITH"},{"data":"Zap","floor":15,"key":"SMITH"},{"data":"Ball Lightning","floor":23,"key":"SMITH"},{"data":"Apotheosis","floor":32,"key":"SMITH"},{"data":"Rainbow","floor":41,"key":"SMITH"},{"data":"Echo Form","floor":49,"key":"SMITH"}],"neow_cost":"NONE","seed_source_timestamp":385447748092775,"circlet_count":0,"master_deck":["Zap+1","Dualcast+1","Ball Lightning+1","Defragment+1","Glacier","Conserve Battery","Conserve Battery","Auto Shields","Seek","Chill","Ball Lightning","Apotheosis+1","Darkness+1","BootSequence","Undo","Blizzard","Rainbow+1","Machine Learning","Compile Driver","Leap","Melter","Creative AI","Aggregate","Echo Form+1","Skim","White Noise","Chaos+1","Defragment"],"special_seed":0,"relics":["FrozenCore","Bloody Idol","Kunai","Dream Catcher","Gremlin Horn","Orichalcum","PreservedInsect","Mercury Hourglass","Blue Candle","Pantograph","Pandora\u0027s Box","Runic Capacitor","DataDisk","Juzu Bracelet"],"potions_floor_usage":[16,27,31,50,50],"damage_taken":[{"damage":1.0,"enemies":"Cultist","floor":1.0,"turns":4.0},{"damage":18.0,"enemies":"Gremlin Nob","floor":6.0,"turns":4.0},{"damage":14.0,"enemies":"3 Sentries","floor":8.0,"turns":8.0},{"damage":11.0,"enemies":"Jaw Worm","floor":11.0,"turns":2.0},{"damage":0.0,"enemies":"Small Slimes","floor":12.0,"turns":4.0},{"damage":0,"enemies":"Exordium Thugs","floor":13,"turns":5},{"damage":0,"enemies":"2 Fungi Beasts","floor":14,"turns":4},{"damage":0,"enemies":"Hexaghost","floor":16,"turns":13},{"damage":0,"enemies":"Chosen","floor":18,"turns":5},{"damage":0,"enemies":"Spheric Guardian","floor":25,"turns":4},{"damage":3,"enemies":"Book of Stabbing","floor":27,"turns":6},{"damage":0,"enemies":"Snake Plant","floor":29,"turns":6},{"damage":0,"enemies":"Sentry and Sphere","floor":30,"turns":6},{"damage":7,"enemies":"Slavers","floor":31,"turns":4},{"damage":33,"enemies":"Automaton","floor":33,"turns":11},{"damage":0,"enemies":"3 Shapes","floor":35,"turns":7},{"damage":7,"enemies":"Orb Walker","floor":36,"turns":5},{"damage":9,"enemies":"Reptomancer","floor":40,"turns":6},{"damage":8,"enemies":"Transient","floor":42,"turns":5},{"damage":0,"enemies":"Sphere and 2 Shapes","floor":45,"turns":8},{"damage":5,"enemies":"Jaw Worm Horde","floor":47,"turns":5},{"damage":0,"enemies":"Maw","floor":48,"turns":6},{"damage":12,"enemies":"Donu and Deca","floor":50,"turns":9}],"seed_played":"-1611285074087598600","potions_obtained":[{"floor":0.0,"key":"Explosive Potion"},{"floor":0.0,"key":"SmokeBomb"},{"floor":0.0,"key":"Strength Potion"},{"floor":1.0,"key":"GamblersBrew"},{"floor":11.0,"key":"GamblersBrew"},{"floor":27,"key":"Fruit Juice"},{"floor":30,"key":"Block Potion"},{"floor":31,"key":"Poison Potion"},{"floor":47,"key":"Fire Potion"}],"is_trial":false,"path_per_floor":["M","?","?","?","$","E","R","E","T","R","M","M","M","M","R","B",null,"M","$","?","T","?","R","$","M","T","E","?","M","M","E","R","B",null,"M","M","$","?","$","E","R","M","T","?","M","$","M","M","R","B",null],"character_chosen":"DEFECT","items_purchased":["Defragment","Glacier","Chill","Apotheosis","Runic Capacitor","White Noise","Defragment"],"campfire_rested":0,"item_purchase_floors":[5,5,19,24,37,39,46],"current_hp_per_floor":[74,56,56,56,56,38,38,24,24,24,13,13,13,13,13,13,75,75,75,75,75,75,75,75,75,75,77,77,80,80,78,78,52,80,80,78,78,78,78,74,74,71,76,76,80,80,80,80,80,68],"gold":111,"neow_bonus":"THREE_SMALL_POTIONS","is_prod":false,"is_daily":false,"chose_seed":false,"campfire_upgraded":7,"win_rate":0,"timestamp":1550359220,"path_taken":["M","?","?","?","$","E","R","E","T","R","M","M","?","M","R","BOSS","M","$","?","?","?","R","$","M","T","E","?","M","M","E","R","BOSS","M","M","$","?","$","E","R","?","T","?","M","$","M","M","R","BOSS"],"build_version":"2019-01-23","purchased_purges":2,"victory":true,"max_hp_per_floor":[75,75,75,75,75,75,75,75,75,75,75,75,75,75,75,75,75,75,75,75,75,75,75,75,75,75,80,80,80,80,80,80,80,80,80,80,80,80,80,80,80,80,80,80,80,80,80,80,80,80],"card_choices":[{"not_picked":["Turbo","Rebound"],"picked":"Ball Lightning","floor":1.0},{"not_picked":["Gash","Leap","Sweeping Beam"],"picked":"SKIP","floor":6.0},{"not_picked":["Reprogram","Tempest","Darkness"],"picked":"SKIP","floor":8.0},{"not_picked":["Fission","Rebound"],"picked":"Conserve Battery","floor":11.0},{"not_picked":["Leap","Hologram","Lockon"],"picked":"SKIP","floor":12.0},{"not_picked":["Hologram","Streamline"],"picked":"Conserve Battery","floor":13},{"not_picked":["Conserve Battery","Gash"],"picked":"Auto Shields","floor":14},{"not_picked":["Amplify","Core Surge"],"picked":"Seek","floor":16},{"not_picked":["Redo","Self Repair","Storm+1"],"picked":"SKIP","floor":18},{"not_picked":["Coolheaded","Steam"],"picked":"Darkness+1","floor":25},{"not_picked":["Double Energy","Doom and Gloom"],"picked":"BootSequence","floor":27},{"not_picked":["Rebound","Coolheaded"],"picked":"Undo","floor":29},{"not_picked":["Sunder","Auto Shields+1"],"picked":"Blizzard","floor":30},{"not_picked":["Chill+1","Melter"],"picked":"Rainbow","floor":31},{"not_picked":["Biased Cognition","All For One"],"picked":"Machine Learning","floor":33},{"not_picked":["Go for the Eyes","Coolheaded","Streamline+1"],"picked":"SKIP","floor":35},{"not_picked":["Gash","Static Discharge+1","Compile Driver+1"],"picked":"SKIP","floor":36},{"not_picked":["Gash+1","Stack","Go for the Eyes"],"picked":"SKIP","floor":40},{"not_picked":["Leap","Heatsinks+1"],"picked":"Chaos+1","floor":42},{"not_picked":["Beam Cell+1","Static Discharge","Barrage+1"],"picked":"SKIP","floor":45},{"not_picked":["Beam Cell","Steam+1","Creative AI"],"picked":"SKIP","floor":47},{"not_picked":["BootSequence","Redo","Steam+1"],"picked":"SKIP","floor":48}],"player_experience":1045785,"relics_obtained":[{"floor":6.0,"key":"Kunai"},{"floor":8.0,"key":"Dream Catcher"},{"floor":9.0,"key":"Gremlin Horn"},{"floor":21,"key":"Orichalcum"},{"floor":26,"key":"Mercury Hourglass"},{"floor":27,"key":"Blue Candle"},{"floor":31,"key":"Pantograph"},{"floor":40,"key":"DataDisk"},{"floor":43,"key":"Juzu Bracelet"}],"event_choices":[{"damage_healed":0.0,"max_hp_gain":0.0,"max_hp_loss":0.0,"gold_gain":0.0,"event_name":"Golden Idol","player_choice":"Take Damage","floor":2.0,"gold_loss":0.0,"damage_taken":18.0,"relics_obtained":["Golden Idol"]},{"damage_healed":0.0,"max_hp_gain":0.0,"max_hp_loss":0.0,"gold_gain":0.0,"event_name":"The Cleric","player_choice":"Leave","floor":3.0,"gold_loss":0.0,"damage_taken":0.0},{"damage_healed":0.0,"max_hp_gain":0.0,"max_hp_loss":0.0,"gold_gain":175.0,"event_name":"Liars Game","player_choice":"AGREE","floor":4.0,"gold_loss":0.0,"damage_taken":0.0,"cards_obtained":["Doubt"]},{"damage_healed":0,"gold_gain":0,"player_choice":"Read","damage_taken":0,"max_hp_gain":0,"max_hp_loss":0,"event_name":"The Library","floor":20,"gold_loss":0,"cards_obtained":["Ball Lightning"]},{"damage_healed":0,"gold_gain":0,"player_choice":"Opened","damage_taken":0,"relics_obtained":["PreservedInsect"],"max_hp_gain":0,"max_hp_loss":0,"event_name":"The Mausoleum","floor":22,"gold_loss":0},{"damage_healed":0,"gold_gain":0,"player_choice":"Gave Idol","damage_taken":0,"relics_obtained":["Bloody Idol"],"max_hp_gain":0,"max_hp_loss":0,"event_name":"Forgotten Altar","floor":28,"relics_lost":["Golden Idol"],"gold_loss":0},{"damage_healed":0,"gold_gain":0,"player_choice":"Ignored","damage_taken":0,"max_hp_gain":0,"max_hp_loss":0,"event_name":"SecretPortal","floor":38,"gold_loss":0},{"damage_healed":0,"gold_gain":0,"player_choice":"Ignored","damage_taken":0,"max_hp_gain":0,"max_hp_loss":0,"event_name":"Tomb of Lord Red Mask","floor":44,"gold_loss":0}],"is_beta":false,"boss_relics":[{"not_picked":["Lizard Tail","Sozu"],"picked":"FrozenCore"},{"not_picked":["Black Star","Velvet Choker"],"picked":"Pandora\u0027s Box"}],"items_purged_floors":[5,39],"is_endless":false,"potions_floor_spawned":[1,11,14,27,30,31,33,35,42,47],"ascension_level":0}