{"gold_per_floor":[215,233,65,65,85,118,118,136,136,136,152,184,3,35,35,108,108,118,118,134,157,9,66,66,80,80,108,108,141,19,93,93,170,170,183,202,202,252,252,252,279,51,51,51,66,86,116,134,134,134,134],"floor_reached":51,"playtime":5628,"items_purged":["Strike_B","Strike_B","Writhe"],"score":1512,"play_id":"010af6eb-8a43-421e-a5d7-a6249d9d00d9","local_time":"20190621200739","is_ascension_mode":true,"campfire_choices":[{"data":"Defragment","floor":7.0,"key":"SMITH"},{"floor":10.0,"key":"REST"},{"data":"Go for the Eyes","floor":15.0,"key":"SMITH"},{"floor":24.0,"key":"REST"},{"floor":32.0,"key":"REST"},{"floor":40.0,"key":"RECALL"},{"data":"Ghostly","floor":44.0,"key":"SMITH"},{"data":"Ghostly","floor":49,"key":"SMITH"}],"neow_cost":"NONE","seed_source_timestamp":0,"circlet_count":0,"master_deck":["AscendersBane","Strike_B","Strike_B","Defend_B","Defend_B","Defend_B","Defend_B","Zap+1","Dualcast","Defragment+1","Undo","Rainbow","Cold Snap","Go for the Eyes+1","Ball Lightning","Biased Cognition","Genetic Algorithm","Creative AI","Defragment","Cold Snap","Barrage","Conserve Battery","Ghostly+1","Ghostly+1","Ghostly","Undo","Loop","Echo Form","Undo+1","Self Repair"],"special_seed":0,"relics":["Cracked Core","PreservedInsect","Bag of Marbles","The Courier","Ice Cream","Regal Pillow","Nuclear Battery","Nilry\u0027s Codex","Dream Catcher","Vajra","Tiny Chest","Question Card","DataDisk","Pen Nib","Letter Opener","Snecko Eye","Nunchaku","Blue Candle","Oddly Smooth Stone","Bag of Preparation"],"potions_floor_usage":[50],"damage_taken":[{"damage":4.0,"enemies":"Small Slimes","floor":1.0,"turns":3.0},{"damage":2.0,"enemies":"Jaw Worm","floor":2.0,"turns":3.0},{"damage":10.0,"enemies":"2 Louse","floor":5.0,"turns":3.0},{"damage":8.0,"enemies":"Gremlin Nob","floor":6.0,"turns":3.0},{"damage":6.0,"enemies":"Blue Slaver","floor":8.0,"turns":4.0},{"damage":1.0,"enemies":"Looter","floor":11.0,"turns":3.0},{"damage":2.0,"enemies":"Lagavulin","floor":12.0,"turns":7.0},{"damage":8.0,"enemies":"3 Sentries","floor":14.0,"turns":5.0},{"damage":23.0,"enemies":"Hexaghost","floor":16.0,"turns":10.0},{"damage":0.0,"enemies":"Chosen","floor":18.0,"turns":3.0},{"damage":5.0,"enemies":"3 Byrds","floor":20.0,"turns":4.0},{"damage":9.0,"enemies":"Gremlin Leader","floor":23.0,"turns":5.0},{"damage":14.0,"enemies":"3 Cultists","floor":25.0,"turns":5.0},{"damage":22.0,"enemies":"Book of Stabbing","floor":27.0,"turns":4.0},{"damage":6.0,"enemies":"Slavers","floor":29.0,"turns":6.0},{"damage":21.0,"enemies":"Automaton","floor":33.0,"turns":9.0},{"damage":0.0,"enemies":"3 Darklings","floor":35.0,"turns":5.0},{"damage":0.0,"enemies":"3 Shapes","floor":36.0,"turns":5.0},{"damage":12.0,"enemies":"2 Orb Walkers","floor":38.0,"turns":4.0},{"damage":3.0,"enemies":"Nemesis","floor":41.0,"turns":7.0},{"damage":0.0,"enemies":"Maw","floor":45.0,"turns":7.0},{"damage":4.0,"enemies":"Sphere and 2 Shapes","floor":46.0,"turns":7.0},{"damage":11.0,"enemies":"Giant Head","floor":47.0,"turns":9.0},{"damage":0,"enemies":"Transient","floor":48,"turns":6},{"damage":12,"enemies":"Time Eater","floor":50,"turns":13},{"damage":30,"enemies":"Awakened One","floor":51,"turns":5}],"seed_played":"19437263817031654","potions_obtained":[{"floor":1.0,"key":"GamblersBrew"},{"floor":2.0,"key":"SkillPotion"},{"floor":6.0,"key":"Weak Potion"},{"floor":12.0,"key":"SpeedPotion"},{"floor":16.0,"key":"SteroidPotion"},{"floor":23.0,"key":"FearPotion"},{"floor":27.0,"key":"Fire Potion"},{"floor":29.0,"key":"Ancient Potion"},{"floor":33.0,"key":"Poison Potion"},{"floor":36.0,"key":"PowerPotion"},{"floor":41.0,"key":"Energy Potion"},{"floor":46.0,"key":"LiquidBronze"},{"floor":48,"key":"Ancient Potion"}],"is_trial":false,"path_per_floor":["M","M","$","?","M","E","R","M","T","R","M","E","$","E","R","B",null,"M","?","M","T","$","E","R","M","T","E","?","E","$","T","R","B",null,"M","M","?","?","?","R","E","$","T","R","M","M","E","M","R","B","B"],"character_chosen":"DEFECT","items_purchased":["PreservedInsect","Biased Cognition","Vajra","Cold Snap","PowerPotion","Oddly Smooth Stone"],"campfire_rested":3,"item_purchase_floors":[3,13,22,22,30,42],"current_hp_per_floor":[60,58,58,58,48,40,40,34,34,55,54,52,52,44,44,21,59,59,38,33,33,33,24,60,46,46,24,24,18,18,18,35,14,30,30,30,30,18,25,25,22,22,22,22,22,25,21,28,28,23,0],"gold":134,"neow_bonus":"HUNDRED_GOLD","is_prod":false,"is_daily":false,"chose_seed":false,"campfire_upgraded":4,"win_rate":0,"timestamp":1561172859,"path_taken":["M","M","$","?","M","E","R","M","T","R","M","E","$","E","R","BOSS","M","?","M","?","$","E","R","M","T","E","?","E","?","?","R","BOSS","M","M","?","?","?","R","E","$","T","R","M","M","E","M","R","BOSS","BOSS"],"build_version":"2019-01-23","purchased_purges":3,"victory":false,"max_hp_per_floor":[71,71,71,71,71,71,71,71,71,71,71,71,71,71,71,71,71,71,71,71,71,71,71,71,71,71,71,35,35,35,35,35,35,35,35,35,35,35,35,35,35,35,35,35,35,35,35,35,35,35,35],"card_choices":[{"not_picked":["Lockon","Stack"],"picked":"Defragment","floor":1.0},{"not_picked":["Redo","Storm"],"picked":"Undo","floor":2.0},{"not_picked":["Redo","Turbo","Blizzard"],"picked":"SKIP","floor":5.0},{"not_picked":["Storm","Rebound"],"picked":"Rainbow","floor":6.0},{"not_picked":["Conserve Battery","Sweeping Beam"],"picked":"Cold Snap","floor":8.0},{"not_picked":["Recycle","Leap"],"picked":"Go for the Eyes","floor":11.0},{"not_picked":["Heatsinks","Aggregate"],"picked":"Ball Lightning","floor":12.0},{"not_picked":["Hyperbeam","Blizzard"],"picked":"Genetic Algorithm","floor":14.0},{"not_picked":["Hyperbeam","All For One"],"picked":"Creative AI","floor":16.0},{"not_picked":["Beam Cell","Stack","Static Discharge"],"picked":"SKIP","floor":18.0},{"not_picked":["Steam+1","Sweeping Beam"],"picked":"Defragment","floor":20.0},{"not_picked":["Storm","Streamline","Beam Cell"],"picked":"SKIP","floor":23.0},{"not_picked":["Sunder","Genetic Algorithm"],"picked":"Barrage","floor":24.0},{"not_picked":["Steam","Stack","Reprogram"],"picked":"SKIP","floor":25.0},{"not_picked":["Thunder Strike","Rebound","Steam"],"picked":"Conserve Battery","floor":27.0},{"not_picked":["Conserve Battery","Barrage+1","Ball Lightning"],"picked":"Undo","floor":29.0},{"not_picked":["Gash","Rebound+1","Beam Cell"],"picked":"Loop","floor":32.0},{"not_picked":["Machine Learning","Seek","Biased Cognition"],"picked":"Echo Form","floor":33.0},{"not_picked":["Stack","Storm","Streamline+1","Go for the Eyes+1"],"picked":"SKIP","floor":35.0},{"not_picked":["Ball Lightning","Leap","Sweeping Beam+1","Beam Cell+1"],"picked":"SKIP","floor":36.0},{"not_picked":["Ball Lightning","Rip and Tear+1","Seek"],"picked":"Undo+1","floor":41.0},{"not_picked":["Melter","Darkness+1","BootSequence"],"picked":"Self Repair","floor":45.0},{"not_picked":["BootSequence","Hello World+1","Aggregate","FTL"],"picked":"SKIP","floor":46.0},{"not_picked":["Cold Snap","Redo","Melter+1","Force Field"],"picked":"SKIP","floor":47.0},{"not_picked":["Darkness","Storm","Chaos+1","Gash"],"picked":"SKIP","floor":48}],"player_experience":952272,"relics_obtained":[{"floor":6.0,"key":"Bag of Marbles"},{"floor":9.0,"key":"The Courier"},{"floor":12.0,"key":"Ice Cream"},{"floor":14.0,"key":"Regal Pillow"},{"floor":19.0,"key":"Nilry\u0027s Codex"},{"floor":21.0,"key":"Dream Catcher"},{"floor":23.0,"key":"Tiny Chest"},{"floor":26.0,"key":"Question Card"},{"floor":27.0,"key":"DataDisk"},{"floor":29.0,"key":"Pen Nib"},{"floor":31.0,"key":"Letter Opener"},{"floor":38.0,"key":"Nunchaku"},{"floor":41.0,"key":"Blue Candle"},{"floor":47.0,"key":"Bag of Preparation"}],"event_choices":[{"damage_healed":0.0,"max_hp_gain":0.0,"max_hp_loss":0.0,"gold_gain":0.0,"event_name":"Living Wall","player_choice":"Grow","floor":4.0,"gold_loss":0.0,"damage_taken":0.0,"cards_upgraded":["Zap"]},{"damage_healed":0.0,"max_hp_gain":0.0,"max_hp_loss":0.0,"gold_gain":0.0,"event_name":"Cursed Tome","player_choice":"Obtained Book","floor":19.0,"gold_loss":0.0,"damage_taken":21.0},{"damage_healed":0.0,"max_hp_gain":0.0,"max_hp_loss":36.0,"gold_gain":0.0,"event_name":"Ghosts","player_choice":"Became a Ghost","floor":28.0,"gold_loss":0.0,"damage_taken":0.0,"cards_obtained":["Ghostly","Ghostly","Ghostly"]},{"damage_healed":0.0,"max_hp_gain":0.0,"max_hp_loss":0.0,"gold_gain":0.0,"event_name":"SensoryStone","player_choice":"Memory 1","floor":37.0,"gold_loss":0.0,"damage_taken":0.0},{"damage_healed":0.0,"max_hp_gain":0.0,"max_hp_loss":0.0,"gold_gain":0.0,"event_name":"Mysterious Sphere","player_choice":"Fight","floor":38.0,"gold_loss":0.0,"damage_taken":0.0},{"damage_healed":7.0,"max_hp_gain":0.0,"max_hp_loss":0.0,"gold_gain":0.0,"event_name":"Winding Halls","player_choice":"Writhe","floor":39.0,"gold_loss":0.0,"damage_taken":0.0,"cards_obtained":["Writhe"]}],"is_beta":false,"boss_relics":[{"not_picked":["Lizard Tail","Astrolabe"],"picked":"Nuclear Battery"},{"not_picked":["Velvet Choker","Runic Dome"],"picked":"Snecko Eye"}],"items_purged_floors":[13,30,42],"is_endless":false,"potions_floor_spawned":[1,2,6,12,16,23,27,29,33,36,41,46,48],"killed_by":"Awakened One","ascension_level":20}