{"gold_per_floor":[119,131,131,80,80,80,105,121,121,121,140,168,168,181,181,285,285,302,302,313,313,313,313,323,323,396,412,431,442,442,459,459,557,557,567,567],"floor_reached":36,"playtime":1206,"items_purged":[],"score":376,"play_id":"5d925391-425c-43da-a3b4-597cda47ab0a","local_time":"20190217140036","is_ascension_mode":false,"campfire_choices":[{"data":"Dualcast","floor":6.0,"key":"SMITH"},{"data":"Zap","floor":10.0,"key":"SMITH"},{"data":"Cold Snap","floor":13.0,"key":"SMITH"},{"data":"Undo","floor":15.0,"key":"SMITH"},{"data":"Echo Form","floor":23.0,"key":"SMITH"},{"data":"Conserve Battery","floor":25.0,"key":"SMITH"},{"data":"Creative AI","floor":30.0,"key":"SMITH"},{"floor":32,"key":"REST"}],"neow_cost":"NONE","seed_source_timestamp":438975790841692,"circlet_count":0,"master_deck":["Strike_B","Defend_B","Defend_B","Defend_B","Zap+1","Dualcast+1","Conserve Battery+1","Cold Snap+1","Undo+1","Auto Shields","Echo Form+1","Rainbow+1","White Noise+1","Tempest+1","Hologram+1","Creative AI+1","Ball Lightning","Seek"],"special_seed":0,"relics":["Cracked Core","Regal Pillow","Matryoshka","Potion Belt","Lantern","Centennial Puzzle","Gremlin Horn","Astrolabe","Shuriken","Pantograph","Eternal Feather"],"potions_floor_usage":[35],"damage_taken":[{"damage":2.0,"enemies":"Small Slimes","floor":1.0,"turns":3.0},{"damage":0.0,"enemies":"Cultist","floor":2.0,"turns":3.0},{"damage":6.0,"enemies":"Gremlin Nob","floor":7.0,"turns":3.0},{"damage":6.0,"enemies":"Jaw Worm","floor":8.0,"turns":3.0},{"damage":0.0,"enemies":"Large Slime","floor":11.0,"turns":6.0},{"damage":2.0,"enemies":"3 Sentries","floor":12.0,"turns":10.0},{"damage":0.0,"enemies":"Blue Slaver","floor":14.0,"turns":3.0},{"damage":17.0,"enemies":"Hexaghost","floor":16.0,"turns":16.0},{"damage":0.0,"enemies":"Chosen","floor":18.0,"turns":4.0},{"damage":8.0,"enemies":"2 Thieves","floor":20.0,"turns":4.0},{"damage":4.0,"enemies":"3 Cultists","floor":24.0,"turns":5.0},{"damage":9.0,"enemies":"Centurion and Healer","floor":27.0,"turns":7.0},{"damage":1.0,"enemies":"Snake Plant","floor":28.0,"turns":5.0},{"damage":10.0,"enemies":"Cultist and Chosen","floor":29.0,"turns":7.0},{"damage":3.0,"enemies":"Chosen and Byrds","floor":31.0,"turns":4.0},{"damage":37,"enemies":"Collector","floor":33,"turns":7},{"damage":17,"enemies":"3 Darklings","floor":35,"turns":3}],"seed_played":"-2634613009524139616","potions_obtained":[{"floor":2.0,"key":"AttackPotion"},{"floor":7.0,"key":"Explosive Potion"},{"floor":11.0,"key":"EssenceOfSteel"},{"floor":14.0,"key":"SpeedPotion"},{"floor":16.0,"key":"Ancient Potion"},{"floor":18.0,"key":"Block Potion"},{"floor":29.0,"key":"Fruit Juice"},{"floor":31,"key":"SkillPotion"},{"floor":33,"key":"SkillPotion"}],"is_trial":false,"path_per_floor":["M","M","?","$","T","R","E","M","T","R","M","E","R","M","R","B",null,"M","?","M","?","$","R","M","R","T","M","M","M","R","M","R","B",null,"M","$"],"character_chosen":"DEFECT","items_purchased":["Conserve Battery"],"campfire_rested":1,"item_purchase_floors":[4],"current_hp_per_floor":[73,73,73,73,73,73,67,61,61,61,61,59,59,59,59,42,75,75,75,67,53,53,53,49,49,49,40,39,34,34,31,71,48,85,68,68],"gold":567,"neow_bonus":"RANDOM_COMMON_RELIC","is_prod":false,"is_daily":false,"chose_seed":false,"campfire_upgraded":7,"win_rate":0,"timestamp":1550412036,"path_taken":["M","M","?","$","?","R","E","M","T","R","M","E","R","M","R","BOSS","M","?","M","?","$","R","M","R","T","M","M","M","R","M","R","BOSS","M","$"],"build_version":"2019-01-23","purchased_purges":0,"victory":false,"max_hp_per_floor":[75,75,75,75,75,75,75,75,75,75,75,75,75,75,75,75,75,75,75,75,80,80,80,80,80,80,80,80,85,85,85,85,85,85,85,85],"card_choices":[{"not_picked":["Streamline","Blizzard","Recycle"],"picked":"SKIP","floor":1.0},{"not_picked":["Beam Cell","Blizzard","Chaos"],"picked":"SKIP","floor":2.0},{"not_picked":["Hyperbeam","Recycle"],"picked":"Cold Snap","floor":7.0},{"not_picked":["Capacitor","Beam Cell"],"picked":"Undo","floor":8.0},{"not_picked":["Redo","Loop","Steam"],"picked":"SKIP","floor":11.0},{"not_picked":["Hologram","Leap","Beam Cell"],"picked":"SKIP","floor":12.0},{"not_picked":["Cold Snap","Force Field"],"picked":"Auto Shields","floor":14.0},{"not_picked":["Rainbow","Meteor Strike"],"picked":"Echo Form","floor":16.0},{"not_picked":["Rebound","Sweeping Beam+1","Coolheaded"],"picked":"SKIP","floor":18.0},{"not_picked":["Streamline","Steam","Scrape"],"picked":"SKIP","floor":20.0},{"not_picked":["Rebound","Turbo"],"picked":"Hologram+1","floor":24.0},{"not_picked":["Coolheaded","Leap","Creative AI"],"picked":"SKIP","floor":27.0},{"not_picked":["Coolheaded","Leap"],"picked":"Creative AI","floor":27.0},{"not_picked":["Rebound","Double Energy+1"],"picked":"Ball Lightning","floor":28.0},{"not_picked":["Sweeping Beam+1","Blizzard","Heatsinks"],"picked":"SKIP","floor":29.0},{"not_picked":["Scrape","Barrage+1","Darkness"],"picked":"SKIP","floor":31},{"not_picked":["Scrape","Barrage+1","Darkness"],"picked":"SKIP","floor":31},{"not_picked":["Hyperbeam","All For One"],"picked":"Seek","floor":33},{"not_picked":["Beam Cell","Fusion","Reprogram"],"picked":"SKIP","floor":35}],"player_experience":1047677,"relics_obtained":[{"floor":5.0,"key":"Matryoshka"},{"floor":7.0,"key":"Potion Belt"},{"floor":9.0,"key":"Lantern"},{"floor":9.0,"key":"Centennial Puzzle"},{"floor":12.0,"key":"Gremlin Horn"},{"floor":26.0,"key":"Shuriken"},{"floor":26.0,"key":"Pantograph"}],"event_choices":[{"cards_removed":["Strike_B"],"damage_healed":0.0,"max_hp_gain":0.0,"max_hp_loss":0.0,"gold_gain":0.0,"event_name":"Purifier","player_choice":"Purged","floor":3.0,"gold_loss":0.0,"damage_taken":0.0},{"damage_healed":0.0,"max_hp_gain":0.0,"max_hp_loss":0.0,"gold_gain":0.0,"event_name":"Vampires","player_choice":"Ignored","floor":19.0,"gold_loss":0.0,"damage_taken":0.0},{"damage_healed":0.0,"max_hp_gain":5.0,"max_hp_loss":0.0,"gold_gain":0.0,"event_name":"Forgotten Altar","player_choice":"Shed Blood","floor":21.0,"gold_loss":0.0,"damage_taken":19.0}],"is_beta":false,"boss_relics":[{"not_picked":["Nuclear Battery","Velvet Choker"],"picked":"Astrolabe"},{"not_picked":["Busted Crown","White Beast Statue"],"picked":"Eternal Feather"}],"items_purged_floors":[],"is_endless":false,"potions_floor_spawned":[2,7,11,14,16,18,29,31,33],"ascension_level":0}