{"gold_per_floor":[111,111,124,299,314,314,11,11,34,34,34,34,34,74,74,194,194,218,218,218,231,231,231,244,244,271,271,286,286,306,331,331,451,451,474,488,488,488,488,488,506,506,506,506,521,537,558,577,577,577],"floor_reached":51,"playtime":1615,"items_purged":[],"score":647,"play_id":"4eb96ae6-712c-4b68-9a18-028629c5dff0","local_time":"20190305231906","is_ascension_mode":false,"campfire_choices":[{"data":"Dualcast","floor":6.0,"key":"SMITH"},{"data":"Coolheaded","floor":11.0,"key":"SMITH"},{"data":"Strike_B","floor":13.0,"key":"SMITH"},{"data":"Strike_B","floor":15.0,"key":"SMITH"},{"data":"Defragment","floor":23.0,"key":"SMITH"},{"data":"Electrodynamics","floor":25.0,"key":"SMITH"},{"data":"Strike_B","floor":27.0,"key":"SMITH"},{"data":"Defend_B","floor":29.0,"key":"SMITH"},{"data":"Defend_B","floor":32.0,"key":"SMITH"},{"data":"Strike_B","floor":40.0,"key":"SMITH"},{"floor":44,"key":"REST"},{"floor":49,"key":"REST"}],"neow_cost":"NONE","seed_source_timestamp":1854523114145297,"circlet_count":0,"master_deck":["Strike_B+1","Strike_B+1","Strike_B+1","Strike_B+1","Defend_B+1","Defend_B+1","Defend_B+1","Zap+1","Dualcast+1","Coolheaded+1","Doubt","Conserve Battery+1","Conserve Battery+1","Electrodynamics+1","Defragment+1","BootSequence+1","Seek+1","Chill+1","Darkness+1","Chaos+1","Finesse+1","Undo+1","Buffer","Conserve Battery+1"],"special_seed":0,"relics":["Cracked Core","Smiling Mask","Toxic Egg 2","Centennial Puzzle","Golden Idol","Mango","Orrery","War Paint","Cursed Key"],"potions_floor_usage":[50,50,50],"damage_taken":[{"damage":0.0,"enemies":"Small Slimes","floor":1.0,"turns":2.0},{"damage":0.0,"enemies":"2 Louse","floor":3.0,"turns":2.0},{"damage":0.0,"enemies":"Cultist","floor":5.0,"turns":4.0},{"damage":8.0,"enemies":"3 Sentries","floor":14.0,"turns":9.0},{"damage":18.0,"enemies":"The Guardian","floor":16.0,"turns":14.0},{"damage":1.0,"enemies":"Spheric Guardian","floor":18.0,"turns":4.0},{"damage":3.0,"enemies":"Chosen","floor":21.0,"turns":5.0},{"damage":6.0,"enemies":"Centurion and Healer","floor":24.0,"turns":9.0},{"damage":0.0,"enemies":"Snecko","floor":28.0,"turns":6.0},{"damage":0.0,"enemies":"Chosen and Byrds","floor":30.0,"turns":4.0},{"damage":0.0,"enemies":"Centurion and Healer","floor":31.0,"turns":2.0},{"damage":52.0,"enemies":"Automaton","floor":33.0,"turns":9.0},{"damage":0.0,"enemies":"3 Shapes","floor":35.0,"turns":2.0},{"damage":0.0,"enemies":"3 Darklings","floor":36.0,"turns":3.0},{"damage":43.0,"enemies":"Maw","floor":41.0,"turns":9.0},{"damage":2,"enemies":"Writhing Mass","floor":45,"turns":8},{"damage":9,"enemies":"3 Darklings","floor":46,"turns":3},{"damage":6,"enemies":"Transient","floor":47,"turns":5},{"damage":6,"enemies":"Spire Growth","floor":48,"turns":6},{"damage":44,"enemies":"Time Eater","floor":50,"turns":10}],"seed_played":"-447784023268041664","potions_obtained":[{"floor":18.0,"key":"Dexterity Potion"},{"floor":21.0,"key":"GamblersBrew"},{"floor":31.0,"key":"SpeedPotion"},{"floor":41.0,"key":"Regen Potion"},{"floor":46,"key":"PowerPotion"}],"is_trial":false,"path_per_floor":["M","$","M","?","M","R","$","?","T","$","R","?","R","E","R","B",null,"M","$","?","M","?","R","M","R","T","R","M","R","M","M","R","B",null,"M","M","?","?","$","R","M","?","T","R","M","M","M","M","R","B",null],"character_chosen":"DEFECT","items_purchased":["Toxic Egg 2","Conserve Battery+1"],"campfire_rested":2,"item_purchase_floors":[7,7],"current_hp_per_floor":[75,75,75,75,75,75,75,75,75,75,75,57,57,63,63,45,89,88,88,88,85,85,85,79,79,79,79,79,79,79,79,79,27,89,89,89,85,85,85,85,42,42,42,67,65,56,50,44,69,40],"gold":577,"neow_bonus":"RANDOM_COMMON_RELIC","is_prod":false,"is_daily":false,"chose_seed":false,"campfire_upgraded":10,"win_rate":0,"timestamp":1551827946,"path_taken":["M","$","M","?","M","R","$","?","T","$","R","?","R","E","R","BOSS","M","$","?","M","?","R","M","R","T","R","M","R","M","M","R","BOSS","M","?","?","?","$","R","M","?","T","R","M","?","M","M","R","BOSS"],"build_version":"2019-01-23","purchased_purges":0,"victory":true,"max_hp_per_floor":[75,75,75,75,75,75,75,75,75,75,75,75,75,89,89,89,89,89,89,89,89,89,89,89,89,89,89,89,89,89,89,89,89,89,89,89,85,85,85,85,85,85,85,85,85,85,85,85,85,85],"card_choices":[{"not_picked":["Tempest","Barrage"],"picked":"Coolheaded","floor":1.0},{"not_picked":["Barrage","Turbo","Streamline"],"picked":"SKIP","floor":3.0},{"not_picked":["Self Repair","Blizzard"],"picked":"Conserve Battery","floor":5.0},{"not_picked":["Streamline","Gash","Skim+1"],"picked":"SKIP","floor":14.0},{"not_picked":["Buffer","Meteor Strike"],"picked":"Electrodynamics","floor":16.0},{"not_picked":["Coolheaded+1","Fusion+1"],"picked":"Defragment","floor":17.0},{"not_picked":["Ball Lightning","Tempest+1"],"picked":"BootSequence+1","floor":17.0},{"not_picked":["Ball Lightning","Turbo+1"],"picked":"Seek+1","floor":17.0},{"not_picked":["Ball Lightning","Streamline"],"picked":"Chill+1","floor":17.0},{"not_picked":["Static Discharge","Lockon","Rip and Tear"],"picked":"SKIP","floor":18.0},{"not_picked":["Go for the Eyes","Turbo+1","Sweeping Beam"],"picked":"SKIP","floor":21.0},{"not_picked":["Force Field+1","Consume+1","BootSequence+1"],"picked":"SKIP","floor":24.0},{"not_picked":["Genetic Algorithm+1","Gash","Redo+1"],"picked":"SKIP","floor":28.0},{"not_picked":["Stack+1","Beam Cell","BootSequence+1"],"picked":"SKIP","floor":30.0},{"not_picked":["Biased Cognition","Aggregate+1"],"picked":"Darkness+1","floor":31.0},{"not_picked":["Go for the Eyes","Barrage","Scrape"],"picked":"SKIP","floor":35.0},{"not_picked":["Consume+1","Go for the Eyes"],"picked":"Chaos+1","floor":36.0},{"not_picked":["Mind Blast","Swift Strike"],"picked":"Finesse+1","floor":38.0},{"not_picked":["Steam+1","Streamline+1"],"picked":"Undo+1","floor":41.0},{"not_picked":["Ball Lightning+1","Rebound"],"picked":"Buffer","floor":45},{"not_picked":["Gash","Ball Lightning+1"],"picked":"Conserve Battery+1","floor":46},{"not_picked":["Double Energy+1","Go for the Eyes","Recycle+1"],"picked":"SKIP","floor":47},{"not_picked":["Rebound+1","Steam+1","Reinforced Body+1"],"picked":"SKIP","floor":48}],"player_experience":1086122,"relics_obtained":[{"floor":9.0,"key":"Centennial Puzzle"},{"floor":14.0,"key":"Mango"},{"floor":26.0,"key":"War Paint"}],"event_choices":[{"damage_healed":0.0,"max_hp_gain":0.0,"max_hp_loss":0.0,"gold_gain":175.0,"event_name":"Liars Game","player_choice":"AGREE","floor":4.0,"gold_loss":0.0,"damage_taken":0.0,"cards_obtained":["Doubt"]},{"damage_healed":0.0,"max_hp_gain":0.0,"max_hp_loss":0.0,"gold_gain":0.0,"event_name":"Living Wall","player_choice":"Grow","floor":8.0,"gold_loss":0.0,"damage_taken":0.0,"cards_upgraded":["Zap"]},{"damage_healed":0.0,"max_hp_gain":0.0,"max_hp_loss":0.0,"gold_gain":0.0,"event_name":"Golden Idol","player_choice":"Take Damage","floor":12.0,"gold_loss":0.0,"damage_taken":18.0,"relics_obtained":["Golden Idol"]},{"damage_healed":0.0,"max_hp_gain":0.0,"max_hp_loss":0.0,"gold_gain":0.0,"event_name":"Beggar","player_choice":"Ignored","floor":20.0,"gold_loss":0.0,"damage_taken":0.0},{"cards_removed":["Defend_B"],"damage_healed":0.0,"max_hp_gain":0.0,"max_hp_loss":0.0,"gold_gain":0.0,"event_name":"Bonfire Elementals","player_choice":"Offered Basic","floor":22.0,"gold_loss":0.0,"damage_taken":0.0},{"damage_healed":0.0,"max_hp_gain":0.0,"max_hp_loss":4.0,"gold_gain":0.0,"event_name":"Winding Halls","player_choice":"Max HP","floor":37.0,"gold_loss":0.0,"damage_taken":0.0},{"damage_healed":0.0,"max_hp_gain":0.0,"max_hp_loss":0.0,"gold_gain":0.0,"event_name":"SensoryStone","player_choice":"Memory 1","floor":38.0,"gold_loss":0.0,"damage_taken":0.0},{"damage_healed":0.0,"max_hp_gain":0.0,"max_hp_loss":0.0,"gold_gain":0.0,"event_name":"Mysterious Sphere","player_choice":"Ignored","floor":42.0,"gold_loss":0.0,"damage_taken":0.0}],"is_beta":false,"boss_relics":[{"not_picked":["Philosopher\u0027s Stone","Ectoplasm"],"picked":"Orrery"},{"not_picked":["Runic Pyramid","Tiny House"],"picked":"Cursed Key"}],"items_purged_floors":[],"is_endless":false,"potions_floor_spawned":[18,21,31,41,46],"ascension_level":0}