{"gold_per_floor":[111,122,49,66,66,66,81,91,91,91,91,91,91,111,111,213,213,231,243,132,42,55,90,102,102,128,163,182,182,182,213,213,311,311,324,60,60,77,77,77,109,109,109,134,134,0,18,18,18,18],"floor_reached":51,"playtime":1636,"items_purged":["Strike_B"],"score":853,"play_id":"d231107e-bf6c-4d1d-ab7c-5ff4b6dbcc53","local_time":"20190621180108","is_ascension_mode":false,"campfire_choices":[{"data":"Dualcast","floor":6.0,"key":"SMITH"},{"data":"Defragment","floor":10.0,"key":"SMITH"},{"data":"Zap","floor":13.0,"key":"SMITH"},{"data":"Coolheaded","floor":15.0,"key":"SMITH"},{"data":"Capacitor","floor":25.0,"key":"SMITH"},{"floor":29.0,"key":"REST"},{"data":"Electrodynamics","floor":32.0,"key":"SMITH"},{"floor":40.0,"key":"RECALL"},{"floor":42.0,"key":"REST"},{"floor":45,"key":"REST"},{"floor":49,"key":"REST"}],"neow_cost":"NONE","seed_source_timestamp":0,"circlet_count":0,"master_deck":["Strike_B+1","Strike_B+1","Strike_B+1","Defend_B+1","Defend_B+1","Defend_B+1","Zap+1","Dualcast+1","Conserve Battery+1","Sunder+1","Defragment+1","Coolheaded+1","Electrodynamics+1","Conserve Battery+1","Capacitor+1","Glacier+1","Chill+1","Rainbow+1","Defragment+1","Seek+1"],"special_seed":0,"relics":["Cracked Core","Potion Belt","Lizard Tail","Ancient Tea Set","Blood Vial","Matryoshka","Cables","Busted Crown","DollysMirror","Mark of the Bloom","Dodecahedron","Orichalcum","Ornamental Fan","Red Mask"],"potions_floor_usage":[50,50,50,50,50,50,50,50],"damage_taken":[{"damage":0.0,"enemies":"2 Louse","floor":1.0,"turns":2.0},{"damage":0.0,"enemies":"Cultist","floor":2.0,"turns":2.0},{"damage":0.0,"enemies":"Jaw Worm","floor":4.0,"turns":3.0},{"damage":9.0,"enemies":"Large Slime","floor":7.0,"turns":4.0},{"damage":5.0,"enemies":"Looter","floor":8.0,"turns":3.0},{"damage":0.0,"enemies":"2 Fungi Beasts","floor":14.0,"turns":1.0},{"damage":17.0,"enemies":"The Guardian","floor":16.0,"turns":9.0},{"damage":11.0,"enemies":"Spheric Guardian","floor":18.0,"turns":4.0},{"damage":2.0,"enemies":"Shell Parasite","floor":19.0,"turns":6.0},{"damage":0.0,"enemies":"Cultist and Chosen","floor":22.0,"turns":10.0},{"damage":4.0,"enemies":"Gremlin Leader","floor":23.0,"turns":8.0},{"damage":0.0,"enemies":"3 Cultists","floor":24.0,"turns":4.0},{"damage":23.0,"enemies":"Book of Stabbing","floor":27.0,"turns":7.0},{"damage":17.0,"enemies":"Snake Plant","floor":28.0,"turns":4.0},{"damage":10.0,"enemies":"Gremlin Leader","floor":31.0,"turns":9.0},{"damage":40.0,"enemies":"Automaton","floor":33.0,"turns":10.0},{"damage":2.0,"enemies":"Orb Walker","floor":35.0,"turns":2.0},{"damage":0.0,"enemies":"3 Shapes","floor":38.0,"turns":3.0},{"damage":0.0,"enemies":"Giant Head","floor":41.0,"turns":10.0},{"damage":0,"enemies":"Reptomancer","floor":44,"turns":5},{"damage":0,"enemies":"Transient","floor":47,"turns":5},{"damage":0,"enemies":"Donu and Deca","floor":50,"turns":6}],"seed_played":"-9076000744661260182","potions_obtained":[{"floor":7.0,"key":"Energy Potion"},{"floor":8.0,"key":"Energy Potion"},{"floor":19.0,"key":"GamblersBrew"},{"floor":22.0,"key":"PowerPotion"},{"floor":23.0,"key":"Swift Potion"},{"floor":28.0,"key":"EntropicBrew"},{"floor":44,"key":"PowerPotion"},{"floor":47,"key":"Weak Potion"}],"is_trial":false,"path_per_floor":["M","M","$","M","$","R","M","M","T","R","?","?","R","M","R","B",null,"M","M","$","?","M","E","M","R","T","E","M","R","?","E","R","B",null,"M","$","?","M","?","R","E","R","T","E","R","?","M","?","R","B",null],"character_chosen":"DEFECT","items_purchased":["Defragment","Glacier","DollysMirror","Seek"],"campfire_rested":4,"item_purchase_floors":[3,20,36,36],"current_hp_per_floor":[75,75,75,75,75,75,66,61,61,61,61,75,75,75,75,58,75,64,62,62,62,62,58,58,58,58,37,22,44,69,61,61,23,75,73,73,71,71,71,71,71,71,71,71,71,71,71,71,71,71],"gold":18,"neow_bonus":"THREE_CARDS","is_prod":false,"is_daily":false,"chose_seed":false,"campfire_upgraded":6,"win_rate":0,"timestamp":1561136468,"path_taken":["M","M","$","M","$","R","M","M","T","R","?","?","R","M","R","BOSS","M","M","$","?","?","E","M","R","T","E","M","R","?","E","R","BOSS","M","$","?","M","?","R","E","R","T","E","R","?","M","?","R","BOSS"],"build_version":"2019-01-23","purchased_purges":1,"victory":true,"max_hp_per_floor":[75,75,75,75,75,75,75,75,75,75,75,75,75,75,75,75,75,75,75,75,75,75,75,75,75,75,75,75,75,75,75,75,75,75,75,75,71,71,71,71,71,71,71,71,71,71,71,71,71,71],"card_choices":[{"not_picked":["Steam","Go for the Eyes"],"picked":"Conserve Battery","floor":0.0},{"not_picked":["Streamline","Conserve Battery"],"picked":"Sunder","floor":1.0},{"not_picked":["Conserve Battery","Redo","Darkness"],"picked":"SKIP","floor":2.0},{"not_picked":["Leap","Barrage","Redo"],"picked":"SKIP","floor":4.0},{"not_picked":["Gash","Beam Cell","Doom and Gloom"],"picked":"SKIP","floor":7.0},{"not_picked":["Biased Cognition","Streamline"],"picked":"Coolheaded","floor":8.0},{"not_picked":["Sweeping Beam","Blizzard","Hologram"],"picked":"SKIP","floor":14.0},{"not_picked":["Reboot","Multi-Cast"],"picked":"Electrodynamics","floor":16.0},{"not_picked":["Stack+1","Cold Snap"],"picked":"Conserve Battery+1","floor":18.0},{"not_picked":["Scrape","Static Discharge"],"picked":"Capacitor","floor":19.0},{"not_picked":["Cold Snap","Leap"],"picked":"Chill+1","floor":22.0},{"not_picked":["Auto Shields","Stack","Compile Driver"],"picked":"SKIP","floor":23.0},{"not_picked":["Stack","Aggregate+1","Loop+1"],"picked":"SKIP","floor":24.0},{"not_picked":["Hyperbeam","Meteor Strike"],"picked":"Melter+1","floor":27.0},{"not_picked":["Barrage","Cold Snap","Gash"],"picked":"SKIP","floor":28.0},{"not_picked":["Loop+1","Steam Power","Hello World+1"],"picked":"SKIP","floor":31.0},{"not_picked":["Fission","Electrodynamics"],"picked":"Rainbow","floor":33.0},{"not_picked":["Hologram+1"],"picked":"SKIP","floor":35.0},{"not_picked":["Coolheaded"],"picked":"SKIP","floor":38.0},{"not_picked":["Leap+1"],"picked":"SKIP","floor":41.0},{"not_picked":["Reprogram"],"picked":"SKIP","floor":44},{"not_picked":["Glacier"],"picked":"SKIP","floor":47}],"player_experience":1303279,"relics_obtained":[{"floor":9.0,"key":"Potion Belt"},{"floor":23.0,"key":"Ancient Tea Set"},{"floor":26.0,"key":"Blood Vial"},{"floor":27.0,"key":"Matryoshka"},{"floor":31.0,"key":"Cables"},{"floor":41.0,"key":"Dodecahedron"},{"floor":43,"key":"Orichalcum"},{"floor":44,"key":"Ornamental Fan"}],"event_choices":[{"damage_healed":0.0,"max_hp_gain":0.0,"max_hp_loss":0.0,"gold_gain":0.0,"event_name":"Living Wall","player_choice":"Grow","floor":11.0,"gold_loss":0.0,"damage_taken":0.0,"cards_upgraded":["Sunder"]},{"damage_healed":14.0,"max_hp_gain":0.0,"max_hp_loss":0.0,"gold_gain":0.0,"event_name":"Wheel of Change","player_choice":"Full Heal","floor":12.0,"gold_loss":0.0,"damage_taken":0.0},{"cards_removed":["Defend_B"],"damage_healed":0.0,"max_hp_gain":0.0,"max_hp_loss":0.0,"gold_gain":0.0,"event_name":"Designer","player_choice":"Upgrade and Remove","floor":21.0,"gold_loss":90.0,"damage_taken":0.0,"cards_upgraded":["Glacier"]},{"damage_healed":25.0,"max_hp_gain":0.0,"max_hp_loss":0.0,"gold_gain":0.0,"event_name":"The Library","player_choice":"Heal","floor":30.0,"gold_loss":0.0,"damage_taken":0.0},{"damage_healed":0.0,"max_hp_gain":0.0,"max_hp_loss":4.0,"gold_gain":0.0,"event_name":"Winding Halls","player_choice":"Max HP","floor":37.0,"gold_loss":0.0,"damage_taken":0.0},{"damage_healed":0.0,"max_hp_gain":0.0,"max_hp_loss":0.0,"gold_gain":0.0,"event_name":"MindBloom","player_choice":"Upgrade","floor":39.0,"gold_loss":0.0,"damage_taken":0.0,"cards_upgraded":["Strike_B","Strike_B","Strike_B","Defend_B","Defend_B","Defend_B","Conserve Battery","Rainbow","Seek"],"relics_obtained":["Mark of the Bloom"]},{"damage_healed":0,"gold_gain":0,"player_choice":"Paid","damage_taken":0,"relics_obtained":["Red Mask"],"max_hp_gain":0,"max_hp_loss":0,"event_name":"Tomb of Lord Red Mask","floor":46,"gold_loss":134},{"cards_removed":["Melter"],"damage_healed":0,"gold_gain":0,"player_choice":"Removed Attack","damage_taken":0,"max_hp_gain":0,"max_hp_loss":0,"event_name":"Falling","floor":48,"gold_loss":0}],"is_beta":false,"boss_relics":[{"not_picked":["Fusion Hammer","Snecko Eye"],"picked":"Lizard Tail"},{"not_picked":["Calling Bell","Black Star"],"picked":"Busted Crown"}],"items_purged_floors":[20],"is_endless":false,"potions_floor_spawned":[7,8,19,22,23,28,33,44,47],"ascension_level":0}