{"gold_per_floor":[112,128,148,148,168,195,219,244,335,347,390,418,430,500,512,629,641,671,697,721,733],"floor_reached":21,"playtime":2414,"items_purged":[],"score":197,"play_id":"452293f8-4ff8-409f-972f-725486f3d9e9","local_time":"20190502193451","is_ascension_mode":false,"campfire_choices":[{"data":"Seeing Red","floor":10.0,"key":"SMITH"},{"data":"Flex","floor":13,"key":"SMITH"},{"data":"Whirlwind","floor":15,"key":"SMITH"}],"neow_cost":"NONE","seed_source_timestamp":505757254271200,"circlet_count":0,"master_deck":["Strike_R","Strike_R","Strike_R","Strike_R","Strike_R","Defend_R","Defend_R","Defend_R","Defend_R","Bash","Brutality","Clash","Seeing Red+1","Body Slam","Fire Breathing","Clash","Headbutt","Bludgeon","Flex+1","Whirlwind+1","Carnage","Reaper","Clothesline","Anger"],"special_seed":0,"relics":["Burning Blood","MawBank","Darkstone Periapt","Tiny Chest","Philosopher\u0027s Stone"],"potions_floor_usage":[16,18,21],"damage_taken":[{"damage":5.0,"enemies":"Small Slimes","floor":1.0,"turns":3.0},{"damage":11.0,"enemies":"Cultist","floor":2.0,"turns":4.0},{"damage":7.0,"enemies":"Jaw Worm","floor":3.0,"turns":4.0},{"damage":4.0,"enemies":"Blue Slaver","floor":5.0,"turns":3.0},{"damage":29.0,"enemies":"Lagavulin","floor":6.0,"turns":6.0},{"damage":5.0,"enemies":"Large Slime","floor":7.0,"turns":6.0},{"damage":0.0,"enemies":"2 Fungi Beasts","floor":8.0,"turns":2.0},{"damage":1.0,"enemies":"3 Louse","floor":11.0,"turns":2.0},{"damage":10,"enemies":"Exordium Thugs","floor":12,"turns":4},{"damage":27,"enemies":"3 Sentries","floor":14,"turns":4},{"damage":7,"enemies":"Slime Boss","floor":16,"turns":8},{"damage":1,"enemies":"Spheric Guardian","floor":18,"turns":3},{"damage":17,"enemies":"Shell Parasite","floor":19,"turns":3},{"damage":55,"enemies":"Shelled Parasite and Fungi","floor":20,"turns":6},{"damage":27,"enemies":"Cultist and Chosen","floor":21,"turns":4}],"seed_played":"3171633733280534381","potions_obtained":[{"floor":1.0,"key":"EssenceOfSteel"},{"floor":3.0,"key":"FearPotion"},{"floor":5.0,"key":"EssenceOfSteel"},{"floor":7.0,"key":"Dexterity Potion"},{"floor":12,"key":"Swift Potion"},{"floor":14,"key":"GamblersBrew"},{"floor":18,"key":"SkillPotion"}],"is_trial":false,"path_per_floor":["M","M","M","?","M","E","M","M","T","R","M","M","R","E","R","B",null,"M","M","M","M"],"character_chosen":"IRONCLAD","items_purchased":[],"campfire_rested":0,"item_purchase_floors":[],"current_hp_per_floor":[80,75,74,74,76,53,54,60,60,60,65,61,61,40,40,39,80,80,69,26,0],"gold":733,"neow_bonus":"ONE_RANDOM_RARE_CARD","is_prod":false,"is_daily":false,"chose_seed":false,"campfire_upgraded":3,"win_rate":0.0,"timestamp":1556843691,"path_taken":["M","M","M","?","M","E","M","M","T","R","M","M","R","E","R","BOSS","M","M","M","M"],"build_version":"2019-01-23","purchased_purges":0,"victory":false,"max_hp_per_floor":[80,80,80,80,80,80,80,80,80,80,80,80,80,80,80,80,80,80,80,80,80],"card_choices":[{"not_picked":["Inflame","Pommel Strike"],"picked":"Clash","floor":1.0},{"not_picked":["True Grit","Clash"],"picked":"Seeing Red","floor":2.0},{"not_picked":["Hemokinesis","Bludgeon"],"picked":"Body Slam","floor":3.0},{"not_picked":["Entrench","Burning Pact"],"picked":"Fire Breathing","floor":5.0},{"not_picked":["Twin Strike","Power Through"],"picked":"Clash","floor":6.0},{"not_picked":["Perfected Strike","Spot Weakness"],"picked":"Headbutt","floor":7.0},{"not_picked":["Pummel","Power Through"],"picked":"Bludgeon","floor":8.0},{"not_picked":["Warcry","Body Slam"],"picked":"Flex","floor":11},{"not_picked":["Heavy Blade","Twin Strike"],"picked":"Whirlwind","floor":12},{"not_picked":["Armaments","Body Slam"],"picked":"Carnage","floor":14},{"not_picked":["Brutality","Limit Break"],"picked":"Reaper","floor":16},{"not_picked":["Combust","True Grit","Power Through"],"picked":"SKIP","floor":18},{"not_picked":["Cleave","Sword Boomerang"],"picked":"Clothesline","floor":19},{"not_picked":["Clash","Perfected Strike"],"picked":"Anger","floor":20}],"player_experience":24546,"relics_obtained":[{"floor":6.0,"key":"MawBank"},{"floor":9.0,"key":"Darkstone Periapt"},{"floor":14,"key":"Tiny Chest"}],"event_choices":[{"damage_healed":0.0,"max_hp_gain":0.0,"max_hp_loss":0.0,"gold_gain":0.0,"event_name":"Purifier","player_choice":"Ignored","floor":4.0,"gold_loss":0.0,"damage_taken":0.0}],"is_beta":false,"boss_relics":[{"not_picked":["Runic Cube","Lizard Tail"],"picked":"Philosopher\u0027s Stone"}],"items_purged_floors":[],"is_endless":false,"potions_floor_spawned":[1,3,5,7,12,14,18],"killed_by":"Cultist and Chosen","ascension_level":0}