{"gold_per_floor":[109,126,42,62,72,98,98,98,98,116,129,54,54,66,66,66],"floor_reached":16,"playtime":421,"items_purged":["Defend_B"],"score":104,"play_id":"5ce6c018-d1fc-4338-891a-30f5f7713b26","local_time":"20190213185011","is_ascension_mode":false,"campfire_choices":[{"data":"Dualcast","floor":7.0,"key":"SMITH"},{"data":"Doom and Gloom","floor":13.0,"key":"SMITH"},{"data":"Zap","floor":15.0,"key":"SMITH"}],"neow_cost":"NONE","seed_source_timestamp":111479634087996,"circlet_count":0,"master_deck":["Strike_B","Strike_B","Strike_B","Strike_B","Defend_B","Defend_B","Zap+1","Dualcast+1","Doom and Gloom+1","Conserve Battery","Chill","Coolheaded","Chill","Capacitor"],"special_seed":0,"relics":["Cracked Core","Sundial","Question Card"],"potions_floor_usage":[],"damage_taken":[{"damage":0.0,"enemies":"2 Louse","floor":1.0,"turns":2.0},{"damage":0.0,"enemies":"Cultist","floor":2.0,"turns":4.0},{"damage":0.0,"enemies":"Jaw Worm","floor":4.0,"turns":3.0},{"damage":0.0,"enemies":"Exordium Wildlife","floor":5.0,"turns":6.0},{"damage":13.0,"enemies":"Gremlin Nob","floor":6.0,"turns":4.0},{"damage":1.0,"enemies":"3 Louse","floor":10.0,"turns":3.0},{"damage":3.0,"enemies":"Large Slime","floor":11.0,"turns":6.0},{"damage":1.0,"enemies":"Looter","floor":14.0,"turns":2.0},{"damage":0,"enemies":"Hexaghost","floor":16,"turns":1}],"seed_played":"3563421061869533035","potions_obtained":[{"floor":0.0,"key":"Explosive Potion"},{"floor":0.0,"key":"PowerPotion"},{"floor":0.0,"key":"SpeedPotion"},{"floor":4.0,"key":"Block Potion"},{"floor":10.0,"key":"LiquidBronze"},{"floor":14.0,"key":"Fruit Juice"}],"is_trial":false,"path_per_floor":["M","M","$","M","M","E","R","?","T","M","M","$","R","M","R","B"],"character_chosen":"DEFECT","items_purchased":["Conserve Battery","Chill"],"campfire_rested":0,"item_purchase_floors":[3,3],"current_hp_per_floor":[75,75,75,75,75,62,62,62,62,61,58,58,58,62,62,62],"gold":66,"neow_bonus":"THREE_SMALL_POTIONS","is_prod":false,"is_daily":false,"chose_seed":false,"campfire_upgraded":3,"win_rate":0,"timestamp":1550083811,"path_taken":["M","M","$","M","M","E","R","?","T","M","M","$","R","M","R","BOSS"],"build_version":"2019-01-23","purchased_purges":1,"victory":false,"max_hp_per_floor":[75,75,75,75,75,75,75,75,75,75,75,75,75,80,80,80],"card_choices":[{"not_picked":["Streamline","Cold Snap"],"picked":"Doom and Gloom","floor":1.0},{"not_picked":["Rip and Tear","Heatsinks","Blizzard"],"picked":"SKIP","floor":2.0},{"not_picked":["Hologram","Barrage"],"picked":"Coolheaded","floor":4.0},{"not_picked":["Aggregate","Scrape","Storm"],"picked":"SKIP","floor":5.0},{"not_picked":["Meteor Strike","Coolheaded","Beam Cell"],"picked":"SKIP","floor":6.0},{"not_picked":["Compile Driver","Self Repair","Sunder","Redo"],"picked":"SKIP","floor":10.0},{"not_picked":["Turbo","Stack","Coolheaded"],"picked":"Capacitor","floor":11.0},{"not_picked":["Streamline","Turbo","All For One","Beam Cell"],"picked":"SKIP","floor":14.0}],"player_experience":1036061,"relics_obtained":[{"floor":6.0,"key":"Sundial"},{"floor":9.0,"key":"Question Card"}],"event_choices":[{"damage_healed":0.0,"max_hp_gain":0.0,"max_hp_loss":0.0,"gold_gain":0.0,"cards_transformed":["Defend_B"],"event_name":"Transmorgrifier","player_choice":"Transformed","floor":8.0,"gold_loss":0.0,"damage_taken":0.0,"cards_obtained":["Chill"]}],"is_beta":false,"boss_relics":[],"items_purged_floors":[12],"is_endless":false,"potions_floor_spawned":[1,4,10,14],"killed_by":"Hexaghost","ascension_level":0}