{"path_per_floor":["M","M","$","?","M","E","?","E","T","E","R","M","R","M","R","B",null,"M","?","M","?","M","R","E","M","T","R","M","M","R","E","R","B",null,"M","$","?","?","M","R","E","R","T","E","M","M","M","?","R","B"],"character_chosen":"IRONCLAD","items_purchased":["Immolate","Warcry","Bottled Tornado","Bag of Preparation"],"gold_per_floor":[116,133,5,5,15,40,5,40,67,93,93,106,106,121,121,218,218,230,230,248,173,190,190,215,225,225,225,240,260,260,292,292,392,392,405,13,13,0,19,19,48,48,48,78,98,112,128,128,128,128],"floor_reached":51,"campfire_rested":4,"playtime":2448,"item_purchase_floors":[],"current_hp_per_floor":[76,80,80,80,80,66,80,78,78,66,66,69,69,69,69,30,80,75,75,66,66,36,60,59,52,62,62,55,54,54,47,89,40,90,90,90,79,79,89,89,46,88,88,32,46,54,28,28,70,24],"items_purged":[],"gold":128,"score":916,"play_id":"77e273b8-c59d-4933-b436-b7a0b275049f","local_time":"20180614222028","is_prod":false,"is_daily":false,"chose_seed":false,"is_ascension_mode":true,"campfire_upgraded":6,"win_rate":0,"timestamp":1529011228,"campfire_choices":[{"data":"Double Tap","floor":11.0,"key":"SMITH"},{"data":"Flex","floor":13.0,"key":"SMITH"},{"data":"Spot Weakness","floor":15.0,"key":"SMITH"},{"floor":23.0,"key":"REST"},{"data":"Armaments","floor":27,"key":"SMITH"},{"data":"Metallicize","floor":30,"key":"SMITH"},{"floor":32,"key":"REST"},{"data":"Metallicize","floor":40,"key":"SMITH"},{"floor":42,"key":"REST"},{"floor":49,"key":"REST"}],"path_taken":["M","M","$","?","M","E","?","E","T","E","R","M","R","M","R","BOSS","M","?","M","?","M","R","E","M","T","R","M","M","R","E","R","BOSS","M","$","?","?","M","R","E","R","T","E","M","M","?","?","R","BOSS"],"build_version":"2018-06-07v3","seed_source_timestamp":1206799683606281,"purchased_purges":0,"victory":true,"master_deck":["Strike_R","Strike_R+1","Strike_R","Defend_R","Defend_R","Defend_R","Defend_R","Bash","Uppercut+1","Cleave","Shrug It Off","Immolate","Warcry","Spot Weakness+1","Metallicize+1","Clothesline","Double Tap+1","Flex+1","Flame Barrier","Offering","Disarm","Armaments+1","Cleave+1","Wild Strike+1","Battle Trance","Flex","Metallicize+1","Reaper","Sentinel+1","Madness","Madness","Flex","Uppercut+1","Heavy Blade+1","Flex+1","Warcry+1","Dropkick+1"],"max_hp_per_floor":[80,80,80,80,80,80,80,80,80,80,80,80,80,80,80,80,80,80,80,80,80,80,80,80,80,90,90,90,90,90,90,90,90,90,90,90,90,90,90,90,90,90,90,90,90,90,90,90,90,90],"relics":["Burning Blood","Omamori","Anchor","Whetstone","Potion Belt","Cursed Key","Dream Catcher","Pear","Regal Pillow","Lizard Tail","Bottled Tornado","Bag of Preparation","Red Mask","Blood Vial","Torii","Smiling Mask"],"card_choices":[{"not_picked":["Shockwave","Thunderclap"],"picked":"Cleave","floor":1.0},{"not_picked":["Second Wind","Thunderclap"],"picked":"Shrug It Off","floor":2.0},{"not_picked":["Sword Boomerang","Headbutt"],"picked":"Spot Weakness","floor":5.0},{"not_picked":["Thunderclap","Wild Strike"],"picked":"Metallicize","floor":6.0},{"not_picked":["Corruption","Perfected Strike"],"picked":"Clothesline","floor":8.0},{"not_picked":["Seeing Red","Iron Wave"],"picked":"Double Tap","floor":10.0},{"not_picked":["Body Slam","Clash"],"picked":"Flex","floor":12.0},{"not_picked":["Wild Strike","Sever Soul"],"picked":"Flame Barrier","floor":14.0},{"not_picked":["Immolate","Dark Embrace"],"picked":"Offering","floor":16.0},{"not_picked":["Perfected Strike","Reckless Charge+1"],"picked":"Disarm","floor":18.0},{"not_picked":["Heavy Blade","Burning Pact"],"picked":"Armaments","floor":20.0},{"not_picked":["Disarm","Pommel Strike"],"picked":"Cleave+1","floor":22.0},{"not_picked":["Corruption","Entrench+1"],"picked":"Wild Strike+1","floor":24.0},{"not_picked":["Sword Boomerang","Body Slam+1"],"picked":"Battle Trance","floor":25},{"not_picked":["Thunderclap","Searing Blow","Shrug It Off"],"picked":"SKIP","floor":28},{"not_picked":["Iron Wave","Second Wind","True Grit"],"picked":"SKIP","floor":29},{"not_picked":["Brutality","Twin Strike"],"picked":"Flex","floor":31},{"not_picked":["Anger","Rupture"],"picked":"Metallicize","floor":32},{"not_picked":["Bludgeon","Impervious"],"picked":"Reaper","floor":33},{"not_picked":["Flame Barrier","Entrench+1"],"picked":"Sentinel+1","floor":35},{"not_picked":["Twin Strike+1","Heavy Blade"],"picked":"Flex","floor":39},{"not_picked":["Sword Boomerang+1","Dropkick"],"picked":"Uppercut+1","floor":41},{"not_picked":["Hemokinesis+1","Iron Wave+1"],"picked":"Heavy Blade+1","floor":42},{"not_picked":["Rage+1","Wild Strike"],"picked":"Flex+1","floor":44},{"not_picked":["Feed","Thunderclap+1"],"picked":"Warcry+1","floor":45},{"not_picked":["Rampage","Searing Blow+1","Sever Soul"],"picked":"SKIP","floor":46},{"not_picked":["Pommel Strike+1","Uppercut"],"picked":"Dropkick+1","floor":47}],"player_experience":364902,"potions_floor_usage":[25,50,50,50,50,50],"damage_taken":[{"damage":10.0,"enemies":"Small Slimes","floor":1.0,"turns":3.0},{"damage":1.0,"enemies":"2 Louse","floor":2.0,"turns":3.0},{"damage":4.0,"enemies":"Cultist","floor":5.0,"turns":3.0},{"damage":20.0,"enemies":"Gremlin Nob","floor":6.0,"turns":4.0},{"damage":8.0,"enemies":"3 Sentries","floor":8.0,"turns":4.0},{"damage":18.0,"enemies":"Gremlin Nob","floor":10.0,"turns":4.0},{"damage":3.0,"enemies":"Exordium Wildlife","floor":12.0,"turns":3.0},{"damage":6.0,"enemies":"3 Louse","floor":14.0,"turns":2.0},{"damage":45.0,"enemies":"Slime Boss","floor":16.0,"turns":8.0},{"damage":11.0,"enemies":"2 Thieves","floor":18.0,"turns":4.0},{"damage":15.0,"enemies":"Spheric Guardian","floor":20.0,"turns":3.0},{"damage":36.0,"enemies":"Centurion and Healer","floor":22.0,"turns":6.0},{"damage":7.0,"enemies":"Slavers","floor":24.0,"turns":3.0},{"damage":13,"enemies":"Snecko","floor":25,"turns":6},{"damage":13,"enemies":"Snake Plant","floor":28,"turns":4},{"damage":7,"enemies":"3 Cultists","floor":29,"turns":3},{"damage":13,"enemies":"Book of Stabbing","floor":31,"turns":6},{"damage":55,"enemies":"Champ","floor":33,"turns":9},{"damage":0,"enemies":"Orb Walker","floor":35,"turns":2},{"damage":11,"enemies":"3 Darklings","floor":39,"turns":3},{"damage":49,"enemies":"2 Orb Walkers","floor":41,"turns":5},{"damage":68,"enemies":"Giant Head","floor":44,"turns":9},{"damage":0,"enemies":"4 Shapes","floor":45,"turns":2},{"damage":10,"enemies":"Sphere and 2 Shapes","floor":46,"turns":6},{"damage":34,"enemies":"Maw","floor":47,"turns":8},{"damage":90,"enemies":"Awakened One","floor":50,"turns":13}],"relics_obtained":[{"floor":6.0,"key":"Omamori"},{"floor":8.0,"key":"Anchor"},{"floor":9.0,"key":"Whetstone"},{"floor":10.0,"key":"Potion Belt"},{"floor":24.0,"key":"Dream Catcher"},{"floor":26,"key":"Pear"},{"floor":31,"key":"Regal Pillow"},{"floor":41,"key":"Blood Vial"},{"floor":43,"key":"Torii"},{"floor":44,"key":"Smiling Mask"}],"event_choices":[{"event_name":"Liars Game","player_choice":"disagreed","floor":4.0,"damage_taken":0.0},{"event_name":"The Cleric","player_choice":"Healed","floor":7.0,"damage_taken":0.0},{"event_name":"Vampires","player_choice":"Ignored","floor":19.0,"damage_taken":0.0},{"event_name":"Beggar","player_choice":"Gave Gold","floor":21.0,"damage_taken":0.0},{"event_name":"Winding Halls","player_choice":"Embrace Madness","floor":37,"damage_taken":0},{"event_name":"Tomb of Lord Red Mask","player_choice":"Paid","floor":38,"damage_taken":0},{"event_name":"Mysterious Sphere","player_choice":"Ignore","floor":48,"damage_taken":0}],"boss_relics":[{"not_picked":["Runic Pyramid","Philosopher\u0027s Stone"],"picked":"Cursed Key"},{"not_picked":["White Beast Statue","Runic Dome"],"picked":"Lizard Tail"}],"items_purged_floors":[],"potions_floor_spawned":[1,6,16,20,25,29,33,35,39,45,47],"seed_played":"5699298027007878664","ascension_level":2,"potions_obtained":[{"floor":1.0,"key":"Strength Potion"},{"floor":6.0,"key":"BloodPotion"},{"floor":16.0,"key":"Strength Potion"},{"floor":20.0,"key":"FearPotion"},{"floor":25,"key":"BloodPotion"},{"floor":29,"key":"Ancient Potion"},{"floor":33,"key":"SteroidPotion"}],"is_trial":false}