{"gold_per_floor":[109,125,143,162,177,207,207,227,227,227,238,251,251,275,275,394,394,415,12,32,48,48,87,87,100,168,168,207,207,207,39,39,160,160,183,197,210,210,0,0],"floor_reached":40,"playtime":5620,"items_purged":["Parasite","Writhe"],"score":457,"play_id":"b7ae6848-bdcc-4932-afae-91b2327790ef","local_time":"20190503024110","is_ascension_mode":false,"campfire_choices":[{"floor":7.0,"key":"REST"},{"floor":15.0,"key":"REST"},{"data":"Self Repair","floor":30,"key":"SMITH"},{"data":"Sunder","floor":32,"key":"SMITH"}],"neow_cost":"TEN_PERCENT_HP_LOSS","seed_source_timestamp":0,"circlet_count":0,"master_deck":["Defend_B","Defend_B","Defend_B","Defend_B","Zap","Dualcast","Darkness","Capacitor","Steam","Cold Snap","Lockon","Gash","Self Repair+1","Aggregate","White Noise","Echo Form","Chill","Machine Learning","Stack","Apotheosis","White Noise","Electrodynamics","Bite","Bite","Bite","Bite","Bite","Lockon+1","Sunder+1","Amplify","Transmutation","Chrysalis","Dark Shackles"],"special_seed":0,"relics":["Cracked Core","Incense Burner","Pear","Dream Catcher","Golden Idol","Snecko Eye","Anchor","Happy Flower","Mummified Hand","Orichalcum","Kunai","MutagenicStrength","Cursed Key","Red Mask"],"potions_floor_usage":[33,33],"damage_taken":[{"damage":2.0,"enemies":"2 Louse","floor":1.0,"turns":2.0},{"damage":6.0,"enemies":"Jaw Worm","floor":2.0,"turns":4.0},{"damage":12.0,"enemies":"Small Slimes","floor":3.0,"turns":3.0},{"damage":10.0,"enemies":"3 Louse","floor":4.0,"turns":5.0},{"damage":0.0,"enemies":"Large Slime","floor":5.0,"turns":5.0},{"damage":23.0,"enemies":"Gremlin Nob","floor":6.0,"turns":4.0},{"damage":2.0,"enemies":"Exordium Wildlife","floor":8.0,"turns":3.0},{"damage":6.0,"enemies":"3 Louse","floor":11.0,"turns":4.0},{"damage":12.0,"enemies":"Lots of Slimes","floor":12.0,"turns":5.0},{"damage":2.0,"enemies":"Large Slime","floor":14.0,"turns":6.0},{"damage":44.0,"enemies":"Hexaghost","floor":16.0,"turns":11.0},{"damage":29.0,"enemies":"3 Byrds","floor":18.0,"turns":6.0},{"damage":9.0,"enemies":"Chosen","floor":20.0,"turns":6.0},{"damage":10.0,"enemies":"Snake Plant","floor":21.0,"turns":5.0},{"damage":29.0,"enemies":"Book of Stabbing","floor":23.0,"turns":6.0},{"damage":4.0,"enemies":"Snecko","floor":25.0,"turns":6.0},{"damage":25.0,"enemies":"Gremlin Leader","floor":28.0,"turns":6.0},{"damage":17,"enemies":"Collector","floor":33,"turns":7},{"damage":0,"enemies":"3 Shapes","floor":35,"turns":4},{"damage":2,"enemies":"Orb Walker","floor":36,"turns":3},{"damage":13,"enemies":"3 Darklings","floor":37,"turns":4},{"damage":77,"enemies":"Giant Head","floor":40,"turns":8}],"seed_played":"8890272853281096812","potions_obtained":[{"floor":1.0,"key":"EssenceOfSteel"},{"floor":3.0,"key":"FearPotion"},{"floor":4.0,"key":"EssenceOfSteel"},{"floor":11.0,"key":"Strength Potion"},{"floor":14.0,"key":"Weak Potion"},{"floor":18.0,"key":"Energy Potion"},{"floor":25.0,"key":"PowerPotion"}],"is_trial":false,"path_per_floor":["M","M","M","M","M","E","R","M","T","?","M","M","?","M","R","B",null,"M","$","M","M","?","E","?","M","T","?","E","?","R","$","R","B",null,"M","M","M","?","?","E"],"character_chosen":"DEFECT","items_purchased":["Apotheosis","Anchor","Sunder"],"campfire_rested":2,"item_purchase_floors":[19,19,31],"current_hp_per_floor":[66,60,48,38,38,25,48,46,46,65,66,61,42,47,70,33,78,49,49,50,60,52,37,37,52,52,52,49,49,49,49,49,51,52,52,52,52,42,42,0],"gold":0,"neow_bonus":"ONE_RARE_RELIC","is_prod":false,"is_daily":false,"chose_seed":false,"campfire_upgraded":2,"win_rate":0.0,"timestamp":1556869270,"path_taken":["M","M","M","M","M","E","R","M","T","?","M","M","?","M","R","BOSS","M","$","M","M","?","E","?","M","T","?","E","?","R","$","R","BOSS","M","M","M","?","?","E"],"build_version":"2019-01-23","purchased_purges":2,"victory":false,"max_hp_per_floor":[68,68,68,68,68,78,78,78,78,78,78,78,78,78,78,78,78,78,75,75,75,52,52,52,52,52,52,52,52,52,52,52,52,52,52,52,52,52,52,52],"card_choices":[{"not_picked":["Storm","Ball Lightning"],"picked":"Darkness","floor":1.0},{"not_picked":["Turbo","Redo"],"picked":"Capacitor","floor":2.0},{"not_picked":["Reprogram","Consume"],"picked":"Steam","floor":3.0},{"not_picked":["Streamline","Hologram"],"picked":"Cold Snap","floor":4.0},{"not_picked":["Hello World","Steam"],"picked":"Lockon","floor":5.0},{"not_picked":["Genetic Algorithm","Barrage"],"picked":"Gash","floor":6.0},{"not_picked":["Conserve Battery","Coolheaded"],"picked":"Self Repair","floor":8.0},{"not_picked":["Rebound","Ball Lightning"],"picked":"Aggregate","floor":11.0},{"not_picked":["Defragment","Turbo"],"picked":"White Noise","floor":12.0},{"not_picked":["Stack","Gash"],"picked":"Echo Form","floor":14.0},{"not_picked":["Storm","Turbo"],"picked":"Chill","floor":15.0},{"not_picked":["Biased Cognition","Thunder Strike"],"picked":"Machine Learning","floor":16.0},{"not_picked":["Force Field","Go for the Eyes"],"picked":"Stack","floor":18.0},{"not_picked":["Auto Shields","Steam"],"picked":"White Noise","floor":20.0},{"not_picked":["Streamline","Gash"],"picked":"Electrodynamics","floor":21.0},{"not_picked":["Go for the Eyes","Sweeping Beam+1","Turbo+1"],"picked":"SKIP","floor":23.0},{"not_picked":["Ball Lightning","Rebound","Stack+1"],"picked":"SKIP","floor":25.0},{"not_picked":["Turbo","Hologram"],"picked":"Lockon+1","floor":28.0},{"not_picked":["All For One","Biased Cognition"],"picked":"Amplify","floor":33},{"not_picked":["Stack+1","FTL+1","Gash+1"],"picked":"SKIP","floor":35},{"not_picked":["Gash+1","Scrape","Ball Lightning+1"],"picked":"SKIP","floor":36},{"not_picked":["Ball Lightning+1","Auto Shields","BootSequence+1"],"picked":"SKIP","floor":37},{"not_picked":["Discovery","Deep Breath"],"picked":"Transmutation","floor":38},{"not_picked":["Panache","Madness"],"picked":"Chrysalis","floor":38},{"not_picked":["Finesse","Flash of Steel"],"picked":"Dark Shackles","floor":38}],"player_experience":38427,"relics_obtained":[{"floor":6.0,"key":"Pear"},{"floor":9.0,"key":"Dream Catcher"},{"floor":23.0,"key":"Happy Flower"},{"floor":26.0,"key":"Mummified Hand"},{"floor":28.0,"key":"Kunai"}],"event_choices":[{"damage_healed":19.0,"max_hp_gain":0.0,"max_hp_loss":0.0,"gold_gain":0.0,"event_name":"Mushrooms","player_choice":"Healed and dodged fight","floor":10.0,"gold_loss":0.0,"damage_taken":0.0,"cards_obtained":["Parasite"]},{"damage_healed":0.0,"max_hp_gain":0.0,"max_hp_loss":0.0,"gold_gain":0.0,"event_name":"Golden Idol","player_choice":"Take Damage","floor":13.0,"gold_loss":0.0,"damage_taken":19.0,"relics_obtained":["Golden Idol"]},{"damage_healed":0.0,"max_hp_gain":0.0,"max_hp_loss":23.0,"gold_gain":0.0,"event_name":"Vampires","player_choice":"Became a vampire","floor":22.0,"gold_loss":0.0,"damage_taken":0.0,"cards_obtained":["Bite","Bite","Bite","Bite","Bite"]},{"damage_healed":0.0,"max_hp_gain":0.0,"max_hp_loss":0.0,"gold_gain":0.0,"event_name":"Ghosts","player_choice":"Ignored","floor":24.0,"gold_loss":0.0,"damage_taken":0.0},{"damage_healed":0.0,"max_hp_gain":0.0,"max_hp_loss":0.0,"gold_gain":0.0,"event_name":"The Mausoleum","player_choice":"Opened","floor":27.0,"gold_loss":0.0,"damage_taken":0.0,"relics_obtained":["Orichalcum"],"cards_obtained":["Writhe"]},{"damage_healed":0,"gold_gain":0,"player_choice":"Inject Mutagens","damage_taken":0,"relics_obtained":["MutagenicStrength"],"max_hp_gain":0,"max_hp_loss":0,"event_name":"Drug Dealer","floor":29,"gold_loss":0},{"damage_healed":0,"gold_gain":0,"player_choice":"Memory 3","damage_taken":10,"max_hp_gain":0,"max_hp_loss":0,"event_name":"SensoryStone","floor":38,"gold_loss":0},{"damage_healed":0,"gold_gain":0,"player_choice":"Paid","damage_taken":0,"relics_obtained":["Red Mask"],"max_hp_gain":0,"max_hp_loss":0,"event_name":"Tomb of Lord Red Mask","floor":39,"gold_loss":210}],"is_beta":false,"boss_relics":[{"not_picked":["Runic Dome","FrozenCore"],"picked":"Snecko Eye"},{"not_picked":["White Beast Statue","Empty Cage"],"picked":"Cursed Key"}],"items_purged_floors":[19,31],"is_endless":false,"potions_floor_spawned":[1,3,4,8,11,14,18,25],"killed_by":"Giant Head","ascension_level":0}