{"gold_per_floor":[111,111,135,113,113,147,161,161,161,14,14,52,68,144,156,293,305],"floor_reached":17,"playtime":474,"items_purged":[],"score":188,"play_id":"3c24307b-43cc-410d-9270-35408cb37cb0","local_time":"20190517194821","is_ascension_mode":false,"campfire_choices":[{"data":"Dualcast","floor":8.0,"key":"SMITH"},{"data":"Zap","floor":11.0,"key":"SMITH"},{"data":"Coolheaded","floor":15.0,"key":"SMITH"}],"neow_cost":"NONE","seed_source_timestamp":2325858773797236,"circlet_count":0,"master_deck":["Strike_B","Strike_B","Strike_B","Strike_B","Defend_B","Defend_B","Defend_B","Defend_B","Zap+1","Dualcast+1","FTL","Conserve Battery","Coolheaded+1","Glacier"],"special_seed":0,"relics":["Cracked Core","Oddly Smooth Stone","Golden Idol","StoneCalendar","Calipers","PreservedInsect","Matryoshka","MawBank","Kunai","Orrery"],"potions_floor_usage":[],"damage_taken":[{"damage":1.0,"enemies":"Small Slimes","floor":1.0,"turns":3.0},{"damage":0.0,"enemies":"Jaw Worm","floor":3.0,"turns":3.0},{"damage":32.0,"enemies":"Gremlin Nob","floor":6.0,"turns":4.0},{"damage":0.0,"enemies":"Cultist","floor":7.0,"turns":3.0},{"damage":0.0,"enemies":"Lagavulin","floor":12.0,"turns":7.0},{"damage":0.0,"enemies":"Exordium Thugs","floor":13.0,"turns":4.0},{"damage":6,"enemies":"Slime Boss","floor":16,"turns":10}],"seed_played":"7437922315595223922","potions_obtained":[{"floor":1.0,"key":"Fire Potion"},{"floor":6.0,"key":"Block Potion"},{"floor":13.0,"key":"FocusPotion"},{"floor":16,"key":"SkillPotion"}],"is_trial":false,"path_per_floor":["M","?","M","$","?","E","M","R","T","$","R","E","M","T","R","B",null],"character_chosen":"DEFECT","items_purchased":["Conserve Battery","PreservedInsect"],"campfire_rested":0,"item_purchase_floors":[4,10],"current_hp_per_floor":[74,56,56,56,49,17,17,17,17,17,17,17,17,17,17,11,11],"gold":305,"neow_bonus":"RANDOM_COMMON_RELIC","is_prod":false,"is_daily":false,"chose_seed":false,"campfire_upgraded":3,"win_rate":0,"timestamp":1558118901,"path_taken":["M","?","M","$","?","E","M","R","T","$","R","E","?","?","R","BOSS"],"build_version":"2019-01-23","purchased_purges":0,"victory":false,"max_hp_per_floor":[75,75,75,75,75,75,75,75,75,75,75,75,75,75,75,75,75],"card_choices":[{"not_picked":["Consume","Sweeping Beam","Coolheaded"],"picked":"SKIP","floor":1.0},{"not_picked":["Blizzard","Gash"],"picked":"FTL","floor":3.0},{"not_picked":["Go for the Eyes","Streamline"],"picked":"Coolheaded","floor":6.0},{"not_picked":["Rebound","Recycle"],"picked":"Glacier","floor":7.0},{"not_picked":["Force Field","Rip and Tear","Redo"],"picked":"SKIP","floor":12.0},{"not_picked":["Leap","Rebound","Coolheaded"],"picked":"SKIP","floor":13.0}],"player_experience":1241770,"relics_obtained":[{"floor":6.0,"key":"StoneCalendar"},{"floor":9.0,"key":"Calipers"},{"floor":12.0,"key":"Matryoshka"},{"floor":14.0,"key":"MawBank"},{"floor":14.0,"key":"Kunai"}],"event_choices":[{"damage_healed":0.0,"max_hp_gain":0.0,"max_hp_loss":0.0,"gold_gain":0.0,"event_name":"Golden Idol","player_choice":"Take Damage","floor":2.0,"gold_loss":0.0,"damage_taken":18.0,"relics_obtained":["Golden Idol"]},{"damage_healed":0.0,"max_hp_gain":0.0,"max_hp_loss":0.0,"gold_gain":0.0,"event_name":"Wheel of Change","player_choice":"Damaged","floor":5.0,"gold_loss":0.0,"damage_taken":7.0}],"is_beta":false,"boss_relics":[{"not_picked":["Pandora\u0027s Box","Inserter"],"picked":"Orrery"}],"items_purged_floors":[],"is_endless":false,"potions_floor_spawned":[1,6,13,16],"ascension_level":0}