{"gold_per_floor":[117,39,39,55,69,96,21,21,44,44,63,63,76,94,94,194,194,209,161,171,171,185,185,205,205,205,205,205,131,159,171,171,273,273,289,289,301,312,612,612,521,533,533,533,546,563,577,133,133,133],"floor_reached":51,"playtime":1687,"items_purged":["Defend_B"],"score":701,"play_id":"96128d7d-4762-49e5-bac0-3deeb62bd1b8","local_time":"20190223165514","is_ascension_mode":false,"campfire_choices":[{"data":"Defragment","floor":8.0,"key":"SMITH"},{"data":"Dualcast","floor":10.0,"key":"SMITH"},{"data":"Cold Snap","floor":12.0,"key":"SMITH"},{"data":"Zap","floor":15.0,"key":"SMITH"},{"data":"Buffer","floor":23.0,"key":"SMITH"},{"data":"Ball Lightning","floor":25.0,"key":"SMITH"},{"data":"Conserve Battery","floor":28.0,"key":"SMITH"},{"data":"Capacitor","floor":32.0,"key":"SMITH"},{"data":"Echo Form","floor":40.0,"key":"SMITH"},{"data":"Coolheaded","floor":44,"key":"SMITH"},{"data":"Defragment","floor":49,"key":"SMITH"}],"neow_cost":"NONE","seed_source_timestamp":967356135910143,"circlet_count":0,"master_deck":["Strike_B+1","Strike_B+1","Strike_B+1","Defend_B+1","Defend_B+1","Defend_B+1","Zap+1","Dualcast+1","Chill","Defragment+1","Cold Snap+1","Coolheaded+1","Ball Lightning+1","Buffer+1","Conserve Battery+1","Capacitor+1","Undo+1","Echo Form+1","Blind","White Noise+1","Defragment+1","Buffer"],"special_seed":0,"relics":["Cracked Core","Orichalcum","Ancient Tea Set","Potion Belt","Sozu","Ornamental Fan","Red Mask","Inserter","Shovel","Vajra","Pen Nib"],"potions_floor_usage":[50,50,50],"damage_taken":[{"damage":0.0,"enemies":"2 Louse","floor":1.0,"turns":3.0},{"damage":5.0,"enemies":"Jaw Worm","floor":4.0,"turns":4.0},{"damage":0.0,"enemies":"Cultist","floor":5.0,"turns":3.0},{"damage":24.0,"enemies":"Lagavulin","floor":6.0,"turns":9.0},{"damage":2.0,"enemies":"Blue Slaver","floor":11.0,"turns":2.0},{"damage":1.0,"enemies":"Exordium Thugs","floor":13.0,"turns":5.0},{"damage":3.0,"enemies":"Red Slaver","floor":14.0,"turns":3.0},{"damage":16.0,"enemies":"The Guardian","floor":16.0,"turns":9.0},{"damage":6.0,"enemies":"Shell Parasite","floor":18.0,"turns":5.0},{"damage":2.0,"enemies":"Chosen","floor":20.0,"turns":5.0},{"damage":3.0,"enemies":"Snecko","floor":22.0,"turns":4.0},{"damage":0.0,"enemies":"Snake Plant","floor":24.0,"turns":5.0},{"damage":6.0,"enemies":"Colosseum Slavers","floor":27.0,"turns":3.0},{"damage":0.0,"enemies":"Masked Bandits","floor":30.0,"turns":5.0},{"damage":0.0,"enemies":"Sentry and Sphere","floor":31.0,"turns":6.0},{"damage":0.0,"enemies":"Champ","floor":33.0,"turns":12.0},{"damage":1.0,"enemies":"3 Shapes","floor":35.0,"turns":4.0},{"damage":3.0,"enemies":"Orb Walker","floor":37.0,"turns":4.0},{"damage":0.0,"enemies":"Writhing Mass","floor":38.0,"turns":8.0},{"damage":0.0,"enemies":"Transient","floor":42.0,"turns":5.0},{"damage":0,"enemies":"4 Shapes","floor":45,"turns":5},{"damage":15,"enemies":"Jaw Worm Horde","floor":46,"turns":7},{"damage":6,"enemies":"Spire Growth","floor":47,"turns":6},{"damage":28,"enemies":"Awakened One","floor":50,"turns":13}],"seed_played":"-3553798531161110138","potions_obtained":[{"floor":5.0,"key":"Dexterity Potion"},{"floor":11.0,"key":"FocusPotion"},{"floor":13.0,"key":"SteroidPotion"}],"is_trial":false,"path_per_floor":["M","$","?","M","M","E","$","R","T","R","M","R","M","M","R","B",null,"M","$","M","?","M","R","M","R","T","?","R","$","?","M","R","B",null,"M","?","M","M","?","R","$","M","T","R","M","M","M","$","R","B",null],"character_chosen":"DEFECT","items_purchased":["Defragment","Conserve Battery","Capacitor","Blind","Vajra","Pen Nib","Buffer"],"campfire_rested":0,"item_purchase_floors":[2,19,29,41,48,48,48],"current_hp_per_floor":[75,75,75,70,70,46,46,46,46,46,44,44,43,40,40,24,75,69,69,67,67,64,64,64,64,64,58,58,58,58,58,58,58,75,74,74,71,71,71,71,71,71,71,71,71,56,50,50,50,22],"gold":133,"neow_bonus":"RANDOM_COMMON_RELIC","is_prod":false,"is_daily":false,"chose_seed":false,"campfire_upgraded":11,"win_rate":0,"timestamp":1550940914,"path_taken":["M","$","?","M","M","E","$","R","T","R","M","R","M","M","R","BOSS","M","$","M","?","M","R","M","R","T","?","R","$","?","M","R","BOSS","M","?","M","M","?","R","$","M","T","R","?","M","M","$","R","BOSS"],"build_version":"2019-01-23","purchased_purges":1,"victory":true,"max_hp_per_floor":[75,75,75,75,75,75,75,75,75,75,75,75,75,75,75,75,75,75,75,75,75,75,75,75,75,75,75,75,75,75,75,75,75,75,75,75,75,75,75,75,75,75,75,75,75,75,75,75,75,75],"card_choices":[{"not_picked":["Streamline","Sunder"],"picked":"Chill","floor":1.0},{"not_picked":["Leap","Rebound"],"picked":"Cold Snap","floor":4.0},{"not_picked":["Loop","Heatsinks","Sunder"],"picked":"SKIP","floor":5.0},{"not_picked":["Go for the Eyes","Turbo"],"picked":"Coolheaded","floor":6.0},{"not_picked":["Hologram","Sunder","Streamline"],"picked":"SKIP","floor":11.0},{"not_picked":["Doom and Gloom","Aggregate","Skim"],"picked":"SKIP","floor":13.0},{"not_picked":["Buffer","Beam Cell"],"picked":"Ball Lightning","floor":14.0},{"not_picked":["Hyperbeam","Creative AI"],"picked":"Buffer","floor":16.0},{"not_picked":["Sweeping Beam","Genetic Algorithm","Beam Cell+1"],"picked":"SKIP","floor":18.0},{"not_picked":["Coolheaded+1","Steam","Cold Snap+1"],"picked":"SKIP","floor":20.0},{"not_picked":["Scrape","Consume","Steam+1"],"picked":"SKIP","floor":22.0},{"not_picked":["Core Surge","Hello World","Turbo"],"picked":"SKIP","floor":24.0},{"not_picked":["Reprogram","Self Repair"],"picked":"Undo+1","floor":30.0},{"not_picked":["Beam Cell","Steam","Genetic Algorithm"],"picked":"SKIP","floor":31.0},{"not_picked":["Stack","Hologram","Streamline+1"],"picked":"SKIP","floor":35.0},{"not_picked":["Fusion+1","Sweeping Beam","Streamline"],"picked":"SKIP","floor":37.0},{"not_picked":["Stack","Capacitor+1"],"picked":"Echo Form","floor":38.0},{"not_picked":["Self Repair+1","Rebound"],"picked":"White Noise+1","floor":42.0},{"not_picked":["Doom and Gloom+1","Conserve Battery+1","Compile Driver"],"picked":"SKIP","floor":45},{"not_picked":["FTL","Cold Snap","Gash+1"],"picked":"SKIP","floor":46},{"not_picked":["BootSequence","Hologram"],"picked":"Defragment","floor":47}],"player_experience":1061897,"relics_obtained":[{"floor":6.0,"key":"Ancient Tea Set"},{"floor":9.0,"key":"Potion Belt"},{"floor":26.0,"key":"Ornamental Fan"},{"floor":30.0,"key":"Red Mask"},{"floor":43.0,"key":"Shovel"}],"event_choices":[{"damage_healed":0.0,"max_hp_gain":0.0,"max_hp_loss":0.0,"gold_gain":0.0,"event_name":"The Cleric","player_choice":"Leave","floor":3.0,"gold_loss":0.0,"damage_taken":0.0},{"damage_healed":0.0,"max_hp_gain":0.0,"max_hp_loss":0.0,"gold_gain":0.0,"event_name":"Back to Basics","player_choice":"Simplicity","floor":21.0,"gold_loss":0.0,"damage_taken":0.0,"cards_upgraded":["Strike_B","Strike_B","Strike_B","Strike_B","Defend_B","Defend_B","Defend_B"]},{"damage_healed":0.0,"max_hp_gain":0.0,"max_hp_loss":0.0,"gold_gain":0.0,"event_name":"Colosseum","player_choice":"Fight","floor":27.0,"gold_loss":0.0,"damage_taken":0.0},{"damage_healed":0.0,"max_hp_gain":0.0,"max_hp_loss":0.0,"gold_gain":0.0,"event_name":"Colosseum","player_choice":"Fled From Nobs","floor":27.0,"gold_loss":0.0,"damage_taken":0.0},{"damage_healed":0.0,"max_hp_gain":0.0,"max_hp_loss":0.0,"gold_gain":0.0,"event_name":"Masked Bandits","player_choice":"Fought Bandits","floor":30.0,"gold_loss":0.0,"damage_taken":0.0},{"cards_removed":["Strike_B"],"damage_healed":0.0,"max_hp_gain":0.0,"max_hp_loss":0.0,"gold_gain":0.0,"event_name":"Falling","player_choice":"Removed Attack","floor":36.0,"gold_loss":0.0,"damage_taken":0.0},{"damage_healed":0.0,"max_hp_gain":0.0,"max_hp_loss":0.0,"gold_gain":300.0,"event_name":"Wheel of Change","player_choice":"Gold","floor":39.0,"gold_loss":0.0,"damage_taken":0.0}],"is_beta":false,"boss_relics":[{"not_picked":["Empty Cage","Runic Dome"],"picked":"Sozu"},{"not_picked":["Astrolabe","Nuclear Battery"],"picked":"Inserter"}],"items_purged_floors":[7],"is_endless":false,"potions_floor_spawned":[5,11,13,18,27,31,33,35,42,46],"ascension_level":0}