{"gold_per_floor":[111,14,25,38,57,57,67,67,67,67,67,67,82,93,93,189,189,208,220,220,220,220,250,250,285,285,319,319],"floor_reached":28,"playtime":765,"items_purged":["Biased Cognition"],"score":268,"play_id":"98b13e2d-2b7d-4833-948b-5c4e5ad20a14","local_time":"20190209125610","is_ascension_mode":false,"campfire_choices":[{"data":"Dualcast","floor":6.0,"key":"SMITH"},{"data":"Echo Form","floor":8.0,"key":"SMITH"},{"data":"Zap","floor":12.0,"key":"SMITH"},{"data":"Ball Lightning","floor":15.0,"key":"SMITH"},{"floor":24.0,"key":"REST"}],"neow_cost":"NONE","seed_source_timestamp":4036314263497372,"circlet_count":0,"master_deck":["Strike_B+1","Strike_B+1","Strike_B+1","Strike_B+1","Defend_B+1","Defend_B+1","Defend_B+1","Defend_B+1","Zap+1","Dualcast+1","Conserve Battery","Echo Form+1","Ball Lightning+1","Conserve Battery","Thunder Strike","Go for the Eyes+1","Glacier","Coolheaded+1","Blizzard+1"],"special_seed":0,"relics":["Cracked Core","Ancient Tea Set","Juzu Bracelet","Cursed Key","Question Card","Pen Nib","Bronze Scales"],"potions_floor_usage":[27],"damage_taken":[{"damage":0.0,"enemies":"Cultist","floor":1.0,"turns":3.0},{"damage":0.0,"enemies":"Jaw Worm","floor":3.0,"turns":3.0},{"damage":0.0,"enemies":"Small Slimes","floor":4.0,"turns":3.0},{"damage":6.0,"enemies":"Gremlin Gang","floor":5.0,"turns":4.0},{"damage":2.0,"enemies":"Blue Slaver","floor":7.0,"turns":4.0},{"damage":7.0,"enemies":"Exordium Thugs","floor":13.0,"turns":4.0},{"damage":1.0,"enemies":"2 Fungi Beasts","floor":14.0,"turns":3.0},{"damage":37.0,"enemies":"Hexaghost","floor":16.0,"turns":8.0},{"damage":30.0,"enemies":"2 Thieves","floor":18.0,"turns":4.0},{"damage":5.0,"enemies":"Chosen","floor":19.0,"turns":3.0},{"damage":39.0,"enemies":"Slavers","floor":23.0,"turns":6.0},{"damage":11.0,"enemies":"Gremlin Leader","floor":25.0,"turns":6.0},{"damage":17,"enemies":"Slavers","floor":27,"turns":6},{"damage":9,"enemies":"Snake Plant","floor":28,"turns":2}],"seed_played":"3457274350788374420","potions_obtained":[{"floor":1.0,"key":"Regen Potion"},{"floor":4.0,"key":"AttackPotion"},{"floor":13.0,"key":"SpeedPotion"}],"is_trial":false,"path_per_floor":["M","$","M","M","M","R","M","R","T","?","$","R","M","M","R","B",null,"M","M","?","?","?","E","R","E","T","E","M"],"character_chosen":"DEFECT","items_purchased":["Conserve Battery"],"campfire_rested":1,"item_purchase_floors":[2],"current_hp_per_floor":[75,75,75,75,69,69,67,67,67,60,60,60,53,52,52,15,75,45,40,33,33,33,9,31,20,20,3,0],"gold":319,"neow_bonus":"ONE_RANDOM_RARE_CARD","is_prod":false,"is_daily":false,"chose_seed":false,"campfire_upgraded":4,"win_rate":0,"timestamp":1549716970,"path_taken":["M","$","?","M","M","R","M","R","T","?","$","R","M","M","R","BOSS","M","M","?","?","?","E","R","E","T","E","M"],"build_version":"2019-01-23","purchased_purges":1,"victory":false,"max_hp_per_floor":[75,75,75,75,75,75,75,75,75,75,75,75,75,75,75,75,75,75,75,75,75,75,75,75,75,75,75,75],"card_choices":[{"not_picked":["Lockon","Turbo","Hologram"],"picked":"SKIP","floor":1.0},{"not_picked":["Cold Snap","Barrage"],"picked":"Echo Form","floor":3.0},{"not_picked":["Storm","Steam"],"picked":"Ball Lightning","floor":4.0},{"not_picked":["FTL","Turbo","Sweeping Beam"],"picked":"SKIP","floor":5.0},{"not_picked":["Stack","Lockon","Cold Snap"],"picked":"SKIP","floor":7.0},{"not_picked":["Rebound","Recycle"],"picked":"Conserve Battery","floor":13.0},{"not_picked":["Gash","Darkness","Self Repair"],"picked":"SKIP","floor":14.0},{"not_picked":["Amplify","Meteor Strike"],"picked":"Thunder Strike","floor":16.0},{"not_picked":["Force Field","Doom and Gloom+1"],"picked":"Go for the Eyes+1","floor":18.0},{"not_picked":["Hologram","Streamline","Consume"],"picked":"SKIP","floor":19.0},{"not_picked":["Sweeping Beam","Auto Shields"],"picked":"Coolheaded+1","floor":23.0},{"not_picked":["Turbo+1","Cold Snap","Coolheaded","Ball Lightning"],"picked":"SKIP","floor":25.0},{"not_picked":["Turbo","Redo","Scrape"],"picked":"Blizzard+1","floor":27}],"player_experience":1023886,"relics_obtained":[{"floor":9.0,"key":"Ancient Tea Set"},{"floor":23.0,"key":"Question Card"},{"floor":25.0,"key":"Pen Nib"},{"floor":27,"key":"Bronze Scales"}],"event_choices":[{"damage_healed":0.0,"max_hp_gain":0.0,"max_hp_loss":0.0,"gold_gain":0.0,"event_name":"Scrap Ooze","player_choice":"Success","floor":10.0,"gold_loss":0.0,"damage_taken":7.0,"relics_obtained":["Juzu Bracelet"]},{"damage_healed":0.0,"max_hp_gain":0.0,"max_hp_loss":0.0,"gold_gain":0.0,"event_name":"Wheel of Change","player_choice":"Damaged","floor":20.0,"gold_loss":0.0,"damage_taken":7.0},{"damage_healed":0.0,"max_hp_gain":0.0,"max_hp_loss":0.0,"gold_gain":0.0,"event_name":"The Library","player_choice":"Read","floor":21.0,"gold_loss":0.0,"damage_taken":0.0,"cards_obtained":["Glacier"]},{"damage_healed":0.0,"max_hp_gain":0.0,"max_hp_loss":0.0,"gold_gain":0.0,"event_name":"Back to Basics","player_choice":"Simplicity","floor":22.0,"gold_loss":0.0,"damage_taken":0.0,"cards_upgraded":["Strike_B","Strike_B","Strike_B","Strike_B","Defend_B","Defend_B","Defend_B","Defend_B"]}],"is_beta":false,"boss_relics":[{"not_picked":["Philosopher\u0027s Stone","Runic Pyramid"],"picked":"Cursed Key"}],"items_purged_floors":[2],"is_endless":false,"potions_floor_spawned":[1,4,13,18],"killed_by":"Snake Plant","ascension_level":0}