{"gold_per_floor":[146,146,146,146,163,198,198,128,128,152,152,152,152,163,163,266,266],"floor_reached":17,"playtime":244,"items_purged":[],"score":151,"play_id":"3b443da1-4f5d-4475-9dc7-589129143974","local_time":"20190519233708","is_ascension_mode":false,"campfire_choices":[{"data":"Dualcast","floor":7,"key":"SMITH"},{"data":"Defragment","floor":12,"key":"SMITH"},{"data":"Zap","floor":15,"key":"SMITH"}],"neow_cost":"NONE","seed_source_timestamp":2512661959914850,"circlet_count":0,"master_deck":["Strike_B","Strike_B","Strike_B","Defend_B","Defend_B","Defend_B","Defend_B","Zap+1","Dualcast+1","Go for the Eyes","Defragment+1","Auto Shields","Rainbow"],"special_seed":0,"relics":["Cracked Core","Tiny Chest","Gremlin Horn","Emotion Chip","StoneCalendar","Art of War"],"potions_floor_usage":[],"damage_taken":[{"damage":0.0,"enemies":"Cultist","floor":1.0,"turns":3.0},{"damage":1,"enemies":"2 Louse","floor":5,"turns":2},{"damage":31,"enemies":"Lagavulin","floor":6,"turns":7},{"damage":0,"enemies":"Jaw Worm","floor":14,"turns":3},{"damage":5,"enemies":"The Guardian","floor":16,"turns":9}],"seed_played":"-8597071372203840872","potions_obtained":[{"floor":5,"key":"Dexterity Potion"},{"floor":14,"key":"LiquidBronze"},{"floor":16,"key":"Weak Potion"}],"is_trial":false,"path_per_floor":["M","T","?","$","M","E","R","$","T","T","$","R","?","M","R","B",null],"character_chosen":"DEFECT","items_purchased":["Defragment"],"campfire_rested":0,"item_purchase_floors":[8],"current_hp_per_floor":[75,75,68,68,67,36,36,36,36,36,36,36,36,36,36,31,31],"gold":266,"neow_bonus":"RANDOM_COMMON_RELIC","is_prod":false,"is_daily":false,"chose_seed":false,"campfire_upgraded":3,"win_rate":0,"timestamp":1558305428,"path_taken":["M","?","?","$","M","E","R","$","T","?","$","R","?","?","R","BOSS"],"build_version":"2019-01-23","purchased_purges":0,"victory":false,"max_hp_per_floor":[75,75,75,75,75,75,75,75,75,75,75,75,75,75,75,75,75],"card_choices":[{"not_picked":["Leap","Cold Snap","Stack"],"picked":"SKIP","floor":1.0},{"not_picked":["Stack","Sweeping Beam"],"picked":"Go for the Eyes","floor":5},{"not_picked":["Steam","Skim","Beam Cell"],"picked":"SKIP","floor":6},{"not_picked":["Turbo","Compile Driver"],"picked":"Auto Shields","floor":14},{"not_picked":["Amplify","Echo Form"],"picked":"Rainbow","floor":16}],"player_experience":1246485,"relics_obtained":[{"floor":6,"key":"Emotion Chip"},{"floor":9,"key":"StoneCalendar"},{"floor":10,"key":"Art of War"}],"event_choices":[{"damage_healed":0,"gold_gain":0,"player_choice":"Success","damage_taken":7,"relics_obtained":["Gremlin Horn"],"max_hp_gain":0,"max_hp_loss":0,"event_name":"Scrap Ooze","floor":3,"gold_loss":0},{"cards_removed":["Strike_B"],"damage_healed":0,"gold_gain":0,"player_choice":"Offered Basic","damage_taken":0,"max_hp_gain":0,"max_hp_loss":0,"event_name":"Bonfire Elementals","floor":13,"gold_loss":0}],"is_beta":false,"boss_relics":[],"items_purged_floors":[],"is_endless":false,"potions_floor_spawned":[5,14,16],"ascension_level":0}