{"gold_per_floor":[116,134,146,146,166,194,210,237,237,237,262,327,352,371,371,469,469,486,496,508,521,61,61,336,336,390,390,407,432,11,40,40,141,141,160,206,218,232,250,278,289,315,315,334,349,349,349,382,382,382,382,382,16,49,49],"floor_reached":56,"playtime":8339,"items_purged":["Strike_G","Regret","Defend_G"],"score":1515,"play_id":"501f2bd0-5542-4108-a35b-6e39440c0e7a","local_time":"20190618191456","is_ascension_mode":true,"campfire_choices":[{"floor":10.0,"key":"REST"},{"data":"Underhanded Strike","floor":15.0,"key":"SMITH"},{"floor":23.0,"key":"REST"},{"floor":25.0,"key":"RECALL"},{"data":"Underhanded Strike","floor":27.0,"key":"SMITH"},{"data":"Underhanded Strike","floor":32.0,"key":"SMITH"},{"data":"Tactician","floor":46.0,"key":"SMITH"},{"data":"Blur","floor":49.0,"key":"SMITH"},{"data":"Caltrops","floor":52.0,"key":"SMITH"}],"neow_cost":"NONE","seed_source_timestamp":0,"circlet_count":0,"master_deck":["Defend_G","Defend_G","Defend_G","Defend_G","Strike_G","Strike_G+1","Strike_G","Strike_G","Survivor+1","Neutralize","Dagger Throw+1","Dagger Throw","Prepared","Underhanded Strike+1","Quick Slash","Caltrops+1","Malaise","All Out Attack","Underhanded Strike+1","Well Laid Plans+1","Acrobatics","Corpse Explosion","Footwork+1","Acrobatics+1","Underhanded Strike+1","Footwork+1","Flying Knee+1","Blur+1","Infinite Blades+1","Caltrops+1","A Thousand Cuts+1","Underhanded Strike+1","Prepared+1","Reflex+1","Infinite Blades+1","Distraction+1","Dodge and Roll+1","Footwork+1","Tactician+1","Accuracy+1"],"special_seed":0,"relics":["Ring of the Snake","Bronze Scales","Lantern","Darkstone Periapt","Frozen Egg 2","Bird Faced Urn","Black Star","Turnip","Vajra","Centennial Puzzle","The Specimen","Kunai","Art of War","Smiling Mask","Philosopher\u0027s Stone","Ice Cream","Meat on the Bone","Sundial","Paper Crane","Dream Catcher","Ancient Tea Set","Regal Pillow","Happy Flower","Whetstone","Pantograph","Shuriken"],"potions_floor_usage":[55,55,55,55],"damage_taken":[{"damage":3.0,"enemies":"2 Louse","floor":1.0,"turns":3.0},{"damage":0.0,"enemies":"Jaw Worm","floor":2.0,"turns":4.0},{"damage":0.0,"enemies":"Cultist","floor":3.0,"turns":3.0},{"damage":12.0,"enemies":"Exordium Thugs","floor":5.0,"turns":5.0},{"damage":26.0,"enemies":"3 Sentries","floor":6.0,"turns":11.0},{"damage":7.0,"enemies":"Blue Slaver","floor":7.0,"turns":3.0},{"damage":19.0,"enemies":"Lagavulin","floor":8.0,"turns":8.0},{"damage":3.0,"enemies":"3 Sentries","floor":11.0,"turns":6.0},{"damage":7.0,"enemies":"3 Sentries","floor":12.0,"turns":5.0},{"damage":8.0,"enemies":"Gremlin Nob","floor":13.0,"turns":5.0},{"damage":0.0,"enemies":"Looter","floor":14.0,"turns":2.0},{"damage":12.0,"enemies":"The Guardian","floor":16.0,"turns":9.0},{"damage":16.0,"enemies":"Chosen","floor":18.0,"turns":5.0},{"damage":15.0,"enemies":"Spheric Guardian","floor":19.0,"turns":4.0},{"damage":23.0,"enemies":"Centurion and Healer","floor":20.0,"turns":3.0},{"damage":18.0,"enemies":"Snake Plant","floor":21.0,"turns":4.0},{"damage":3.0,"enemies":"Sentry and Sphere","floor":28.0,"turns":5.0},{"damage":11.0,"enemies":"Book of Stabbing","floor":29.0,"turns":5.0},{"damage":33.0,"enemies":"Slavers","floor":31.0,"turns":5.0},{"damage":18.0,"enemies":"Collector","floor":33.0,"turns":9.0},{"damage":5.0,"enemies":"3 Darklings","floor":35.0,"turns":3.0},{"damage":37.0,"enemies":"2 Orb Walkers","floor":36.0,"turns":3.0},{"damage":9.0,"enemies":"Orb Walker","floor":37.0,"turns":3.0},{"damage":6.0,"enemies":"Jaw Worm Horde","floor":38.0,"turns":3.0},{"damage":16.0,"enemies":"3 Darklings","floor":39.0,"turns":4.0},{"damage":26.0,"enemies":"Nemesis","floor":40.0,"turns":9.0},{"damage":0.0,"enemies":"4 Shapes","floor":41.0,"turns":2.0},{"damage":7.0,"enemies":"Giant Head","floor":42.0,"turns":7.0},{"damage":39.0,"enemies":"Spire Growth","floor":44.0,"turns":5.0},{"damage":6.0,"enemies":"Sphere and 2 Shapes","floor":45.0,"turns":4.0},{"damage":0.0,"enemies":"Reptomancer","floor":48.0,"turns":6.0},{"damage":19.0,"enemies":"Time Eater","floor":50.0,"turns":12.0},{"damage":34.0,"enemies":"Shield and Spear","floor":54.0,"turns":3.0},{"damage":83,"enemies":"The Heart","floor":55,"turns":9}],"seed_played":"-6725873775593860258","potions_obtained":[{"floor":3.0,"key":"Regen Potion"},{"floor":5.0,"key":"Ancient Potion"},{"floor":6.0,"key":"EssenceOfSteel"},{"floor":11.0,"key":"Poison Potion"},{"floor":13.0,"key":"Dexterity Potion"},{"floor":14.0,"key":"Ancient Potion"},{"floor":21.0,"key":"GhostInAJar"},{"floor":28.0,"key":"Regen Potion"},{"floor":33.0,"key":"SkillPotion"},{"floor":35.0,"key":"Swift Potion"},{"floor":39.0,"key":"Fire Potion"},{"floor":44.0,"key":"Poison Potion"},{"floor":45.0,"key":"FearPotion"},{"floor":48.0,"key":"Dexterity Potion"},{"floor":54.0,"key":"Weak Potion"}],"is_trial":false,"path_per_floor":["M","M","M","?","M","E","M","E","T","R","E","?","E","M","R","B",null,"M","M","M","M","$","R","?","R","T","R","M","E","$","E","R","B",null,"M","?","M","M","M","E","M","E","T","M","M","R","?","E","R","B",null,"R","$","E","B",null],"character_chosen":"THE_SILENT","items_purchased":["Footwork+1","Turnip","Infinite Blades+1","Kunai","Accuracy+1","EntropicBrew","Whetstone"],"campfire_rested":2,"item_purchase_floors":[22,22,30,30,53,53,53],"current_hp_per_floor":[67,67,67,72,60,34,27,23,23,45,42,35,27,29,29,21,75,61,52,33,21,21,43,49,49,49,49,54,51,51,28,28,37,81,76,51,56,56,48,38,52,61,61,50,52,52,52,70,70,69,81,81,81,51,23],"gold":49,"neow_bonus":"UPGRADE_CARD","is_prod":false,"is_daily":false,"chose_seed":false,"campfire_upgraded":6,"win_rate":0,"timestamp":1560903296,"path_taken":["M","M","M","?","M","E","M","E","T","R","E","?","E","M","R","BOSS","M","M","M","M","$","R","?","R","T","R","?","E","$","E","R","BOSS","M","?","M","M","M","E","M","E","T","M","M","R","?","E","R","BOSS","R","$","E","BOSS"],"build_version":"2019-01-23","purchased_purges":3,"victory":true,"max_hp_per_floor":[70,70,70,75,75,75,75,75,75,75,75,75,75,75,75,75,75,75,75,75,75,75,75,81,81,81,81,81,81,81,81,81,81,81,81,81,81,81,81,81,81,81,81,81,81,81,81,81,81,81,81,81,81,81,81],"card_choices":[{"not_picked":["Quick Slash","Eviscerate"],"picked":"Dagger Throw","floor":1.0},{"not_picked":["Blade Dance","Cloak And Dagger"],"picked":"Dagger Throw","floor":2.0},{"not_picked":["Skewer","Sucker Punch"],"picked":"Prepared","floor":3.0},{"not_picked":["Sucker Punch","Distraction"],"picked":"Underhanded Strike","floor":5.0},{"not_picked":["Dagger Throw","Slice"],"picked":"Quick Slash","floor":6.0},{"not_picked":["Quick Slash","Infinite Blades"],"picked":"Caltrops","floor":7.0},{"not_picked":["Calculated Gamble","Predator"],"picked":"Malaise","floor":8.0},{"not_picked":["Calculated Gamble","Dodge and Roll"],"picked":"All Out Attack","floor":11.0},{"not_picked":["Dagger Spray","Noxious Fumes+1"],"picked":"Underhanded Strike","floor":12.0},{"not_picked":["Crippling Poison","Heel Hook"],"picked":"Well Laid Plans+1","floor":13.0},{"not_picked":["Deadly Poison","Slice"],"picked":"Acrobatics","floor":14.0},{"not_picked":["Grand Finale","Glass Knife"],"picked":"Corpse Explosion","floor":16.0},{"not_picked":["Deadly Poison","Deflect"],"picked":"Footwork+1","floor":18.0},{"not_picked":["Sucker Punch","Deadly Poison"],"picked":"Acrobatics+1","floor":19.0},{"not_picked":["Deadly Poison","Reflex"],"picked":"Underhanded Strike","floor":20.0},{"not_picked":["Bane","Blade Dance"],"picked":"Dagger Throw","floor":21.0},{"not_picked":["Backstab","Slice"],"picked":"Flying Knee+1","floor":28.0},{"not_picked":["Caltrops+1","Finisher"],"picked":"Blur","floor":29.0},{"not_picked":["Backstab","Burst"],"picked":"Caltrops+1","floor":31.0},{"not_picked":["Night Terror","Glass Knife"],"picked":"A Thousand Cuts+1","floor":33.0},{"not_picked":["Deflect+1","Blade Dance+1"],"picked":"Underhanded Strike+1","floor":35.0},{"not_picked":["Outmaneuver","Slice"],"picked":"Prepared+1","floor":36.0},{"not_picked":["PiercingWail","Deadly Poison"],"picked":"Reflex+1","floor":37.0},{"not_picked":["Poisoned Stab","Acrobatics+1"],"picked":"Infinite Blades+1","floor":38.0},{"not_picked":["Slice","Cloak And Dagger+1","Masterful Stab"],"picked":"SKIP","floor":39.0},{"not_picked":["Backflip+1","Blade Dance+1"],"picked":"Distraction+1","floor":40.0},{"not_picked":["Masterful Stab","Blade Dance"],"picked":"Dodge and Roll+1","floor":41.0},{"not_picked":["Unload","Backflip"],"picked":"Footwork+1","floor":42.0},{"not_picked":["Deflect","Backstab+1"],"picked":"Tactician","floor":44.0},{"not_picked":["Backflip","Dagger Spray","Sucker Punch+1"],"picked":"SKIP","floor":45.0},{"not_picked":["Concentrate+1","Slice","Outmaneuver"],"picked":"SKIP","floor":48.0},{"not_picked":["Deadly Poison+1","Crippling Poison+1","Outmaneuver+1"],"picked":"SKIP","floor":54.0}],"player_experience":119606,"relics_obtained":[{"floor":6.0,"key":"Bronze Scales"},{"floor":8.0,"key":"Lantern"},{"floor":11.0,"key":"Darkstone Periapt"},{"floor":13.0,"key":"Bird Faced Urn"},{"floor":26.0,"key":"Vajra"},{"floor":29.0,"key":"Centennial Puzzle"},{"floor":29.0,"key":"The Specimen"},{"floor":31.0,"key":"Art of War"},{"floor":31.0,"key":"Smiling Mask"},{"floor":36.0,"key":"Ice Cream"},{"floor":40.0,"key":"Meat on the Bone"},{"floor":40.0,"key":"Sundial"},{"floor":42.0,"key":"Paper Crane"},{"floor":42.0,"key":"Dream Catcher"},{"floor":43.0,"key":"Ancient Tea Set"},{"floor":48.0,"key":"Regal Pillow"},{"floor":48.0,"key":"Happy Flower"},{"floor":54.0,"key":"Pantograph"},{"floor":54.0,"key":"Shuriken"}],"event_choices":[{"damage_healed":0.0,"max_hp_gain":5.0,"max_hp_loss":0.0,"gold_gain":0.0,"event_name":"Big Fish","player_choice":"Donut","floor":4.0,"gold_loss":0.0,"damage_taken":0.0},{"damage_healed":0.0,"max_hp_gain":0.0,"max_hp_loss":0.0,"gold_gain":0.0,"event_name":"Dead Adventurer","player_choice":"Searched \u00273\u0027 times","floor":12.0,"gold_loss":0.0,"damage_taken":0.0,"relics_obtained":["Frozen Egg 2"]},{"damage_healed":0.0,"max_hp_gain":0.0,"max_hp_loss":0.0,"gold_gain":275.0,"event_name":"Golden Shrine","player_choice":"Desecrate","floor":24.0,"gold_loss":0.0,"damage_taken":0.0,"cards_obtained":["Regret"]},{"damage_healed":0.0,"max_hp_gain":0.0,"max_hp_loss":0.0,"gold_gain":0.0,"event_name":"Mysterious Sphere","player_choice":"Fight","floor":36.0,"gold_loss":0.0,"damage_taken":0.0},{"cards_removed":["Dagger Throw"],"damage_healed":0.0,"max_hp_gain":0.0,"max_hp_loss":0.0,"gold_gain":0.0,"event_name":"Falling","player_choice":"Removed Attack","floor":47.0,"gold_loss":0.0,"damage_taken":0.0}],"is_beta":false,"boss_relics":[{"not_picked":["Velvet Choker","Tiny House"],"picked":"Black Star"},{"not_picked":["Runic Dome","WristBlade"],"picked":"Philosopher\u0027s Stone"}],"items_purged_floors":[22,30,53],"is_endless":false,"potions_floor_spawned":[3,5,6,11,13,14,21,28,33,35,39,44,45,48,54],"ascension_level":2}