{"gold_per_floor":[147,159,231,231,241,274,274,287,336,336,261,261,276,302,302,302],"floor_reached":16,"playtime":430,"items_purged":["Strike_B"],"score":110,"play_id":"3db9129a-1c06-46c6-9d50-d15e80d699f3","local_time":"20190502213341","is_ascension_mode":false,"campfire_choices":[{"data":"Dualcast","floor":7,"key":"SMITH"},{"data":"Zap","floor":10,"key":"SMITH"},{"data":"Defragment","floor":12,"key":"SMITH"},{"data":"Coolheaded","floor":15,"key":"SMITH"}],"neow_cost":"NONE","seed_source_timestamp":1036210076138943,"circlet_count":0,"master_deck":["Strike_B","Strike_B","Strike_B","Defend_B","Defend_B","Defend_B","Zap+1","Dualcast+1","Conserve Battery","Defragment+1","Coolheaded+1","Cold Snap"],"special_seed":0,"relics":["Cracked Core","Tiny Chest","Shuriken","Orichalcum","Blood Vial","Dodecahedron"],"potions_floor_usage":[16],"damage_taken":[{"damage":1.0,"enemies":"Cultist","floor":1.0,"turns":4.0},{"damage":4,"enemies":"2 Louse","floor":2,"turns":3},{"damage":6,"enemies":"Jaw Worm","floor":5,"turns":3},{"damage":36,"enemies":"3 Sentries","floor":6,"turns":8},{"damage":0,"enemies":"Exordium Wildlife","floor":8,"turns":4},{"damage":6,"enemies":"2 Fungi Beasts","floor":13,"turns":5},{"damage":9,"enemies":"Gremlin Nob","floor":14,"turns":3},{"damage":5,"enemies":"Hexaghost","floor":16,"turns":11}],"seed_played":"-5654427849176773538","potions_obtained":[{"floor":6,"key":"EssenceOfSteel"},{"floor":8,"key":"SpeedPotion"}],"is_trial":false,"path_per_floor":["M","M","T","?","M","E","R","M","T","R","$","R","M","E","R","B"],"character_chosen":"DEFECT","items_purchased":[],"campfire_rested":0,"item_purchase_floors":[],"current_hp_per_floor":[74,70,70,63,57,21,21,21,21,21,21,21,17,10,10,7],"gold":302,"neow_bonus":"RANDOM_COMMON_RELIC","is_prod":false,"is_daily":false,"chose_seed":false,"campfire_upgraded":4,"win_rate":0,"timestamp":1556829221,"path_taken":["M","M","?","?","M","E","R","M","T","R","$","R","M","E","R","BOSS"],"build_version":"2019-01-23","purchased_purges":1,"victory":false,"max_hp_per_floor":[75,75,75,75,75,75,75,75,75,75,75,75,75,75,75,75],"card_choices":[{"not_picked":["Leap","Sweeping Beam"],"picked":"Conserve Battery","floor":1.0},{"not_picked":["Storm","Barrage","Scrape"],"picked":"SKIP","floor":2},{"not_picked":["Turbo","Reinforced Body"],"picked":"Defragment","floor":5},{"not_picked":["Streamline","Turbo","Steam"],"picked":"SKIP","floor":6},{"not_picked":["Redo","Reprogram","Tempest"],"picked":"SKIP","floor":8},{"not_picked":["Compile Driver","Gash"],"picked":"Coolheaded","floor":13},{"not_picked":["All For One","Static Discharge"],"picked":"Cold Snap","floor":14}],"player_experience":1212103,"relics_obtained":[{"floor":3,"key":"Shuriken"},{"floor":6,"key":"Orichalcum"},{"floor":9,"key":"Blood Vial"},{"floor":14,"key":"Dodecahedron"}],"event_choices":[{"cards_removed":["Defend_B"],"damage_healed":0,"gold_gain":0,"player_choice":"Card Removal","damage_taken":7,"max_hp_gain":0,"max_hp_loss":0,"event_name":"Golden Wing","floor":4,"gold_loss":0}],"is_beta":false,"boss_relics":[],"items_purged_floors":[11],"is_endless":false,"potions_floor_spawned":[6,8],"killed_by":"Hexaghost","ascension_level":0}