{"gold_per_floor":[112,126,136,136,211,242,257,274,274,286,286,319,335,369,369,465,465,465,1,0,0,0,0,0,0,0,0,0,0,0,0,0,0,0,0,0,0,0,0,0,0,0,0,0,0,0,0,0,0,0,0,0,0,0,0],"floor_reached":55,"playtime":7040,"items_purged":["Strike_G"],"score":954,"play_id":"e5eda24a-b340-4020-a931-4ba7c8aa26a4","local_time":"20190504162452","is_ascension_mode":true,"campfire_choices":[{"floor":11.0,"key":"REST"},{"floor":15.0,"key":"RECALL"},{"floor":25.0,"key":"REST"},{"floor":32.0,"key":"REST"},{"floor":49.0,"key":"REST"},{"data":"Apotheosis","floor":52.0,"key":"SMITH"}],"neow_cost":"NONE","seed_source_timestamp":662104511901600,"circlet_count":0,"master_deck":["Defend_G","Defend_G","Strike_G","Strike_G","Strike_G","Survivor","Neutralize","Dodge and Roll","Dagger Spray","Tactician","Dagger Throw","Venomology","Underhanded Strike","Dagger Throw","Outmaneuver","Dagger Spray","Predator","Tools of the Trade","Acrobatics","Apotheosis+1","Choke+1","Footwork+1","Necronomicurse","Deflect","After Image","Escape Plan","Skewer","Tactician+1","Noxious Fumes","Deflect","Blur","Corpse Explosion","Poisoned Stab","Madness","Infinite Blades+1","Footwork+1","Reflex+1","Dagger Throw","PiercingWail","Choke+1","Eviscerate","Dagger Throw","Underhanded Strike","Catalyst+1","Prepared+1"],"special_seed":0,"relics":["Ring of the Snake","Question Card","Vajra","Mercury Hourglass","Ectoplasm","TwistedFunnel","Necronomicon","Oddly Smooth Stone","Potion Belt","Dream Catcher","The Specimen","White Beast Statue","Paper Crane","Orichalcum","Mummified Hand","Prayer Wheel","Boot"],"potions_floor_usage":[55,55,55],"damage_taken":[{"damage":2.0,"enemies":"Small Slimes","floor":1.0,"turns":4.0},{"damage":0.0,"enemies":"2 Louse","floor":2.0,"turns":2.0},{"damage":2.0,"enemies":"Jaw Worm","floor":3.0,"turns":5.0},{"damage":31.0,"enemies":"3 Sentries","floor":6.0,"turns":9.0},{"damage":0.0,"enemies":"Exordium Thugs","floor":7.0,"turns":5.0},{"damage":5.0,"enemies":"Blue Slaver","floor":8.0,"turns":5.0},{"damage":1.0,"enemies":"3 Louse","floor":10.0,"turns":3.0},{"damage":2.0,"enemies":"Gremlin Nob","floor":12.0,"turns":3.0},{"damage":1.0,"enemies":"Looter","floor":13.0,"turns":3.0},{"damage":14.0,"enemies":"3 Sentries","floor":14.0,"turns":5.0},{"damage":9.0,"enemies":"Hexaghost","floor":16.0,"turns":8.0},{"damage":21.0,"enemies":"Spheric Guardian","floor":18.0,"turns":4.0},{"damage":7.0,"enemies":"2 Thieves","floor":20.0,"turns":3.0},{"damage":0.0,"enemies":"Snecko","floor":21.0,"turns":3.0},{"damage":9.0,"enemies":"Book of Stabbing","floor":23.0,"turns":4.0},{"damage":0.0,"enemies":"Gremlin Leader","floor":28.0,"turns":5.0},{"damage":0.0,"enemies":"3 Cultists","floor":29.0,"turns":3.0},{"damage":24.0,"enemies":"Slavers","floor":30.0,"turns":4.0},{"damage":0.0,"enemies":"Snake Plant","floor":31.0,"turns":2.0},{"damage":0.0,"enemies":"Automaton","floor":33.0,"turns":6.0},{"damage":0.0,"enemies":"Orb Walker","floor":35.0,"turns":3.0},{"damage":0.0,"enemies":"3 Darklings","floor":37.0,"turns":3.0},{"damage":3.0,"enemies":"Jaw Worm Horde","floor":38.0,"turns":2.0},{"damage":20.0,"enemies":"Reptomancer","floor":40.0,"turns":5.0},{"damage":12.0,"enemies":"4 Shapes","floor":41.0,"turns":1.0},{"damage":19.0,"enemies":"Nemesis","floor":42.0,"turns":5.0},{"damage":18.0,"enemies":"2 Orb Walkers","floor":44.0,"turns":3.0},{"damage":0.0,"enemies":"Transient","floor":47.0,"turns":5.0},{"damage":0.0,"enemies":"Sphere and 2 Shapes","floor":48.0,"turns":2.0},{"damage":9.0,"enemies":"Donu and Deca","floor":50.0,"turns":5.0},{"damage":10.0,"enemies":"Shield and Spear","floor":54.0,"turns":3.0},{"damage":93,"enemies":"The Heart","floor":55,"turns":5}],"seed_played":"7784270094374027622","potions_obtained":[{"floor":2.0,"key":"SpeedPotion"},{"floor":6.0,"key":"Block Potion"},{"floor":7.0,"key":"SteroidPotion"},{"floor":8.0,"key":"SkillPotion"},{"floor":21.0,"key":"SkillPotion"},{"floor":23.0,"key":"Explosive Potion"},{"floor":33.0,"key":"Weak Potion"},{"floor":35.0,"key":"Energy Potion"},{"floor":40.0,"key":"Swift Potion"},{"floor":41.0,"key":"GamblersBrew"},{"floor":42.0,"key":"SkillPotion"},{"floor":44.0,"key":"SkillPotion"},{"floor":47.0,"key":"Dexterity Potion"},{"floor":48.0,"key":"Dexterity Potion"},{"floor":54.0,"key":"Ancient Potion"}],"is_trial":false,"path_per_floor":["M","M","M","?","?","E","M","M","T","M","R","E","M","E","R","B",null,"M","$","M","M","?","E","?","R","T","?","E","M","E","M","R","B",null,"M","?","M","M","?","E","M","E","T","?","?","$","M","M","R","B",null,"R","$","E","B"],"character_chosen":"THE_SILENT","items_purchased":["Apotheosis","TwistedFunnel"],"campfire_rested":4,"item_purchase_floors":[19,19],"current_hp_per_floor":[75,75,73,66,55,24,24,19,19,18,41,39,38,24,24,30,77,56,56,49,49,33,24,24,47,47,47,47,47,23,23,46,46,77,77,67,67,64,77,57,45,26,26,8,8,8,8,8,31,22,77,77,77,67,0],"gold":0,"neow_bonus":"TEN_PERCENT_HP_BONUS","is_prod":false,"is_daily":false,"chose_seed":false,"campfire_upgraded":1,"win_rate":0,"timestamp":1557005092,"path_taken":["M","M","M","?","?","E","?","M","T","M","R","E","M","E","R","BOSS","M","$","M","M","?","E","?","R","T","?","E","M","E","M","R","BOSS","M","?","M","M","?","E","?","E","T","?","?","?","M","M","R","BOSS","R","$","E","BOSS"],"build_version":"2019-01-23","purchased_purges":1,"victory":false,"max_hp_per_floor":[77,77,77,77,77,77,77,77,77,77,77,77,77,77,77,77,77,77,77,77,77,77,77,77,77,77,77,77,77,77,77,77,77,77,77,77,77,77,77,77,77,77,77,77,77,77,77,77,77,77,77,77,77,77,77],"card_choices":[{"not_picked":["Finisher","Deflect"],"picked":"Dodge and Roll","floor":1.0},{"not_picked":["Acrobatics","Distraction"],"picked":"Dagger Spray","floor":2.0},{"not_picked":["PiercingWail","Sucker Punch"],"picked":"Tactician","floor":3.0},{"not_picked":["Backflip","Dagger Spray"],"picked":"Dagger Throw","floor":6.0},{"not_picked":["Prepared","Acrobatics","Leg Sweep"],"picked":"Venomology","floor":7.0},{"not_picked":["Dagger Spray","Dash","Poisoned Stab"],"picked":"Underhanded Strike","floor":8.0},{"not_picked":["Poisoned Stab","Flying Knee","Heel Hook"],"picked":"Dagger Throw","floor":10.0},{"not_picked":["Quick Slash","Malaise","Dash"],"picked":"Outmaneuver","floor":12.0},{"not_picked":["Bane","Outmaneuver","Terror"],"picked":"Dagger Spray","floor":13.0},{"not_picked":["Outmaneuver","Flechettes","Endless Agony"],"picked":"Predator","floor":14.0},{"not_picked":["Venomology","Bullet Time","Doppelganger"],"picked":"Tools of the Trade","floor":16.0},{"not_picked":["Skewer+1","Distraction","Quick Slash"],"picked":"Acrobatics","floor":18.0},{"not_picked":["Dagger Spray+1","Deflect","Blade Dance"],"picked":"Choke+1","floor":20.0},{"not_picked":["Dagger Spray+1","Caltrops+1","Calculated Gamble"],"picked":"Footwork+1","floor":21.0},{"not_picked":["Well Laid Plans","Heel Hook","Endless Agony"],"picked":"Deflect","floor":23.0},{"not_picked":["Outmaneuver","Catalyst+1","Flechettes+1"],"picked":"Skewer","floor":28.0},{"not_picked":["Sucker Punch","Expertise","Acrobatics+1"],"picked":"Tactician+1","floor":29.0},{"not_picked":["Slice","Catalyst","Wraith Form v2"],"picked":"Noxious Fumes","floor":30.0},{"not_picked":["Dagger Spray","Flechettes","Slice"],"picked":"Deflect","floor":31.0},{"not_picked":["Dagger Spray","Dagger Throw","Blade Dance"],"picked":"Blur","floor":32.0},{"not_picked":["Phantasmal Killer","Burst","Die Die Die"],"picked":"Corpse Explosion","floor":33.0},{"not_picked":["Expertise+1","Slice","Acrobatics+1"],"picked":"Poisoned Stab","floor":35.0},{"not_picked":["Reflex","Blade Dance+1","Bane"],"picked":"Infinite Blades+1","floor":37.0},{"not_picked":["Finisher","Poisoned Stab+1","Dodge and Roll"],"picked":"Footwork+1","floor":38.0},{"not_picked":["Footwork","Predator","Sucker Punch+1"],"picked":"Reflex+1","floor":40.0},{"not_picked":["Predator+1","Well Laid Plans","Backstab+1"],"picked":"Dagger Throw","floor":41.0},{"not_picked":["Flying Knee+1","Dagger Spray+1","Deflect"],"picked":"Caltrops","floor":42.0},{"not_picked":["Backflip","Dagger Spray","Noxious Fumes+1"],"picked":"PiercingWail","floor":44.0},{"not_picked":["Endless Agony","Well Laid Plans+1","Dagger Spray"],"picked":"Choke+1","floor":47.0},{"not_picked":["Choke+1","Slice","Well Laid Plans"],"picked":"Eviscerate","floor":47.0},{"not_picked":["Night Terror","Dagger Spray+1","Bane"],"picked":"Dagger Throw","floor":48.0},{"not_picked":["Predator","Outmaneuver+1","Quick Slash"],"picked":"Underhanded Strike","floor":48.0},{"not_picked":["Flying Knee","Sucker Punch","Blade Dance"],"picked":"Catalyst+1","floor":49.0},{"not_picked":["Burst","Noxious Fumes+1","Underhanded Strike"],"picked":"Prepared+1","floor":54.0}],"player_experience":56798,"relics_obtained":[{"floor":6.0,"key":"Question Card"},{"floor":12.0,"key":"Vajra"},{"floor":14.0,"key":"Mercury Hourglass"},{"floor":22.0,"key":"Necronomicon"},{"floor":23.0,"key":"Oddly Smooth Stone"},{"floor":26.0,"key":"Potion Belt"},{"floor":28.0,"key":"Dream Catcher"},{"floor":30.0,"key":"The Specimen"},{"floor":40.0,"key":"Paper Crane"},{"floor":42.0,"key":"Orichalcum"},{"floor":43.0,"key":"Mummified Hand"},{"floor":44.0,"key":"Prayer Wheel"},{"floor":54.0,"key":"Boot"}],"event_choices":[{"cards_removed":["Defend_G"],"damage_healed":0.0,"max_hp_gain":0.0,"max_hp_loss":0.0,"gold_gain":0.0,"event_name":"Golden Wing","player_choice":"Card Removal","floor":4.0,"gold_loss":0.0,"damage_taken":7.0},{"damage_healed":0.0,"max_hp_gain":0.0,"max_hp_loss":0.0,"gold_gain":75.0,"event_name":"World of Goop","player_choice":"Gather Gold","floor":5.0,"gold_loss":0.0,"damage_taken":11.0},{"damage_healed":0.0,"max_hp_gain":0.0,"max_hp_loss":0.0,"gold_gain":0.0,"event_name":"Cursed Tome","player_choice":"Obtained Book","floor":22.0,"gold_loss":0.0,"damage_taken":16.0},{"damage_healed":0.0,"max_hp_gain":0.0,"max_hp_loss":0.0,"gold_gain":0.0,"cards_transformed":["Defend_G","Strike_G"],"event_name":"Drug Dealer","player_choice":"Became Test Subject","floor":24.0,"gold_loss":0.0,"damage_taken":0.0,"cards_obtained":["After Image","Escape Plan"]},{"cards_removed":["Defend_G"],"damage_healed":0.0,"max_hp_gain":0.0,"max_hp_loss":0.0,"gold_gain":0.0,"event_name":"Back to Basics","player_choice":"Elegance","floor":27.0,"gold_loss":0.0,"damage_taken":0.0},{"damage_healed":0.0,"max_hp_gain":0.0,"max_hp_loss":0.0,"gold_gain":0.0,"event_name":"Winding Halls","player_choice":"Embrace Madness","floor":36.0,"gold_loss":0.0,"damage_taken":10.0,"cards_obtained":["Madness","Madness"]},{"cards_removed":["Madness"],"damage_healed":13.0,"max_hp_gain":0.0,"max_hp_loss":0.0,"gold_gain":0.0,"event_name":"Bonfire Elementals","player_choice":"Offered Uncommon","floor":39.0,"gold_loss":0.0,"damage_taken":0.0},{"damage_healed":0.0,"max_hp_gain":0.0,"max_hp_loss":0.0,"gold_gain":0.0,"event_name":"Mysterious Sphere","player_choice":"Fight","floor":44.0,"gold_loss":0.0,"damage_taken":0.0},{"cards_removed":["Caltrops"],"damage_healed":0.0,"max_hp_gain":0.0,"max_hp_loss":0.0,"gold_gain":0.0,"event_name":"Falling","player_choice":"Removed Power","floor":45.0,"gold_loss":0.0,"damage_taken":0.0}],"is_beta":false,"boss_relics":[{"not_picked":["WristBlade","Coffee Dripper"],"picked":"Ectoplasm"},{"not_picked":["Runic Pyramid","Astrolabe"],"picked":"White Beast Statue"}],"items_purged_floors":[19],"is_endless":false,"potions_floor_spawned":[2,6,7,8,21,23,33,35,37,38,40,41,42,44,47,48,54],"killed_by":"The Heart","ascension_level":1}