{"gold_per_floor":[219,219,319,329,344,344,360,375,427,455,154,165,177,26,26,130,130],"floor_reached":17,"playtime":432,"items_purged":[],"score":159,"play_id":"aa56beaa-529e-422c-8539-cb7604092212","local_time":"20190508235203","is_ascension_mode":false,"campfire_choices":[{"data":"Dualcast","floor":6.0,"key":"SMITH"},{"data":"Echo Form","floor":15,"key":"SMITH"}],"neow_cost":"NONE","seed_source_timestamp":1562944164997644,"circlet_count":0,"master_deck":["Strike_B","Defend_B","Defend_B","Defend_B","Defend_B","Zap","Dualcast+1","Ball Lightning","Echo Form+1","Thunder Strike","Consume+1","Storm+1","Genetic Algorithm+1"],"special_seed":0,"relics":["Cracked Core","Pen Nib","FossilizedHelix","Astrolabe"],"potions_floor_usage":[],"damage_taken":[{"damage":7.0,"enemies":"Jaw Worm","floor":1.0,"turns":4.0},{"damage":0.0,"enemies":"Cultist","floor":4.0,"turns":3.0},{"damage":0.0,"enemies":"2 Louse","floor":5.0,"turns":3.0},{"damage":8.0,"enemies":"Gremlin Gang","floor":7.0,"turns":3.0},{"damage":3.0,"enemies":"Large Slime","floor":8.0,"turns":6.0},{"damage":25.0,"enemies":"3 Sentries","floor":10.0,"turns":7.0},{"damage":0,"enemies":"Exordium Thugs","floor":12,"turns":4},{"damage":0,"enemies":"Blue Slaver","floor":13,"turns":3},{"damage":8,"enemies":"The Guardian","floor":16,"turns":10}],"seed_played":"146996771523725408","potions_obtained":[{"floor":5.0,"key":"PowerPotion"},{"floor":12,"key":"Block Potion"},{"floor":13,"key":"Dexterity Potion"}],"is_trial":false,"path_per_floor":["M","$","?","M","M","R","M","M","T","E","$","M","M","$","R","B",null],"character_chosen":"DEFECT","items_purchased":["FossilizedHelix","Echo Form"],"campfire_rested":0,"item_purchase_floors":[11,14],"current_hp_per_floor":[68,68,68,68,68,68,60,57,57,32,32,32,32,32,32,24,24],"gold":130,"neow_bonus":"HUNDRED_GOLD","is_prod":false,"is_daily":false,"chose_seed":false,"campfire_upgraded":2,"win_rate":0,"timestamp":1557355923,"path_taken":["M","$","?","?","M","R","M","?","T","E","$","M","M","$","R","BOSS"],"build_version":"2019-01-23","purchased_purges":0,"victory":false,"max_hp_per_floor":[75,75,75,75,75,75,75,75,75,75,75,75,75,75,75,75,75],"card_choices":[{"not_picked":["Redo","Loop","Auto Shields"],"picked":"SKIP","floor":1.0},{"not_picked":["Steam Power","Reprogram","Loop"],"picked":"SKIP","floor":4.0},{"not_picked":["Doom and Gloom","Leap"],"picked":"Ball Lightning","floor":5.0},{"not_picked":["Leap","Rebound","Rip and Tear"],"picked":"SKIP","floor":7.0},{"not_picked":["Hello World","Compile Driver","Hologram"],"picked":"SKIP","floor":8.0},{"not_picked":["Sunder","Cold Snap","Skim"],"picked":"SKIP","floor":10},{"not_picked":["Compile Driver","Redo","Steam Power"],"picked":"SKIP","floor":12},{"not_picked":["Reprogram","Storm","Skim"],"picked":"SKIP","floor":13},{"not_picked":["Rainbow","Amplify"],"picked":"Thunder Strike","floor":16}],"player_experience":1226703,"relics_obtained":[{"floor":9.0,"key":"Pen Nib"}],"event_choices":[{"damage_healed":0.0,"max_hp_gain":0.0,"max_hp_loss":0.0,"gold_gain":100.0,"event_name":"Golden Shrine","player_choice":"Pray","floor":3.0,"gold_loss":0.0,"damage_taken":0.0}],"is_beta":false,"boss_relics":[{"not_picked":["Snecko Eye","Coffee Dripper"],"picked":"Astrolabe"}],"items_purged_floors":[],"is_endless":false,"potions_floor_spawned":[5,12,13,16],"ascension_level":0}