{"gold_per_floor":[110,126,141,141,141,172,186,186],"floor_reached":8,"playtime":804,"items_purged":[],"score":64,"play_id":"7f76f7bc-f6c1-4442-92e0-d5fd9ca5de11","local_time":"20190510220007","is_ascension_mode":true,"campfire_choices":[],"neow_cost":"NONE","seed_source_timestamp":100274822467100,"circlet_count":0,"master_deck":["Defend_G","Defend_G","Defend_G","Defend_G","Strike_G","Strike_G","Strike_G","Strike_G","Strike_G","Survivor","Neutralize","Deflect","Expertise","Choke","Caltrops","Noxious Fumes","Blade Dance+1"],"special_seed":0,"relics":["Ring of the Snake","Toxic Egg 2","Juzu Bracelet"],"potions_floor_usage":[6],"damage_taken":[{"damage":6.0,"enemies":"2 Louse","floor":1.0,"turns":4.0},{"damage":4.0,"enemies":"Small Slimes","floor":2.0,"turns":5.0},{"damage":0.0,"enemies":"Jaw Worm","floor":3.0,"turns":3.0},{"damage":25,"enemies":"Gremlin Nob","floor":6,"turns":6},{"damage":2,"enemies":"Blue Slaver","floor":7,"turns":4},{"damage":36,"enemies":"Lagavulin","floor":8,"turns":7}],"seed_played":"3991896024907144866","potions_obtained":[{"floor":1.0,"key":"SteroidPotion"},{"floor":2.0,"key":"GhostInAJar"}],"is_trial":false,"path_per_floor":["M","M","M","?","?","E","M","E"],"character_chosen":"THE_SILENT","items_purchased":[],"campfire_rested":0,"item_purchase_floors":[],"current_hp_per_floor":[71,67,67,55,55,30,28,0],"gold":186,"neow_bonus":"TEN_PERCENT_HP_BONUS","is_prod":false,"is_daily":false,"chose_seed":false,"campfire_upgraded":0,"win_rate":0,"timestamp":1557543607,"path_taken":["M","M","M","?","?","E","M","E"],"build_version":"2019-01-23","purchased_purges":0,"victory":false,"max_hp_per_floor":[77,77,77,77,77,77,77,77],"card_choices":[{"not_picked":["Eviscerate","Crippling Poison"],"picked":"Deflect","floor":1.0},{"not_picked":["Quick Slash","Bane"],"picked":"Expertise","floor":2.0},{"not_picked":["Dagger Spray","Dodge and Roll"],"picked":"Choke","floor":3.0},{"not_picked":["Heel Hook","Skewer"],"picked":"Noxious Fumes","floor":6},{"not_picked":["Leg Sweep+1","Expertise+1"],"picked":"Blade Dance+1","floor":7}],"player_experience":90789,"relics_obtained":[{"floor":6,"key":"Juzu Bracelet"}],"event_choices":[{"damage_healed":0.0,"max_hp_gain":0.0,"max_hp_loss":0.0,"gold_gain":0.0,"event_name":"Scrap Ooze","player_choice":"Success","floor":4.0,"gold_loss":0.0,"damage_taken":12.0,"relics_obtained":["Toxic Egg 2"]},{"damage_healed":0.0,"max_hp_gain":0.0,"max_hp_loss":0.0,"gold_gain":0.0,"cards_transformed":["Defend_G"],"event_name":"Living Wall","player_choice":"Change","floor":5.0,"gold_loss":0.0,"damage_taken":0.0,"cards_obtained":["Caltrops"]}],"is_beta":false,"boss_relics":[],"items_purged_floors":[],"is_endless":false,"potions_floor_spawned":[1,2],"killed_by":"Lagavulin","ascension_level":2}