{"gold_per_floor":[115,126,140,20,32,32,62,62,130,130,130,130,130,130,130,235,235,255,132,132,132,149,149,149,164,212,230,230,259,259,275,275,377,377,397,412,422,297,297],"floor_reached":39,"playtime":878,"items_purged":["Strike_B","Turbo+1","Parasite"],"score":429,"play_id":"b334e88b-6a78-4b8e-99ef-3466572dde74","local_time":"20190603225637","is_ascension_mode":false,"campfire_choices":[{"data":"Dualcast","floor":8.0,"key":"SMITH"},{"data":"Zap","floor":10.0,"key":"SMITH"},{"data":"Ball Lightning","floor":15.0,"key":"SMITH"},{"data":"Echo Form","floor":23,"key":"SMITH"},{"data":"FTL","floor":24,"key":"SMITH"},{"floor":28,"key":"REST"},{"floor":30,"key":"REST"},{"data":"Defragment","floor":32,"key":"SMITH"}],"neow_cost":"NONE","seed_source_timestamp":438719241161748,"circlet_count":0,"master_deck":["Defend_B","Defend_B","Defend_B","Zap+1","Dualcast+1","Ball Lightning+1","FTL+1","Ball Lightning+1","Echo Form+1","Loop+1","Melter+1","Conserve Battery","Go for the Eyes","Defragment+1","Undo"],"special_seed":0,"relics":["Cracked Core","WingedGreaves","Cables","Astrolabe","Anchor","Red Mask","Cursed Key"],"potions_floor_usage":[29],"damage_taken":[{"damage":0.0,"enemies":"Cultist","floor":1.0,"turns":2.0},{"damage":6.0,"enemies":"2 Louse","floor":2.0,"turns":2.0},{"damage":0.0,"enemies":"Small Slimes","floor":3.0,"turns":2.0},{"damage":7.0,"enemies":"3 Louse","floor":5.0,"turns":3.0},{"damage":14.0,"enemies":"Gremlin Nob","floor":7.0,"turns":3.0},{"damage":0,"enemies":"Slime Boss","floor":16,"turns":5},{"damage":0,"enemies":"Spheric Guardian","floor":18,"turns":2},{"damage":5,"enemies":"Chosen","floor":22,"turns":4},{"damage":29,"enemies":"Snake Plant","floor":25,"turns":4},{"damage":25,"enemies":"Shelled Parasite and Fungi","floor":27,"turns":5},{"damage":29,"enemies":"Masked Bandits","floor":29,"turns":4},{"damage":2,"enemies":"Cultist and Chosen","floor":31,"turns":5},{"damage":24,"enemies":"Automaton","floor":33,"turns":8},{"damage":18,"enemies":"3 Darklings","floor":35,"turns":5},{"damage":0,"enemies":"3 Shapes","floor":36,"turns":3},{"damage":17,"enemies":"Writhing Mass","floor":37,"turns":5},{"damage":0,"enemies":"Jaw Worm Horde","floor":39,"turns":2}],"seed_played":"687547507129735533","potions_obtained":[{"floor":2.0,"key":"Poison Potion"},{"floor":3.0,"key":"LiquidBronze"},{"floor":7.0,"key":"Regen Potion"},{"floor":18,"key":"Dexterity Potion"},{"floor":29,"key":"GamblersBrew"},{"floor":37,"key":"PowerPotion"}],"is_trial":false,"path_per_floor":["M","M","M","$","M","?","E","R","T","R","?","?","?","?","R","B",null,"M","$","?","$","M","R","R","M","T","M","R","?","R","M","R","B",null,"M","M","M","$","M"],"character_chosen":"DEFECT","items_purchased":["Ball Lightning","Conserve Battery"],"campfire_rested":2,"item_purchase_floors":[4,19],"current_hp_per_floor":[75,69,69,69,62,55,41,41,41,41,41,41,41,46,46,46,80,80,80,72,72,67,67,67,38,38,13,37,8,32,30,30,6,80,62,62,45,45,45],"gold":297,"neow_bonus":"THREE_CARDS","is_prod":false,"is_daily":false,"chose_seed":false,"campfire_upgraded":6,"win_rate":0,"timestamp":1559598997,"path_taken":["M","M","M","$","?","?","E","R","T","R","?","?","?","?","R","BOSS","M","$","?","$","M","R","R","M","T","?","R","?","R","M","R","BOSS","M","M","M","$","M"],"build_version":"2019-01-23","purchased_purges":3,"victory":false,"max_hp_per_floor":[75,75,75,75,75,75,75,75,75,75,75,75,75,80,80,80,80,80,80,80,80,80,80,80,80,80,80,80,80,80,80,80,80,80,80,80,80,77,77],"card_choices":[{"not_picked":["Scrape","Streamline"],"picked":"Ball Lightning","floor":0.0},{"not_picked":["Gash","Beam Cell"],"picked":"FTL","floor":1.0},{"not_picked":["Steam Power","Beam Cell","Scrape"],"picked":"SKIP","floor":2.0},{"not_picked":["Streamline","Turbo","Redo"],"picked":"SKIP","floor":3.0},{"not_picked":["Blizzard","Genetic Algorithm","Steam"],"picked":"SKIP","floor":5.0},{"not_picked":["Turbo","Steam","Streamline"],"picked":"SKIP","floor":7.0},{"not_picked":["Multi-Cast","All For One"],"picked":"Echo Form","floor":16},{"not_picked":["Lockon","Hologram","Redo"],"picked":"SKIP","floor":18},{"not_picked":["Scrape","Turbo","Ball Lightning"],"picked":"SKIP","floor":22},{"not_picked":["Melter","Tempest"],"picked":"Go for the Eyes","floor":25},{"not_picked":["Heatsinks","Cold Snap+1"],"picked":"Defragment","floor":27},{"not_picked":["Compile Driver","Hologram"],"picked":"Undo","floor":29},{"not_picked":["Hologram","Sweeping Beam+1","Steam"],"picked":"SKIP","floor":31},{"not_picked":["White Noise","Skim+1","Coolheaded"],"picked":"SKIP","floor":35},{"not_picked":["Storm","Streamline","Rebound+1"],"picked":"SKIP","floor":36},{"not_picked":["Barrage","Gash+1","Hologram"],"picked":"SKIP","floor":37}],"player_experience":1278682,"relics_obtained":[{"floor":7.0,"key":"WingedGreaves"},{"floor":9.0,"key":"Cables"},{"floor":26,"key":"Anchor"},{"floor":29,"key":"Red Mask"}],"event_choices":[{"cards_removed":["Strike_B"],"damage_healed":0.0,"max_hp_gain":0.0,"max_hp_loss":0.0,"gold_gain":0.0,"event_name":"Golden Wing","player_choice":"Card Removal","floor":6.0,"gold_loss":0.0,"damage_taken":7.0},{"damage_healed":0.0,"max_hp_gain":0.0,"max_hp_loss":0.0,"gold_gain":0.0,"event_name":"The Cleric","player_choice":"Leave","floor":11.0,"gold_loss":0.0,"damage_taken":0.0},{"damage_healed":0.0,"max_hp_gain":0.0,"max_hp_loss":0.0,"gold_gain":0.0,"event_name":"Living Wall","player_choice":"Grow","floor":12.0,"gold_loss":0.0,"damage_taken":0.0,"cards_upgraded":["Ball Lightning"]},{"damage_healed":0.0,"max_hp_gain":0.0,"max_hp_loss":0.0,"gold_gain":0.0,"event_name":"Dead Adventurer","player_choice":"Searched \u00270\u0027 times","floor":13.0,"gold_loss":0.0,"damage_taken":0.0},{"damage_healed":0.0,"max_hp_gain":5.0,"max_hp_loss":0.0,"gold_gain":0.0,"event_name":"Big Fish","player_choice":"Donut","floor":14.0,"gold_loss":0.0,"damage_taken":0.0},{"damage_healed":0,"gold_gain":0,"player_choice":"","damage_taken":8,"max_hp_gain":0,"max_hp_loss":0,"event_name":"Knowing Skull","floor":20,"potions_obtained":[],"gold_loss":0,"cards_obtained":[]},{"damage_healed":0,"gold_gain":0,"player_choice":"Fought Bandits","damage_taken":0,"max_hp_gain":0,"max_hp_loss":0,"event_name":"Masked Bandits","floor":29,"gold_loss":0}],"is_beta":false,"boss_relics":[{"not_picked":["Busted Crown","FrozenCore"],"picked":"Astrolabe"},{"not_picked":["Runic Pyramid","Calling Bell"],"picked":"Cursed Key"}],"items_purged_floors":[4,19,38],"is_endless":false,"potions_floor_spawned":[2,3,7,16,18,22,29,37],"killed_by":"Jaw Worm Horde","ascension_level":0}