{"gold_per_floor":[111,111,131,151,151,151,179,195,221,221,231,231,246,246,246,349,399,419,419,419,432,446,446],"floor_reached":23,"playtime":1435,"items_purged":[],"score":193,"play_id":"cab8c71f-e10d-4c06-a152-b4b4856be071","local_time":"20190519233245","is_ascension_mode":false,"campfire_choices":[{"data":"Dualcast","floor":6,"key":"SMITH"},{"data":"Doom and Gloom","floor":10,"key":"SMITH"},{"data":"Zap","floor":12,"key":"SMITH"},{"data":"Rebound","floor":15,"key":"SMITH"}],"neow_cost":"PERCENT_DAMAGE","seed_source_timestamp":2511216734333946,"circlet_count":0,"master_deck":["Defend_B","Defend_B","Zap+1","Dualcast+1","White Noise","Doom and Gloom+1","BootSequence","Ball Lightning","Conserve Battery","Rebound+1","Echo Form+1","Conserve Battery","Recycle","White Noise","Streamline+1"],"relics":["Cracked Core","Boot","Bag of Marbles","Tiny House"],"potions_floor_usage":[21],"damage_taken":[{"damage":1,"enemies":"Jaw Worm","floor":1,"turns":3},{"damage":0,"enemies":"Cultist","floor":3,"turns":3},{"damage":0,"enemies":"Small Slimes","floor":4,"turns":2},{"damage":7,"enemies":"3 Sentries","floor":7,"turns":4},{"damage":1,"enemies":"Exordium Thugs","floor":8,"turns":3},{"damage":0,"enemies":"Blue Slaver","floor":11,"turns":2},{"damage":0,"enemies":"Exordium Wildlife","floor":13,"turns":1},{"damage":12,"enemies":"The Guardian","floor":16,"turns":7},{"damage":10,"enemies":"2 Thieves","floor":18,"turns":3},{"damage":5,"enemies":"3 Byrds","floor":21,"turns":4},{"damage":19,"enemies":"Shelled Parasite and Fungi","floor":22,"turns":5},{"damage":30,"enemies":"Book of Stabbing","floor":23,"turns":5}],"seed_played":"-3984682821858169335","potions_obtained":[{"floor":1,"key":"Swift Potion"},{"floor":11,"key":"SpeedPotion"},{"floor":13,"key":"GamblersBrew"},{"floor":17,"key":"SkillPotion"},{"floor":21,"key":"SmokeBomb"}],"is_trial":false,"path_per_floor":["M","?","M","M","$","R","E","M","T","R","M","R","M","?","R","B",null,"M","?","?","M","M","E"],"character_chosen":"DEFECT","items_purchased":[],"campfire_rested":0,"item_purchase_floors":[],"current_hp_per_floor":[53,53,53,53,53,53,46,45,45,45,45,45,45,45,45,33,80,70,70,70,65,46,16],"gold":446,"neow_bonus":"TRANSFORM_TWO_CARDS","is_prod":false,"is_daily":false,"chose_seed":false,"campfire_upgraded":4,"win_rate":0,"timestamp":1558305165,"path_taken":["M","?","M","M","$","R","E","?","T","R","M","R","M","?","R","BOSS","M","?","?","M","M","E"],"build_version":"2019-01-23","purchased_purges":0,"victory":false,"max_hp_per_floor":[75,75,75,75,75,75,75,75,75,75,75,75,75,75,75,75,80,80,80,80,80,80,80],"card_choices":[{"not_picked":["FTL","Redo"],"picked":"BootSequence","floor":1},{"not_picked":["Cold Snap","Redo","Leap"],"picked":"SKIP","floor":3},{"not_picked":["Creative AI","Hologram"],"picked":"Ball Lightning","floor":4},{"not_picked":["Beam Cell","Barrage","Rip and Tear"],"picked":"SKIP","floor":7},{"not_picked":["Skim","Blizzard","Turbo"],"picked":"SKIP","floor":8},{"not_picked":["Compile Driver","Barrage"],"picked":"Conserve Battery","floor":11},{"not_picked":["Coolheaded","Scrape","Doom and Gloom"],"picked":"SKIP","floor":13},{"not_picked":["Hyperbeam","Reboot"],"picked":"Echo Form","floor":16},{"not_picked":["Compile Driver","White Noise"],"picked":"Conserve Battery","floor":18},{"not_picked":["Barrage","Capacitor"],"picked":"Streamline+1","floor":21},{"not_picked":["Leap","Streamline+1","Consume"],"picked":"SKIP","floor":22}],"player_experience":1245050,"relics_obtained":[{"floor":7,"key":"Boot"},{"floor":9,"key":"Bag of Marbles"}],"event_choices":[{"cards_removed":["Strike_B"],"damage_healed":0,"gold_gain":0,"player_choice":"Offered Basic","damage_taken":0,"max_hp_gain":0,"max_hp_loss":0,"event_name":"Bonfire Elementals","floor":2,"gold_loss":0},{"damage_healed":0,"gold_gain":0,"cards_transformed":["Strike_B"],"player_choice":"Transformed","damage_taken":0,"max_hp_gain":0,"max_hp_loss":0,"event_name":"Transmorgrifier","floor":14,"gold_loss":0,"cards_obtained":["Rebound"]},{"damage_healed":0,"gold_gain":0,"cards_transformed":["Defend_B","Strike_B"],"player_choice":"Became Test Subject","damage_taken":0,"max_hp_gain":0,"max_hp_loss":0,"event_name":"Drug Dealer","floor":19,"gold_loss":0,"cards_obtained":["Recycle","White Noise"]},{"damage_healed":0,"gold_gain":0,"player_choice":"Ignored","damage_taken":0,"max_hp_gain":0,"max_hp_loss":0,"event_name":"Vampires","floor":20,"gold_loss":0}],"is_beta":false,"boss_relics":[{"not_picked":["Eternal Feather","Busted Crown"],"picked":"Tiny House"}],"items_purged_floors":[],"is_endless":false,"potions_floor_spawned":[1,11,13,16,21],"killed_by":"Book of Stabbing","ascension_level":0}