{"gold_per_floor":[109,124,135,60,5,35,35,61,86,86,105,129,129,145,145,239,239,262,285,285,285,285],"floor_reached":22,"playtime":863,"items_purged":[],"score":542,"play_id":"9c1c5e43-5603-45eb-a851-0ec921a50788","local_time":"20190621100241","is_ascension_mode":true,"campfire_choices":[{"floor":7.0,"key":"REST"},{"floor":13.0,"key":"REST"},{"data":"Bludgeon","floor":15.0,"key":"SMITH"}],"neow_cost":"PERCENT_DAMAGE","seed_source_timestamp":163437107197369,"circlet_count":0,"master_deck":["AscendersBane","Strike_R","Strike_R","Defend_R","Defend_R","Defend_R","Defend_R","Bash","Uppercut","Spot Weakness","Flame Barrier","Headbutt","Bludgeon+1","Heavy Blade","Evolve","Burning Pact","Double Tap","Parasite","Decay","Heavy Blade","Blood for Blood","Power Through"],"special_seed":0,"relics":["Burning Blood","Pen Nib","Ancient Tea Set","Omamori","Golden Idol","Calling Bell","Regal Pillow","Shuriken","Thread and Needle","Nilry\u0027s Codex"],"potions_floor_usage":[],"damage_taken":[{"damage":4.0,"enemies":"2 Louse","floor":1.0,"turns":4.0},{"damage":4.0,"enemies":"Jaw Worm","floor":2.0,"turns":4.0},{"damage":4.0,"enemies":"Small Slimes","floor":3.0,"turns":4.0},{"damage":38.0,"enemies":"Lagavulin","floor":6.0,"turns":9.0},{"damage":38.0,"enemies":"3 Sentries","floor":8.0,"turns":7.0},{"damage":0.0,"enemies":"2 Fungi Beasts","floor":11.0,"turns":3.0},{"damage":16.0,"enemies":"3 Louse","floor":12.0,"turns":4.0},{"damage":0.0,"enemies":"Looter","floor":14.0,"turns":1.0},{"damage":0.0,"enemies":"Slime Boss","floor":16.0,"turns":3.0},{"damage":56.0,"enemies":"3 Byrds","floor":18.0,"turns":7.0},{"damage":7.0,"enemies":"Shell Parasite","floor":19.0,"turns":2.0},{"damage":11,"enemies":"Snake Plant","floor":22,"turns":2}],"seed_played":"-7379976257880498132","potions_obtained":[{"floor":1.0,"key":"Fire Potion"},{"floor":2.0,"key":"EssenceOfSteel"},{"floor":12.0,"key":"SpeedPotion"},{"floor":14.0,"key":"EssenceOfSteel"},{"floor":16.0,"key":"EntropicBrew"}],"is_trial":false,"path_per_floor":["M","M","M","?","$","E","R","E","T","?","M","M","R","M","R","B",null,"M","M","?","?","M"],"character_chosen":"IRONCLAD","items_purchased":["Headbutt"],"campfire_rested":2,"item_purchase_floors":[5],"current_hp_per_floor":[66,68,70,70,70,38,64,32,32,32,38,28,54,60,60,66,83,33,32,32,11,0],"gold":285,"neow_bonus":"TWENTY_PERCENT_HP_BONUS","is_prod":false,"is_daily":false,"chose_seed":false,"campfire_upgraded":1,"win_rate":0,"timestamp":1561136561,"path_taken":["M","M","M","?","$","E","R","E","T","?","M","M","R","M","R","BOSS","M","M","?","?","M"],"build_version":"2019-01-23","purchased_purges":0,"victory":false,"max_hp_per_floor":[89,89,89,89,89,89,89,89,89,89,89,89,89,89,89,89,89,89,89,89,89,89],"card_choices":[{"not_picked":["Warcry","Clothesline"],"picked":"Uppercut","floor":1.0},{"not_picked":["Burning Pact","Thunderclap"],"picked":"Spot Weakness","floor":2.0},{"not_picked":["Warcry","Pommel Strike"],"picked":"Flame Barrier","floor":3.0},{"not_picked":["Dual Wield","Thunderclap"],"picked":"Bludgeon","floor":6.0},{"not_picked":["Inflame","Cleave"],"picked":"Heavy Blade","floor":8.0},{"not_picked":["Flex","Wild Strike","Rupture"],"picked":"SKIP","floor":11.0},{"not_picked":["Perfected Strike","Twin Strike"],"picked":"Evolve","floor":12.0},{"not_picked":["Cleave","Wild Strike"],"picked":"Burning Pact","floor":14.0},{"not_picked":["Barricade","Berserk"],"picked":"Double Tap","floor":16.0},{"not_picked":["Havoc","Combust+1","Flex"],"picked":"SKIP","floor":18.0},{"not_picked":["Thunderclap+1","Perfected Strike"],"picked":"Heavy Blade","floor":19.0}],"player_experience":935202,"relics_obtained":[{"floor":6.0,"key":"Pen Nib"},{"floor":8.0,"key":"Ancient Tea Set"},{"floor":9.0,"key":"Omamori"},{"floor":17.0,"key":"Regal Pillow"},{"floor":17.0,"key":"Shuriken"},{"floor":17.0,"key":"Thread and Needle"},{"floor":21,"key":"Nilry\u0027s Codex"}],"event_choices":[{"cards_removed":["Strike_R"],"damage_healed":0.0,"max_hp_gain":0.0,"max_hp_loss":0.0,"gold_gain":0.0,"event_name":"The Cleric","player_choice":"Card Removal","floor":4.0,"gold_loss":75.0,"damage_taken":0.0},{"damage_healed":0.0,"max_hp_gain":0.0,"max_hp_loss":0.0,"gold_gain":0.0,"event_name":"Golden Idol","player_choice":"Take Wound","floor":10.0,"gold_loss":0.0,"damage_taken":0.0,"relics_obtained":["Golden Idol"],"cards_obtained":["Injury"]},{"damage_healed":0,"gold_gain":0,"cards_transformed":["Strike_R","Strike_R"],"player_choice":"Became Test Subject","damage_taken":0,"max_hp_gain":0,"max_hp_loss":0,"event_name":"Drug Dealer","floor":20,"gold_loss":0,"cards_obtained":["Blood for Blood","Power Through"]},{"damage_healed":0,"gold_gain":0,"player_choice":"Obtained Book","damage_taken":21,"max_hp_gain":0,"max_hp_loss":0,"event_name":"Cursed Tome","floor":21,"gold_loss":0}],"is_beta":false,"boss_relics":[{"not_picked":["Philosopher\u0027s Stone","Runic Dome"],"picked":"Calling Bell"}],"items_purged_floors":[],"is_endless":false,"potions_floor_spawned":[1,2,12,14,16],"killed_by":"Snake Plant","ascension_level":20}