{"gold_per_floor":[119,119,294,313,328,356,356,245,245,18,37,37,37,37,37,135,135,147,147,161,174,224,258,258,288,315,315,326,326,339,214,214,312,312,323,333,333,333,344,344,194,194,194,208,208,224,242,253,253,253],"floor_reached":51,"playtime":1282,"items_purged":["Doubt","Defend_B","Strike_B","Beam Cell+1"],"score":687,"play_id":"7c3725fd-6bce-4b16-92db-7018a2baba88","local_time":"20190601205507","is_ascension_mode":false,"campfire_choices":[{"data":"Dualcast","floor":7.0,"key":"SMITH"},{"data":"Defragment","floor":12.0,"key":"SMITH"},{"data":"Capacitor","floor":15.0,"key":"SMITH"},{"floor":24.0,"key":"REST"},{"floor":27.0,"key":"REST"},{"floor":29.0,"key":"REST"},{"data":"Zap","floor":32.0,"key":"SMITH"},{"floor":40.0,"key":"REST"},{"data":"Rainbow","floor":42.0,"key":"SMITH"},{"data":"Machine Learning","floor":45.0,"key":"SMITH"},{"floor":49,"key":"REST"}],"neow_cost":"NONE","seed_source_timestamp":258173394218186,"circlet_count":0,"master_deck":["Defend_B+1","Defend_B+1","Defend_B","Zap+1","Dualcast+1","Machine Learning+1","Cold Snap","Conserve Battery","Auto Shields","Defragment+1","Capacitor+1","Ball Lightning","Electrodynamics","Sunder+1","Electrodynamics","Go for the Eyes+1","Force Field+1","Rainbow+1","Reprogram+1","Storm+1","BootSequence+1","Defragment+1"],"special_seed":0,"relics":["Cracked Core","Question Card","Mummified Hand","Sozu","Mercury Hourglass","Strawberry","Orichalcum","Astrolabe","War Paint"],"potions_floor_usage":[],"damage_taken":[{"damage":0.0,"enemies":"Cultist","floor":1.0,"turns":3.0},{"damage":0.0,"enemies":"Small Slimes","floor":4.0,"turns":2.0},{"damage":0.0,"enemies":"2 Louse","floor":5.0,"turns":2.0},{"damage":10.0,"enemies":"Lagavulin","floor":6.0,"turns":9.0},{"damage":7.0,"enemies":"Large Slime","floor":11.0,"turns":5.0},{"damage":1.0,"enemies":"The Guardian","floor":16.0,"turns":10.0},{"damage":11.0,"enemies":"2 Thieves","floor":18.0,"turns":3.0},{"damage":17.0,"enemies":"3 Byrds","floor":20.0,"turns":3.0},{"damage":19.0,"enemies":"Snake Plant","floor":21.0,"turns":3.0},{"damage":15.0,"enemies":"Gremlin Leader","floor":23.0,"turns":4.0},{"damage":16.0,"enemies":"Book of Stabbing","floor":25.0,"turns":5.0},{"damage":18.0,"enemies":"Centurion and Healer","floor":28.0,"turns":3.0},{"damage":0.0,"enemies":"Snecko","floor":30.0,"turns":3.0},{"damage":44.0,"enemies":"Automaton","floor":33.0,"turns":7.0},{"damage":13.0,"enemies":"3 Shapes","floor":35.0,"turns":4.0},{"damage":24.0,"enemies":"3 Darklings","floor":36.0,"turns":3.0},{"damage":15.0,"enemies":"4 Shapes","floor":39.0,"turns":4.0},{"damage":0.0,"enemies":"Transient","floor":44.0,"turns":5.0},{"damage":6.0,"enemies":"Spire Growth","floor":46.0,"turns":3.0},{"damage":7,"enemies":"4 Shapes","floor":47,"turns":4},{"damage":8,"enemies":"Maw","floor":48,"turns":6},{"damage":27,"enemies":"Donu and Deca","floor":50,"turns":5}],"seed_played":"2474999220035795967","potions_obtained":[{"floor":4.0,"key":"Swift Potion"}],"is_trial":false,"path_per_floor":["M","$","?","M","M","E","R","$","T","$","M","R","?","?","R","B",null,"M","?","M","M","?","E","R","E","T","R","M","R","M","$","R","B",null,"M","M","$","?","M","R","$","R","T","M","R","M","M","M","R","B",null],"character_chosen":"DEFECT","items_purchased":["Defragment","Capacitor","Ball Lightning"],"campfire_rested":5,"item_purchase_floors":[8,10,10],"current_hp_per_floor":[75,75,75,75,75,65,65,65,65,65,58,58,58,63,63,62,80,69,69,52,33,33,18,42,33,33,59,41,67,67,67,67,23,87,74,50,50,50,35,61,61,61,61,61,61,55,48,40,66,39],"gold":253,"neow_bonus":"ONE_RANDOM_RARE_CARD","is_prod":false,"is_daily":false,"chose_seed":false,"campfire_upgraded":6,"win_rate":0,"timestamp":1559418907,"path_taken":["M","$","?","M","M","E","R","$","T","$","M","R","?","?","R","BOSS","M","?","?","M","?","E","R","E","T","R","?","R","M","$","R","BOSS","M","M","$","?","M","R","$","R","T","M","R","M","?","M","R","BOSS"],"build_version":"2019-01-23","purchased_purges":4,"victory":true,"max_hp_per_floor":[75,75,75,75,75,75,75,75,75,75,75,75,75,80,80,80,80,80,80,80,80,80,80,80,87,87,87,87,87,87,87,87,87,87,87,87,87,87,87,87,87,87,87,87,87,87,87,87,87,87],"card_choices":[{"not_picked":["Go for the Eyes","Hologram"],"picked":"Cold Snap","floor":1.0},{"not_picked":["Scrape","Leap"],"picked":"Conserve Battery","floor":4.0},{"not_picked":["Rip and Tear","Stack"],"picked":"Auto Shields","floor":5.0},{"not_picked":["Hello World","Amplify","Gash"],"picked":"SKIP","floor":6.0},{"not_picked":["Melter","Beam Cell","Force Field","Barrage"],"picked":"SKIP","floor":11.0},{"not_picked":["Seek","Biased Cognition","Machine Learning"],"picked":"Electrodynamics","floor":16.0},{"not_picked":["Streamline","Turbo","Chaos"],"picked":"Sunder+1","floor":18.0},{"not_picked":["Conserve Battery","Ball Lightning","Redo","Steam"],"picked":"SKIP","floor":20.0},{"not_picked":["Cold Snap+1","Rebound","Hologram"],"picked":"Electrodynamics","floor":21.0},{"not_picked":["Gash","Rebound+1","Cold Snap"],"picked":"Go for the Eyes+1","floor":23.0},{"not_picked":["Self Repair","Doom and Gloom","Genetic Algorithm","Redo"],"picked":"SKIP","floor":25.0},{"not_picked":["Turbo","Reinforced Body","Self Repair"],"picked":"Force Field+1","floor":28.0},{"not_picked":["Streamline","Gash","Self Repair","Leap"],"picked":"SKIP","floor":30.0},{"not_picked":["Electrodynamics","All For One","Creative AI"],"picked":"Rainbow","floor":33.0},{"not_picked":["Ball Lightning+1","Gash+1","Cold Snap+1","Beam Cell"],"picked":"SKIP","floor":35.0},{"not_picked":["Cold Snap+1","Leap","White Noise","Rebound+1"],"picked":"SKIP","floor":36.0},{"not_picked":["Compile Driver+1","Go for the Eyes","Turbo+1","Chaos"],"picked":"SKIP","floor":39.0},{"not_picked":["Fusion","Undo","Aggregate","Doom and Gloom+1"],"picked":"SKIP","floor":44.0},{"not_picked":["Turbo+1","Stack","Go for the Eyes+1"],"picked":"BootSequence+1","floor":46.0},{"not_picked":["Static Discharge","Barrage","Redo+1","Stack+1"],"picked":"SKIP","floor":47},{"not_picked":["Self Repair+1","Double Energy+1","Amplify"],"picked":"Defragment+1","floor":48}],"player_experience":1272608,"relics_obtained":[{"floor":6.0,"key":"Question Card"},{"floor":9.0,"key":"Mummified Hand"},{"floor":23.0,"key":"Mercury Hourglass"},{"floor":25.0,"key":"Strawberry"},{"floor":26.0,"key":"Orichalcum"},{"floor":43.0,"key":"War Paint"}],"event_choices":[{"damage_healed":0.0,"max_hp_gain":0.0,"max_hp_loss":0.0,"gold_gain":175.0,"event_name":"Liars Game","player_choice":"AGREE","floor":3.0,"gold_loss":0.0,"damage_taken":0.0,"cards_obtained":["Doubt"]},{"damage_healed":0.0,"max_hp_gain":0.0,"max_hp_loss":0.0,"gold_gain":0.0,"event_name":"Dead Adventurer","player_choice":"Searched \u00270\u0027 times","floor":13.0,"gold_loss":0.0,"damage_taken":0.0},{"damage_healed":0.0,"max_hp_gain":5.0,"max_hp_loss":0.0,"gold_gain":0.0,"event_name":"Big Fish","player_choice":"Donut","floor":14.0,"gold_loss":0.0,"damage_taken":0.0},{"damage_healed":0.0,"max_hp_gain":0.0,"max_hp_loss":0.0,"gold_gain":0.0,"event_name":"N\u0027loth","player_choice":"Ignored","floor":19.0,"gold_loss":0.0,"damage_taken":0.0},{"damage_healed":0.0,"max_hp_gain":0.0,"max_hp_loss":0.0,"gold_gain":100.0,"event_name":"The Joust","player_choice":"Bet on Murderer","floor":22.0,"gold_loss":50.0,"damage_taken":0.0},{"damage_healed":0.0,"max_hp_gain":0.0,"max_hp_loss":0.0,"gold_gain":0.0,"event_name":"Match and Keep!","player_choice":"0 cards matched","floor":38.0,"gold_loss":0.0,"damage_taken":0.0,"cards_obtained":[]}],"is_beta":false,"boss_relics":[{"not_picked":["Snecko Eye","Empty Cage"],"picked":"Sozu"},{"not_picked":["Nuclear Battery","Pandora\u0027s Box"],"picked":"Astrolabe"}],"items_purged_floors":[8,10,31,41],"is_endless":false,"potions_floor_spawned":[4,20,23,28,30,33,35,36,46,48],"ascension_level":0}