{"gold_per_floor":[116,136,154,154,173,173,98,98,98,98,111,140,150,174,174,271,271,286,303,320,330,254,283,283,283,329,349,349,349,375,375,375,478,478,492,510,381,397,156,171,171,171,171,46,46,60,60,70,70,70],"floor_reached":51,"playtime":1742,"items_purged":["Strike_B","Strike_B","Defend_B"],"score":739,"play_id":"d0e4bbc2-ea2a-4ba6-98a8-52cbaaa2e359","local_time":"20190228004932","is_ascension_mode":false,"campfire_choices":[{"data":"Dualcast","floor":6.0,"key":"SMITH"},{"data":"Defragment","floor":8.0,"key":"SMITH"},{"data":"Zap","floor":10.0,"key":"SMITH"},{"data":"FTL","floor":15.0,"key":"SMITH"},{"floor":24.0,"key":"REST"},{"data":"Capacitor","floor":29.0,"key":"SMITH"},{"data":"Buffer","floor":32.0,"key":"SMITH"},{"data":"Coolheaded","floor":42.0,"key":"SMITH"},{"data":"Ball Lightning","floor":45,"key":"SMITH"},{"data":"Strike_B","floor":49,"key":"PURGE"}],"neow_cost":"NONE","seed_source_timestamp":1341356027121937,"circlet_count":0,"master_deck":["Strike_B","Defend_B","Defend_B","Defend_B","Zap+1","Dualcast+1","Coolheaded+1","FTL+1","Seek","Defragment+1","Ball Lightning+1","Buffer+1","Defragment+1","Undo","Capacitor+1","Leap+1","Electrodynamics","Ball Lightning","Capacitor+1","Seek","White Noise+1"],"special_seed":0,"relics":["FrozenCore","Regal Pillow","Kunai","Odd Mushroom","Orichalcum","Art of War","Peace Pipe","Cursed Key"],"potions_floor_usage":[50,50,50],"damage_taken":[{"damage":0.0,"enemies":"2 Louse","floor":1.0,"turns":1.0},{"damage":0.0,"enemies":"Small Slimes","floor":2.0,"turns":2.0},{"damage":0.0,"enemies":"Cultist","floor":3.0,"turns":3.0},{"damage":2.0,"enemies":"3 Louse","floor":5.0,"turns":5.0},{"damage":2.0,"enemies":"Blue Slaver","floor":11.0,"turns":3.0},{"damage":9.0,"enemies":"Lagavulin","floor":12.0,"turns":5.0},{"damage":1.0,"enemies":"Looter","floor":13.0,"turns":3.0},{"damage":9.0,"enemies":"The Mushroom Lair","floor":14.0,"turns":4.0},{"damage":20.0,"enemies":"Hexaghost","floor":16.0,"turns":8.0},{"damage":0.0,"enemies":"3 Byrds","floor":18.0,"turns":6.0},{"damage":5.0,"enemies":"Chosen","floor":19.0,"turns":6.0},{"damage":10.0,"enemies":"Snake Plant","floor":20.0,"turns":5.0},{"damage":5.0,"enemies":"Cultist and Chosen","floor":21.0,"turns":7.0},{"damage":28.0,"enemies":"Book of Stabbing","floor":23.0,"turns":7.0},{"damage":0.0,"enemies":"Sentry and Sphere","floor":27.0,"turns":6.0},{"damage":10.0,"enemies":"Slavers","floor":30.0,"turns":12.0},{"damage":0.0,"enemies":"Champ","floor":33.0,"turns":14.0},{"damage":2.0,"enemies":"3 Darklings","floor":35.0,"turns":5.0},{"damage":0.0,"enemies":"Orb Walker","floor":36.0,"turns":5.0},{"damage":0.0,"enemies":"Transient","floor":38.0,"turns":5.0},{"damage":6.0,"enemies":"4 Shapes","floor":40.0,"turns":7.0},{"damage":0,"enemies":"3 Darklings","floor":46,"turns":5},{"damage":0,"enemies":"Sphere and 2 Shapes","floor":48,"turns":4},{"damage":13,"enemies":"Awakened One","floor":50,"turns":11}],"seed_played":"8870326127197553536","potions_obtained":[{"floor":1.0,"key":"GamblersBrew"},{"floor":2.0,"key":"Energy Potion"},{"floor":5.0,"key":"Weak Potion"},{"floor":20.0,"key":"Block Potion"},{"floor":30.0,"key":"Energy Potion"},{"floor":33.0,"key":"EssenceOfSteel"},{"floor":35.0,"key":"PowerPotion"},{"floor":38.0,"key":"FocusPotion"},{"floor":46,"key":"PowerPotion"}],"is_trial":false,"path_per_floor":["M","M","M","$","M","R","$","R","T","R","M","E","M","?","R","B",null,"M","M","M","M","$","E","R","?","T","M","?","R","E","?","R","B",null,"M","M","$","M","$","M","?","R","T","$","R","M","?","M","R","B",null],"character_chosen":"DEFECT","items_purchased":["Defragment","Undo","Ball Lightning","Seek"],"campfire_rested":1,"item_purchase_floors":[7,22,37,39],"current_hp_per_floor":[75,75,75,75,73,73,73,73,73,73,71,62,61,52,52,32,75,75,70,60,55,55,27,64,64,64,64,64,64,54,54,54,54,75,73,73,73,73,73,67,67,67,67,67,67,67,67,67,67,54],"gold":70,"neow_bonus":"THREE_CARDS","is_prod":false,"is_daily":false,"chose_seed":false,"campfire_upgraded":8,"win_rate":0,"timestamp":1551314972,"path_taken":["M","M","M","$","M","R","$","R","T","R","M","E","M","?","R","BOSS","M","M","M","M","$","E","R","?","T","M","?","R","E","?","R","BOSS","M","M","$","M","?","M","?","R","T","$","R","M","?","M","R","BOSS"],"build_version":"2019-01-23","purchased_purges":3,"victory":true,"max_hp_per_floor":[75,75,75,75,75,75,75,75,75,75,75,75,75,75,75,75,75,75,75,75,75,75,75,75,75,75,75,75,75,75,75,75,75,75,75,75,75,75,75,75,75,75,75,75,75,75,75,75,75,75],"card_choices":[{"not_picked":["Hologram","Redo"],"picked":"Coolheaded","floor":0.0},{"not_picked":["Blizzard","Gash","Heatsinks"],"picked":"SKIP","floor":1.0},{"not_picked":["Coolheaded","Sweeping Beam"],"picked":"FTL","floor":2.0},{"not_picked":["Stack","Hologram"],"picked":"Seek","floor":3.0},{"not_picked":["Go for the Eyes","Consume","Turbo"],"picked":"SKIP","floor":5.0},{"not_picked":["Turbo","Coolheaded"],"picked":"Ball Lightning","floor":11.0},{"not_picked":["Loop","Machine Learning","Gash"],"picked":"SKIP","floor":12.0},{"not_picked":["Lockon","Hello World","Compile Driver"],"picked":"SKIP","floor":13.0},{"not_picked":["Machine Learning","Reboot"],"picked":"Buffer","floor":16.0},{"not_picked":["Barrage","Turbo"],"picked":"Defragment+1","floor":18.0},{"not_picked":["Rebound","Hologram","Compile Driver"],"picked":"SKIP","floor":19.0},{"not_picked":["Fusion","Streamline+1","Barrage"],"picked":"SKIP","floor":20.0},{"not_picked":["Aggregate","Rebound","Go for the Eyes"],"picked":"SKIP","floor":21.0},{"not_picked":["Cold Snap","Skim+1","Hello World+1"],"picked":"SKIP","floor":23.0},{"not_picked":["Rip and Tear","Sunder"],"picked":"Leap+1","floor":27.0},{"not_picked":["Conserve Battery","Rebound"],"picked":"Glacier","floor":30.0},{"not_picked":["Hyperbeam","Multi-Cast"],"picked":"Electrodynamics","floor":33.0},{"not_picked":["Conserve Battery","Stack+1","Aggregate+1"],"picked":"SKIP","floor":35.0},{"not_picked":["Skim","Hologram+1","Rebound+1"],"picked":"SKIP","floor":36.0},{"not_picked":["Steam+1","Stack"],"picked":"Capacitor+1","floor":38.0},{"not_picked":["Steam+1","Compile Driver","Turbo+1"],"picked":"SKIP","floor":40.0},{"not_picked":["Compile Driver+1","Force Field"],"picked":"White Noise+1","floor":46},{"not_picked":["Leap","Go for the Eyes","Lockon"],"picked":"SKIP","floor":48}],"player_experience":1072294,"relics_obtained":[{"floor":9.0,"key":"Regal Pillow"},{"floor":12.0,"key":"Kunai"},{"floor":14.0,"key":"Odd Mushroom"},{"floor":23.0,"key":"Orichalcum"},{"floor":26.0,"key":"Art of War"},{"floor":30.0,"key":"Peace Pipe"}],"event_choices":[{"damage_healed":0.0,"max_hp_gain":0.0,"max_hp_loss":0.0,"gold_gain":0.0,"event_name":"Mushrooms","player_choice":"Fought Mushrooms","floor":14.0,"gold_loss":0.0,"damage_taken":0.0},{"damage_healed":0.0,"max_hp_gain":0.0,"max_hp_loss":0.0,"gold_gain":0.0,"event_name":"The Library","player_choice":"Read","floor":25.0,"gold_loss":0.0,"damage_taken":0.0,"cards_obtained":["Capacitor"]},{"damage_healed":0.0,"max_hp_gain":0.0,"max_hp_loss":0.0,"gold_gain":0.0,"event_name":"Ghosts","player_choice":"Ignored","floor":28.0,"gold_loss":0.0,"damage_taken":0.0},{"damage_healed":0.0,"max_hp_gain":0.0,"max_hp_loss":0.0,"gold_gain":0.0,"event_name":"The Woman in Blue","player_choice":"Bought 0 Potions","floor":31.0,"gold_loss":0.0,"damage_taken":0.0},{"damage_healed":0.0,"max_hp_gain":0.0,"max_hp_loss":0.0,"gold_gain":0.0,"event_name":"Tomb of Lord Red Mask","player_choice":"Ignored","floor":41.0,"gold_loss":0.0,"damage_taken":0.0},{"cards_removed":["Glacier"],"damage_healed":0,"gold_gain":0,"player_choice":"Removed Skill","damage_taken":0,"max_hp_gain":0,"max_hp_loss":0,"event_name":"Falling","floor":47,"gold_loss":0}],"is_beta":false,"boss_relics":[{"not_picked":["Velvet Choker","Coffee Dripper"],"picked":"FrozenCore"},{"not_picked":["Tiny House","Black Star"],"picked":"Cursed Key"}],"items_purged_floors":[37,39,44],"is_endless":false,"potions_floor_spawned":[1,2,5,16,20,21,30,33,35,36,38,46],"ascension_level":0}