{"gold_per_floor":[113,113,113,131,143,143,143,161,161,178,212,186,206,240,240,343,343,343,343,102,102,102,102,102,102,102,102,102,102,102,102,102,102,102,102,30,30,30,30,30,30,30,30,30,30,30,30,30,30,30],"floor_reached":51,"playtime":1629,"items_purged":[],"score":753,"play_id":"77dd27f3-dc6a-4a11-afa3-107903fd0f9f","local_time":"20190216185303","is_ascension_mode":false,"campfire_choices":[{"data":"Dualcast","floor":6.0,"key":"SMITH"},{"data":"Ball Lightning","floor":15.0,"key":"SMITH"},{"data":"Echo Form","floor":28.0,"key":"SMITH"},{"data":"Electrodynamics","floor":30.0,"key":"SMITH"},{"floor":32.0,"key":"REST"},{"data":"Rainbow","floor":40,"key":"SMITH"},{"floor":42,"key":"REST"},{"data":"Barrage","floor":44,"key":"SMITH"},{"floor":49,"key":"RECALL"}],"neow_cost":"NONE","seed_source_timestamp":369713050529321,"circlet_count":0,"master_deck":["Strike_B+1","Strike_B+1","Strike_B+1","Defend_B+1","Defend_B+1","Defend_B+1","Defend_B+1","Zap+1","Dualcast+1","Cold Snap+1","Go for the Eyes+1","Ball Lightning+1","Conserve Battery+1","Electrodynamics+1","Go for the Eyes+1","Seek+1","Chill+1","Echo Form+1","Barrage+1","Rainbow+1","Coolheaded+1","Undo+1","Barrage+1"],"special_seed":0,"relics":["Cracked Core","Bronze Scales","Letter Opener","Pen Nib","Ectoplasm","Runic Capacitor","MawBank","Dodecahedron","Ancient Tea Set","Nuclear Battery","Potion Belt","Mark of the Bloom"],"potions_floor_usage":[50,50,50],"damage_taken":[{"damage":0.0,"enemies":"Small Slimes","floor":1.0,"turns":2.0},{"damage":0.0,"enemies":"Cultist","floor":4.0,"turns":3.0},{"damage":0.0,"enemies":"2 Louse","floor":5.0,"turns":3.0},{"damage":0.0,"enemies":"Looter","floor":8.0,"turns":3.0},{"damage":0.0,"enemies":"Large Slime","floor":10.0,"turns":5.0},{"damage":14.0,"enemies":"Gremlin Nob","floor":11.0,"turns":4.0},{"damage":0.0,"enemies":"Exordium Thugs","floor":13.0,"turns":3.0},{"damage":8.0,"enemies":"3 Sentries","floor":14.0,"turns":5.0},{"damage":33.0,"enemies":"Hexaghost","floor":16.0,"turns":9.0},{"damage":3.0,"enemies":"Chosen","floor":18.0,"turns":4.0},{"damage":13.0,"enemies":"Spheric Guardian","floor":19.0,"turns":4.0},{"damage":4.0,"enemies":"Chosen and Byrds","floor":21.0,"turns":4.0},{"damage":7.0,"enemies":"Sentry and Sphere","floor":22.0,"turns":3.0},{"damage":11.0,"enemies":"Slavers","floor":23.0,"turns":3.0},{"damage":11.0,"enemies":"Shelled Parasite and Fungi","floor":25.0,"turns":5.0},{"damage":8.0,"enemies":"Book of Stabbing","floor":27.0,"turns":5.0},{"damage":7.0,"enemies":"Centurion and Healer","floor":31.0,"turns":5.0},{"damage":34.0,"enemies":"Automaton","floor":33.0,"turns":8.0},{"damage":10.0,"enemies":"3 Darklings","floor":35.0,"turns":3.0},{"damage":14.0,"enemies":"Orb Walker","floor":37.0,"turns":3.0},{"damage":11,"enemies":"3 Darklings","floor":38,"turns":3},{"damage":11,"enemies":"Jaw Worm Horde","floor":41,"turns":4},{"damage":4,"enemies":"Writhing Mass","floor":45,"turns":5},{"damage":10,"enemies":"Spire Growth","floor":47,"turns":4},{"damage":6,"enemies":"Transient","floor":48,"turns":5},{"damage":0,"enemies":"Donu and Deca","floor":50,"turns":5}],"seed_played":"-2112730108985373600","potions_obtained":[{"floor":3.0,"key":"Fruit Juice"},{"floor":3.0,"key":"Poison Potion"},{"floor":3.0,"key":"Weak Potion"},{"floor":8.0,"key":"FairyPotion"},{"floor":10.0,"key":"SkillPotion"},{"floor":13.0,"key":"Block Potion"},{"floor":14.0,"key":"Fire Potion"},{"floor":19.0,"key":"PowerPotion"},{"floor":21.0,"key":"PowerPotion"},{"floor":23.0,"key":"Fire Potion"},{"floor":31.0,"key":"Fruit Juice"},{"floor":33.0,"key":"Explosive Potion"},{"floor":47,"key":"Block Potion"}],"is_trial":false,"path_per_floor":["M","?","?","M","M","R","$","M","T","M","E","$","M","E","R","B",null,"M","M","$","M","M","E","$","M","T","E","R","?","R","M","R","B",null,"M","$","M","M","$","R","M","R","T","R","M","?","M","M","R","B",null],"character_chosen":"DEFECT","items_purchased":["Ball Lightning","Runic Capacitor","Chill","FocusPotion"],"campfire_rested":2,"item_purchase_floors":[12,20,20,36],"current_hp_per_floor":[75,68,73,73,73,73,73,73,73,73,59,59,59,51,51,18,80,77,64,64,60,53,42,42,31,31,23,23,23,23,21,46,12,85,75,75,61,50,50,50,39,64,64,64,60,60,50,44,44,44],"gold":30,"neow_bonus":"RANDOM_COMMON_RELIC","is_prod":false,"is_daily":false,"chose_seed":false,"campfire_upgraded":6,"win_rate":0,"timestamp":1550343183,"path_taken":["M","?","?","M","M","R","$","M","T","M","E","$","M","E","R","BOSS","M","?","$","M","M","E","$","M","T","E","R","?","R","M","R","BOSS","M","$","M","M","$","R","M","R","T","R","M","?","M","M","R","BOSS"],"build_version":"2019-01-23","purchased_purges":0,"victory":true,"max_hp_per_floor":[75,75,80,80,80,80,80,80,80,80,80,80,80,80,80,80,80,80,80,80,80,80,80,80,80,80,80,80,80,80,85,85,85,85,85,85,85,85,85,85,85,85,85,85,85,85,85,85,85,85],"card_choices":[{"not_picked":["Leap","Blizzard","Hologram"],"picked":"SKIP","floor":1.0},{"not_picked":["Stack","Gash","Blizzard"],"picked":"SKIP","floor":4.0},{"not_picked":["Gash","Steam"],"picked":"Cold Snap","floor":5.0},{"not_picked":["Sweeping Beam","Cold Snap","Blizzard"],"picked":"SKIP","floor":8.0},{"not_picked":["Hologram","Chaos","Steam Power"],"picked":"SKIP","floor":10.0},{"not_picked":["Coolheaded","Meteor Strike"],"picked":"Go for the Eyes","floor":11.0},{"not_picked":["Force Field","Steam"],"picked":"Conserve Battery","floor":13.0},{"not_picked":["Static Discharge","Hologram","Rip and Tear"],"picked":"SKIP","floor":14.0},{"not_picked":["Echo Form","Reboot"],"picked":"Electrodynamics","floor":16.0},{"not_picked":["Rebound","Redo"],"picked":"Go for the Eyes+1","floor":18.0},{"not_picked":["Redo","Undo"],"picked":"Seek","floor":19.0},{"not_picked":["Turbo","Static Discharge","Gash"],"picked":"SKIP","floor":21.0},{"not_picked":["Rebound+1","Chaos","Go for the Eyes"],"picked":"SKIP","floor":22.0},{"not_picked":["Storm","Compile Driver"],"picked":"Echo Form","floor":23.0},{"not_picked":["Redo+1","Recycle","Hologram"],"picked":"SKIP","floor":25.0},{"not_picked":["Steam Power","Stack","Compile Driver"],"picked":"SKIP","floor":27.0},{"not_picked":["Scrape","Go for the Eyes+1"],"picked":"Barrage","floor":31.0},{"not_picked":["Reboot","Fission"],"picked":"Rainbow","floor":33.0},{"not_picked":["Go for the Eyes","Rebound+1","Gash"],"picked":"SKIP","floor":35.0},{"not_picked":["Sunder+1","Darkness"],"picked":"Coolheaded+1","floor":37},{"not_picked":["Coolheaded+1","Sweeping Beam+1","Chaos"],"picked":"SKIP","floor":38},{"not_picked":["Gash+1","Blizzard"],"picked":"Undo+1","floor":41},{"not_picked":["Redo+1","Doom and Gloom","Conserve Battery"],"picked":"SKIP","floor":45},{"not_picked":["Stack","Loop","Scrape"],"picked":"SKIP","floor":47},{"not_picked":["Streamline+1","Cold Snap"],"picked":"Barrage+1","floor":48}],"player_experience":1044156,"relics_obtained":[{"floor":11.0,"key":"Letter Opener"},{"floor":14.0,"key":"Pen Nib"},{"floor":23.0,"key":"MawBank"},{"floor":26.0,"key":"Dodecahedron"},{"floor":27.0,"key":"Ancient Tea Set"},{"floor":43,"key":"Potion Belt"}],"event_choices":[{"cards_removed":["Strike_B"],"damage_healed":0.0,"max_hp_gain":0.0,"max_hp_loss":0.0,"gold_gain":0.0,"event_name":"Golden Wing","player_choice":"Card Removal","floor":2.0,"gold_loss":0.0,"damage_taken":7.0},{"damage_healed":0.0,"max_hp_gain":0.0,"max_hp_loss":0.0,"gold_gain":0.0,"event_name":"Lab","player_choice":"Got Potions","floor":3.0,"gold_loss":0.0,"damage_taken":0.0},{"damage_healed":0.0,"max_hp_gain":0.0,"max_hp_loss":0.0,"gold_gain":0.0,"event_name":"Beggar","player_choice":"Ignored","floor":29.0,"gold_loss":0.0,"damage_taken":0.0},{"damage_healed":0,"gold_gain":0,"player_choice":"Upgrade","damage_taken":0,"relics_obtained":["Mark of the Bloom"],"max_hp_gain":0,"max_hp_loss":0,"event_name":"MindBloom","floor":46,"gold_loss":0,"cards_upgraded":["Strike_B","Strike_B","Strike_B","Defend_B","Defend_B","Defend_B","Defend_B","Zap","Cold Snap","Go for the Eyes","Conserve Battery","Seek","Chill"]}],"is_beta":false,"boss_relics":[{"not_picked":["Eternal Feather","Lizard Tail"],"picked":"Ectoplasm"},{"not_picked":["Busted Crown","Black Star"],"picked":"Nuclear Battery"}],"items_purged_floors":[],"is_endless":false,"potions_floor_spawned":[8,10,13,14,16,19,21,23,31,33,35,38,47],"ascension_level":0}