{"gold_per_floor":[113,113,129,144,164,198,217,229,301,326,326,339,349,374,374,473,473,487,504,31,44,70,95,112,139,192,192,202,216,235,250,250,353,353,375,403,17,17,17,17,36,258,282,282,312,312,340,25,25,25],"floor_reached":51,"playtime":6934,"items_purged":["Normality"],"score":948,"play_id":"50bf02f0-6b90-4a0a-9d14-54e8696e0073","local_time":"20190502003834","is_ascension_mode":false,"campfire_choices":[{"data":"Finisher","floor":11.0,"key":"SMITH"},{"data":"Caltrops","floor":15.0,"key":"SMITH"},{"data":"Blade Dance","floor":27.0,"key":"SMITH"},{"data":"Blade Dance","floor":32.0,"key":"SMITH"},{"data":"Regret","floor":40.0,"key":"PURGE"},{"data":"Pain","floor":44,"key":"PURGE"},{"data":"Writhe","floor":49,"key":"PURGE"}],"neow_cost":"NONE","seed_source_timestamp":0,"circlet_count":0,"master_deck":["Defend_G","Defend_G","Defend_G","Strike_G","Strike_G","Strike_G+1","Strike_G","Strike_G","Survivor","Neutralize","Outmaneuver","Iron Wave","Backstab","Backstab+1","Flying Knee","Caltrops+1","Finisher+1","Dagger Spray","Leg Sweep","Blade Dance+1","Prepared","Endless Agony","Tools of the Trade","Skewer+1","Masterful Stab","Adrenaline","Endless Agony","Blind","Deadly Poison","Sucker Punch","Poisoned Stab+1","Dodge and Roll+1","Dash","Escape Plan","Choke","Blade Dance+1","Flying Knee","Flying Knee+1","Quick Slash","Phantasmal Killer","Calculated Gamble+1","Sucker Punch+1","Flash of Steel+1","Panache","Quick Slash+1","Sucker Punch+1","Doppelganger","Backstab+1","Predator+1","Backstab+1","PiercingWail","Discovery"],"special_seed":0,"relics":["Ring of the Snake","Thread and Needle","Bottled Flame","Bag of Marbles","Peace Pipe","WristBlade","Whetstone","Red Mask","Potion Belt","Juzu Bracelet","Ancient Tea Set","Calling Bell","MawBank","Molten Egg 2","Mango","Frozen Egg 2","Dream Catcher","Bag of Preparation","Bronze Scales"],"potions_floor_usage":[50,50,50],"damage_taken":[{"damage":1.0,"enemies":"Jaw Worm","floor":1.0,"turns":6.0},{"damage":0.0,"enemies":"Cultist","floor":3.0,"turns":5.0},{"damage":0.0,"enemies":"2 Louse","floor":4.0,"turns":3.0},{"damage":9.0,"enemies":"Exordium Wildlife","floor":5.0,"turns":7.0},{"damage":4.0,"enemies":"3 Sentries","floor":6.0,"turns":8.0},{"damage":0.0,"enemies":"Blue Slaver","floor":7.0,"turns":2.0},{"damage":0.0,"enemies":"Large Slime","floor":8.0,"turns":5.0},{"damage":0.0,"enemies":"Gremlin Nob","floor":10.0,"turns":3.0},{"damage":0.0,"enemies":"Looter","floor":12.0,"turns":1.0},{"damage":0.0,"enemies":"Exordium Thugs","floor":13.0,"turns":2.0},{"damage":0.0,"enemies":"3 Sentries","floor":14.0,"turns":5.0},{"damage":31.0,"enemies":"Slime Boss","floor":16.0,"turns":11.0},{"damage":0.0,"enemies":"Shell Parasite","floor":18.0,"turns":1.0},{"damage":0.0,"enemies":"Spheric Guardian","floor":19.0,"turns":1.0},{"damage":6.0,"enemies":"Cultist and Chosen","floor":21.0,"turns":3.0},{"damage":0.0,"enemies":"Masked Bandits","floor":22.0,"turns":1.0},{"damage":9.0,"enemies":"Slavers","floor":23.0,"turns":5.0},{"damage":0.0,"enemies":"3 Cultists","floor":24.0,"turns":4.0},{"damage":0.0,"enemies":"Book of Stabbing","floor":25.0,"turns":1.0},{"damage":0.0,"enemies":"Snake Plant","floor":28.0,"turns":1.0},{"damage":2.0,"enemies":"Cultist and Chosen","floor":29.0,"turns":3.0},{"damage":5.0,"enemies":"Centurion and Healer","floor":30.0,"turns":3.0},{"damage":0.0,"enemies":"Shelled Parasite and Fungi","floor":31.0,"turns":1.0},{"damage":40.0,"enemies":"Automaton","floor":33.0,"turns":7.0},{"damage":0.0,"enemies":"Orb Walker","floor":35.0,"turns":1.0},{"damage":12.0,"enemies":"3 Shapes","floor":36.0,"turns":1.0},{"damage":0.0,"enemies":"Writhing Mass","floor":41.0,"turns":1.0},{"damage":6,"enemies":"Giant Head","floor":45,"turns":5},{"damage":0,"enemies":"Nemesis","floor":47,"turns":3},{"damage":81,"enemies":"Awakened One","floor":50,"turns":14}],"seed_played":"-1914139503411313959","potions_obtained":[{"floor":1.0,"key":"Poison Potion"},{"floor":4.0,"key":"FairyPotion"},{"floor":5.0,"key":"Dexterity Potion"},{"floor":10.0,"key":"Fire Potion"},{"floor":19.0,"key":"AttackPotion"},{"floor":24.0,"key":"GhostInAJar"},{"floor":29.0,"key":"Dexterity Potion"},{"floor":30.0,"key":"AttackPotion"},{"floor":45,"key":"Fire Potion"},{"floor":47,"key":"LiquidBronze"}],"is_trial":false,"path_per_floor":["M","?","M","M","M","E","M","M","T","E","R","M","M","E","R","B",null,"M","M","$","M","?","E","M","E","T","R","M","M","M","M","R","B",null,"M","M","$","?","T","R","M","?","T","R","E","?","E","$","R","B",null],"character_chosen":"THE_SILENT","items_purchased":["Whetstone","Adrenaline","Endless Agony","Blind","Deadly Poison","Sucker Punch","Flash of Steel+1","Panache","Quick Slash+1","GhostInAJar","Predator+1","Backstab+1","PiercingWail","Discovery"],"campfire_rested":0,"item_purchase_floors":[20,20,20,20,20,20,37,37,37,48,48,48,48,48],"current_hp_per_floor":[76,76,76,76,67,63,63,63,63,63,63,63,63,63,63,32,77,77,77,77,71,71,62,62,62,62,62,62,60,55,55,55,15,91,91,79,79,79,79,79,79,79,79,79,73,91,91,91,91,10],"gold":25,"neow_bonus":"TEN_PERCENT_HP_BONUS","is_prod":false,"is_daily":false,"chose_seed":false,"campfire_upgraded":4,"win_rate":0.0,"timestamp":1556775514,"path_taken":["M","?","M","M","M","E","M","M","T","E","R","M","?","E","R","BOSS","M","M","$","M","?","E","M","E","T","R","M","M","M","M","R","BOSS","M","M","$","?","?","R","M","?","T","R","E","?","E","?","R","BOSS"],"build_version":"2019-01-23","purchased_purges":1,"victory":true,"max_hp_per_floor":[77,77,77,77,77,77,77,77,77,77,77,77,77,77,77,77,77,77,77,77,77,77,77,77,77,77,77,77,77,77,77,77,77,91,91,91,91,91,91,91,91,91,91,91,91,91,91,91,91,91],"card_choices":[{"not_picked":["Eviscerate","Deadly Poison"],"picked":"Outmaneuver","floor":1.0},{"not_picked":["Bouncing Flask","Crippling Poison"],"picked":"Backstab","floor":3.0},{"not_picked":["Backflip","Dagger Throw"],"picked":"Backstab","floor":4.0},{"not_picked":["Poisoned Stab","Terror"],"picked":"Flying Knee","floor":5.0},{"not_picked":["Well Laid Plans","Adrenaline"],"picked":"Caltrops","floor":6.0},{"not_picked":["Bouncing Flask","Deadly Poison"],"picked":"Finisher","floor":7.0},{"not_picked":["Prepared","Dagger Throw"],"picked":"Dagger Spray","floor":8.0},{"not_picked":["Dagger Throw","Terror"],"picked":"Leg Sweep","floor":10.0},{"not_picked":["Dagger Spray","Quick Slash"],"picked":"Blade Dance","floor":12.0},{"not_picked":["Footwork","Acrobatics"],"picked":"Prepared","floor":13.0},{"not_picked":["Prepared","Backflip"],"picked":"Endless Agony","floor":14.0},{"not_picked":["Doppelganger","Night Terror"],"picked":"Tools of the Trade","floor":16.0},{"not_picked":["Flying Knee","Dagger Throw"],"picked":"Skewer+1","floor":18.0},{"not_picked":["Prepared","Slice"],"picked":"Masterful Stab","floor":19.0},{"not_picked":["Dodge and Roll","Quick Slash"],"picked":"Poisoned Stab+1","floor":21.0},{"not_picked":["Wraith Form v2","Flying Knee"],"picked":"Dodge and Roll+1","floor":22.0},{"not_picked":["Deflect","Sucker Punch"],"picked":"Dash","floor":23.0},{"not_picked":["Reflex","Riddle With Holes"],"picked":"Escape Plan","floor":24.0},{"not_picked":["Wraith Form v2","Malaise"],"picked":"Choke","floor":25.0},{"not_picked":["Prepared","Deadly Poison"],"picked":"Blade Dance","floor":28.0},{"not_picked":["Poisoned Stab+1","Acrobatics"],"picked":"Flying Knee","floor":29.0},{"not_picked":["Sucker Punch","Choke+1"],"picked":"Flying Knee+1","floor":30.0},{"not_picked":["Blade Dance","Dodge and Roll"],"picked":"Quick Slash","floor":31.0},{"not_picked":["Die Die Die","Tools of the Trade"],"picked":"Phantasmal Killer","floor":33.0},{"not_picked":["Acrobatics+1","Slice+1"],"picked":"Calculated Gamble+1","floor":35.0},{"not_picked":["Deadly Poison","PiercingWail"],"picked":"Sucker Punch+1","floor":36.0},{"not_picked":["Skewer+1","Backflip"],"picked":"Sucker Punch+1","floor":41.0},{"not_picked":["Prepared+1","Backflip"],"picked":"Doppelganger","floor":45},{"not_picked":["Endless Agony+1","Sucker Punch+1"],"picked":"Backstab+1","floor":47}],"player_experience":10692,"relics_obtained":[{"floor":6.0,"key":"Thread and Needle"},{"floor":9.0,"key":"Bottled Flame"},{"floor":10.0,"key":"Bag of Marbles"},{"floor":14.0,"key":"Peace Pipe"},{"floor":22.0,"key":"Red Mask"},{"floor":23.0,"key":"Potion Belt"},{"floor":25.0,"key":"Juzu Bracelet"},{"floor":26.0,"key":"Ancient Tea Set"},{"floor":34.0,"key":"MawBank"},{"floor":34.0,"key":"Molten Egg 2"},{"floor":34.0,"key":"Mango"},{"floor":39.0,"key":"Frozen Egg 2"},{"floor":43.0,"key":"Dream Catcher"},{"floor":45,"key":"Bag of Preparation"},{"floor":47,"key":"Bronze Scales"}],"event_choices":[{"cards_removed":["Defend_G"],"damage_healed":0.0,"max_hp_gain":0.0,"max_hp_loss":0.0,"gold_gain":0.0,"event_name":"NoteForYourself","player_choice":"Took Card","floor":2.0,"gold_loss":0.0,"damage_taken":0.0,"cards_obtained":["Iron Wave"]},{"damage_healed":0.0,"max_hp_gain":0.0,"max_hp_loss":0.0,"gold_gain":0.0,"event_name":"Masked Bandits","player_choice":"Fought Bandits","floor":22.0,"gold_loss":0.0,"damage_taken":0.0},{"cards_removed":["Defend_G"],"damage_healed":0.0,"max_hp_gain":0.0,"max_hp_loss":0.0,"gold_gain":0.0,"event_name":"Falling","player_choice":"Removed Skill","floor":38.0,"gold_loss":0.0,"damage_taken":0.0},{"damage_healed":0.0,"max_hp_gain":0.0,"max_hp_loss":0.0,"gold_gain":222.0,"event_name":"Tomb of Lord Red Mask","player_choice":"Wore Mask","floor":42.0,"gold_loss":0.0,"damage_taken":0.0},{"damage_healed":23,"gold_gain":0,"player_choice":"Writhe","damage_taken":0,"max_hp_gain":0,"max_hp_loss":0,"event_name":"Winding Halls","floor":46,"gold_loss":0,"cards_obtained":["Writhe"]}],"is_beta":false,"boss_relics":[{"not_picked":["Fusion Hammer","Velvet Choker"],"picked":"WristBlade"},{"not_picked":["Runic Pyramid","Astrolabe"],"picked":"Calling Bell"}],"items_purged_floors":[37],"is_endless":false,"potions_floor_spawned":[1,4,5,7,10,19,21,24,29,30,45,47],"ascension_level":0}