{"gold_per_floor":[111,111,122,139,139,139,169,189,189,189,200,200],"floor_reached":12,"playtime":269,"items_purged":[],"score":80,"play_id":"6cf00689-79db-4dc2-bf88-b93002c4e2ce","local_time":"20190306235142","is_ascension_mode":false,"campfire_choices":[{"data":"Go for the Eyes","floor":6,"key":"SMITH"}],"neow_cost":"NONE","seed_source_timestamp":1944262137423660,"circlet_count":0,"master_deck":["Strike_B","Strike_B","Strike_B","Defend_B","Defend_B","Defend_B","Defend_B","Zap","Dualcast+1","Go for the Eyes+1","BootSequence","Capacitor","Auto Shields"],"relics":["Cracked Core","Matryoshka","Bronze Scales","Ginger"],"potions_floor_usage":[],"damage_taken":[{"damage":5,"enemies":"Small Slimes","floor":1,"turns":3},{"damage":0,"enemies":"Cultist","floor":3,"turns":4},{"damage":0,"enemies":"2 Louse","floor":4,"turns":2},{"damage":12,"enemies":"Lagavulin","floor":7,"turns":8},{"damage":0,"enemies":"Blue Slaver","floor":8,"turns":3},{"damage":0,"enemies":"Large Slime","floor":11,"turns":6},{"damage":58,"enemies":"Gremlin Nob","floor":12,"turns":4}],"seed_played":"-4969948049383908135","potions_obtained":[{"floor":7,"key":"PowerPotion"},{"floor":8,"key":"LiquidBronze"},{"floor":11,"key":"Dexterity Potion"}],"is_trial":false,"path_per_floor":["M","?","M","M","$","R","E","M","T","?","M","E"],"character_chosen":"DEFECT","items_purchased":[],"campfire_rested":0,"item_purchase_floors":[],"current_hp_per_floor":[70,63,63,63,63,63,51,51,51,56,56,0],"gold":200,"neow_bonus":"UPGRADE_CARD","is_prod":false,"is_daily":false,"chose_seed":false,"campfire_upgraded":1,"win_rate":0,"timestamp":1551916302,"path_taken":["M","?","M","M","$","R","E","M","T","?","M","E"],"build_version":"2019-01-23","purchased_purges":0,"victory":false,"max_hp_per_floor":[75,75,75,75,75,75,75,75,75,80,80,80],"card_choices":[{"not_picked":["Go for the Eyes","Beam Cell","Coolheaded"],"picked":"SKIP","floor":1},{"not_picked":["Beam Cell","Coolheaded"],"picked":"Go for the Eyes","floor":1},{"not_picked":["Go for the Eyes","Darkness"],"picked":"BootSequence","floor":3},{"not_picked":["Gash","Steam Power","Hologram"],"picked":"SKIP","floor":4},{"not_picked":["Barrage","Coolheaded"],"picked":"Capacitor","floor":7},{"not_picked":["Steam","Reinforced Body"],"picked":"Auto Shields","floor":8},{"not_picked":["Redo","Force Field","Hello World"],"picked":"SKIP","floor":11}],"player_experience":1090791,"relics_obtained":[{"floor":7,"key":"Matryoshka"},{"floor":9,"key":"Bronze Scales"},{"floor":9,"key":"Ginger"}],"event_choices":[{"cards_removed":["Strike_B"],"damage_healed":0,"gold_gain":0,"player_choice":"Card Removal","damage_taken":7,"max_hp_gain":0,"max_hp_loss":0,"event_name":"Golden Wing","floor":2,"gold_loss":0},{"damage_healed":0,"gold_gain":0,"player_choice":"Donut","damage_taken":0,"max_hp_gain":5,"max_hp_loss":0,"event_name":"Big Fish","floor":10,"gold_loss":0}],"is_beta":false,"boss_relics":[],"items_purged_floors":[],"is_endless":false,"potions_floor_spawned":[7,8,11],"killed_by":"Gremlin Nob","ascension_level":0}