{"gold_per_floor":[219,99,112,128,148,148,166,166,166,166,62,237,237,262,262,367,367,380,380,395,320,320,355,355,355,400,431,469,481,393,404,404,499,499,509,523,523,523,245,245,245,264,290,308,61,61,71,71,71,71],"floor_reached":51,"playtime":1537,"items_purged":["Doubt","Strike_B","Defend_B"],"score":683,"play_id":"f8649346-02fb-4bcd-9e0f-12cc0cd7cce5","local_time":"20190319211552","is_ascension_mode":false,"campfire_choices":[{"data":"Dualcast","floor":6.0,"key":"SMITH"},{"data":"Defragment","floor":8.0,"key":"SMITH"},{"data":"Zap","floor":10.0,"key":"SMITH"},{"data":"Blizzard","floor":13.0,"key":"SMITH"},{"data":"Ball Lightning","floor":15.0,"key":"SMITH"},{"data":"Rainbow","floor":24.0,"key":"SMITH"},{"floor":29.0,"key":"REST"},{"floor":32.0,"key":"REST"},{"data":"Blizzard","floor":40.0,"key":"SMITH"},{"data":"Defragment","floor":46,"key":"SMITH"},{"data":"Rainbow","floor":49,"key":"SMITH"}],"neow_cost":"NONE","seed_source_timestamp":244906835012746,"circlet_count":0,"master_deck":["Defend_B+1","Defend_B","Defend_B","Zap+1","Dualcast+1","Defragment+1","Coolheaded","Ball Lightning+1","Glacier","Coolheaded+1","Blizzard+1","Rainbow+1","Conserve Battery","Rainbow+1","Blizzard+1","Go for the Eyes+1","Capacitor+1","Electrodynamics","BootSequence+1","Defragment+1","Glacier"],"special_seed":0,"relics":["Cracked Core","Question Card","Omamori","Orrery","Du-Vu Doll","MawBank","Bottled Tornado","Empty Cage","War Paint","DataDisk","Runic Capacitor"],"potions_floor_usage":[50],"damage_taken":[{"damage":1.0,"enemies":"Cultist","floor":1.0,"turns":4.0},{"damage":1.0,"enemies":"Small Slimes","floor":3.0,"turns":3.0},{"damage":0.0,"enemies":"2 Louse","floor":4.0,"turns":3.0},{"damage":16.0,"enemies":"Gremlin Gang","floor":5.0,"turns":6.0},{"damage":0.0,"enemies":"2 Fungi Beasts","floor":7.0,"turns":2.0},{"damage":9.0,"enemies":"3 Sentries","floor":14.0,"turns":8.0},{"damage":26.0,"enemies":"The Guardian","floor":16.0,"turns":12.0},{"damage":11.0,"enemies":"2 Thieves","floor":18.0,"turns":4.0},{"damage":10.0,"enemies":"Chosen","floor":20.0,"turns":4.0},{"damage":14.0,"enemies":"Book of Stabbing","floor":23.0,"turns":8.0},{"damage":1.0,"enemies":"Snake Plant","floor":27.0,"turns":5.0},{"damage":20.0,"enemies":"Slavers","floor":28.0,"turns":5.0},{"damage":9.0,"enemies":"Centurion and Healer","floor":31.0,"turns":7.0},{"damage":41.0,"enemies":"Champ","floor":33.0,"turns":13.0},{"damage":1.0,"enemies":"Orb Walker","floor":35.0,"turns":5.0},{"damage":10.0,"enemies":"3 Darklings","floor":36.0,"turns":5.0},{"damage":16,"enemies":"Maw","floor":42,"turns":9},{"damage":5,"enemies":"Jaw Worm Horde","floor":44,"turns":6},{"damage":1,"enemies":"4 Shapes","floor":47,"turns":4},{"damage":16,"enemies":"Donu and Deca","floor":50,"turns":8}],"seed_played":"-6015170967357403532","potions_obtained":[{"floor":1.0,"key":"Dexterity Potion"},{"floor":5.0,"key":"Weak Potion"},{"floor":7.0,"key":"Fire Potion"},{"floor":14.0,"key":"PowerPotion"},{"floor":27.0,"key":"Block Potion"},{"floor":28.0,"key":"Fire Potion"},{"floor":36.0,"key":"Swift Potion"}],"is_trial":false,"path_per_floor":["M","$","M","M","M","R","M","R","T","R","$","?","R","E","R","B",null,"M","?","M","$","?","E","R","?","T","M","E","R","$","M","R","B",null,"M","M","?","?","$","R","?","M","T","M","$","R","M","?","R","B",null],"character_chosen":"DEFECT","items_purchased":["Defragment","Coolheaded","Coolheaded","Blizzard","War Paint","Runic Capacitor","Glacier"],"campfire_rested":2,"item_purchase_floors":[2,2,11,11,39,45,45],"current_hp_per_floor":[74,74,73,73,57,57,57,57,57,57,57,57,57,48,48,22,75,64,64,54,54,54,40,40,40,40,39,19,41,41,32,54,13,75,74,64,64,64,64,64,64,48,48,43,43,43,42,75,75,59],"gold":71,"neow_bonus":"HUNDRED_GOLD","is_prod":false,"is_daily":false,"chose_seed":false,"campfire_upgraded":9,"win_rate":0,"timestamp":1553030152,"path_taken":["M","$","M","M","M","R","M","R","T","R","$","?","R","E","R","BOSS","M","?","M","$","?","E","R","?","T","M","E","R","$","M","R","BOSS","M","?","?","?","$","R","?","M","T","M","$","R","?","?","R","BOSS"],"build_version":"2019-01-23","purchased_purges":3,"victory":true,"max_hp_per_floor":[75,75,75,75,75,75,75,75,75,75,75,75,75,75,75,75,75,75,75,75,75,75,75,75,75,75,75,75,75,75,75,75,75,75,75,75,75,75,75,75,75,75,75,75,75,75,75,75,75,75],"card_choices":[{"not_picked":["Hello World","Rebound","Go for the Eyes"],"picked":"SKIP","floor":1.0},{"not_picked":["Aggregate","Barrage","Heatsinks"],"picked":"SKIP","floor":3.0},{"not_picked":["Redo","Barrage","Sweeping Beam"],"picked":"SKIP","floor":4.0},{"not_picked":["Undo","Barrage"],"picked":"Ball Lightning","floor":5.0},{"not_picked":["Self Repair","Streamline"],"picked":"Glacier","floor":7.0},{"not_picked":["Go for the Eyes","Hologram","Barrage","Redo"],"picked":"SKIP","floor":14.0},{"not_picked":["Meteor Strike","Thunder Strike","Machine Learning"],"picked":"Rainbow","floor":16.0},{"not_picked":["Rip and Tear","Chaos","Glacier"],"picked":"Conserve Battery","floor":17.0},{"not_picked":["Gash","Coolheaded","Cold Snap"],"picked":"Rainbow","floor":17.0},{"not_picked":["Conserve Battery","Compile Driver+1","BootSequence+1"],"picked":"Blizzard","floor":18.0},{"not_picked":["Undo","Redo","Loop"],"picked":"Go for the Eyes+1","floor":20.0},{"not_picked":["Beam Cell","Static Discharge+1","Go for the Eyes","Conserve Battery"],"picked":"SKIP","floor":23.0},{"not_picked":["Amplify","Redo","Turbo"],"picked":"Capacitor+1","floor":27.0},{"not_picked":["Coolheaded","Streamline","Skim+1"],"picked":"Electrodynamics","floor":28.0},{"not_picked":["Turbo+1","Sweeping Beam","Hologram","Scrape"],"picked":"SKIP","floor":31.0},{"not_picked":["Barrage","Reinforced Body","Conserve Battery+1"],"picked":"BootSequence+1","floor":35.0},{"not_picked":["Redo+1","Undo","Barrage","Turbo+1"],"picked":"SKIP","floor":36.0},{"not_picked":["Loop","Fusion","Force Field","Turbo"],"picked":"SKIP","floor":42},{"not_picked":["Aggregate","Sweeping Beam","Sunder","Cold Snap"],"picked":"SKIP","floor":44},{"not_picked":["Heatsinks+1","Cold Snap+1","Redo","Reprogram+1"],"picked":"SKIP","floor":47}],"player_experience":1122592,"relics_obtained":[{"floor":9.0,"key":"Question Card"},{"floor":14.0,"key":"Omamori"},{"floor":23.0,"key":"Du-Vu Doll"},{"floor":26.0,"key":"MawBank"},{"floor":28.0,"key":"Bottled Tornado"},{"floor":43,"key":"DataDisk"}],"event_choices":[{"damage_healed":0.0,"max_hp_gain":0.0,"max_hp_loss":0.0,"gold_gain":175.0,"event_name":"Liars Game","player_choice":"AGREE","floor":12.0,"gold_loss":0.0,"damage_taken":0.0,"cards_obtained":["Doubt"]},{"damage_healed":0.0,"max_hp_gain":0.0,"max_hp_loss":0.0,"gold_gain":0.0,"event_name":"Ghosts","player_choice":"Ignored","floor":22.0,"gold_loss":0.0,"damage_taken":0.0},{"damage_healed":0.0,"max_hp_gain":0.0,"max_hp_loss":0.0,"gold_gain":0.0,"event_name":"Match and Keep!","player_choice":"0 cards matched","floor":25.0,"gold_loss":0.0,"damage_taken":0.0,"cards_obtained":[]},{"damage_healed":0.0,"max_hp_gain":0.0,"max_hp_loss":0.0,"gold_gain":0.0,"event_name":"SensoryStone","player_choice":"Memory 1","floor":37.0,"gold_loss":0.0,"damage_taken":0.0},{"damage_healed":0.0,"max_hp_gain":0.0,"max_hp_loss":0.0,"gold_gain":0.0,"event_name":"Tomb of Lord Red Mask","player_choice":"Ignored","floor":38.0,"gold_loss":0.0,"damage_taken":0.0},{"damage_healed":0,"gold_gain":0,"cards_transformed":["Strike_B"],"player_choice":"Transformed","damage_taken":0,"max_hp_gain":0,"max_hp_loss":0,"event_name":"Transmorgrifier","floor":41,"gold_loss":0,"cards_obtained":["Defragment"]},{"damage_healed":33,"gold_gain":0,"player_choice":"Heal","damage_taken":0,"max_hp_gain":0,"max_hp_loss":0,"event_name":"MindBloom","floor":48,"gold_loss":0,"cards_obtained":["Doubt"]}],"is_beta":false,"boss_relics":[{"not_picked":["Calling Bell","Busted Crown"],"picked":"Orrery"},{"not_picked":["Snecko Eye","Runic Dome"],"picked":"Empty Cage"}],"items_purged_floors":[21,30,39],"is_endless":false,"potions_floor_spawned":[1,5,7,14,27,28,33,36],"ascension_level":0}