{"gold_per_floor":[109,121,135,84,84,116,116,41,64,91,91,120,120,135,135,240,240,255,266,365,365,188,188,39,39,63,98,114,114,134,144,144,245,245,255,268,143,153,3,3,13,48,48,48,48,62,62,75,75,75],"floor_reached":51,"playtime":1404,"items_purged":["Strike_B","Defend_B","Strike_B","Defend_B"],"score":790,"play_id":"0cfecf3a-0aa3-40b3-b980-a4549bcfff08","local_time":"20190608222955","is_ascension_mode":false,"campfire_choices":[{"data":"Defragment","floor":7.0,"key":"SMITH"},{"data":"Dualcast","floor":11.0,"key":"SMITH"},{"data":"Ball Lightning","floor":15,"key":"SMITH"},{"data":"Apotheosis","floor":23,"key":"SMITH"},{"data":"Go for the Eyes","floor":25,"key":"SMITH"},{"data":"Electrodynamics","floor":29,"key":"SMITH"},{"data":"Defend_B","floor":32,"key":"SMITH"},{"floor":40,"key":"RECALL"},{"floor":45,"key":"REST"},{"floor":49,"key":"REST"}],"neow_cost":"NONE","seed_source_timestamp":868592167945813,"circlet_count":0,"master_deck":["Strike_B","Defend_B+1","Defend_B","Zap+1","Dualcast+1","Defragment+1","Ball Lightning+1","Coolheaded+1","Conserve Battery","Electrodynamics+1","Conserve Battery+1","Apotheosis+1","Go for the Eyes+1","Chill","Rainbow","Capacitor","Cold Snap+1","Defragment+1"],"special_seed":0,"relics":["Cracked Core","Blood Vial","DataDisk","Happy Flower","Symbiotic Virus","Nuclear Battery","Anchor","Bag of Preparation","Fusion Hammer","Juzu Bracelet","Meat on the Bone"],"potions_floor_usage":[33,50,50,50],"damage_taken":[{"damage":0.0,"enemies":"2 Louse","floor":1.0,"turns":2.0},{"damage":5.0,"enemies":"Small Slimes","floor":2.0,"turns":3.0},{"damage":0.0,"enemies":"Cultist","floor":3.0,"turns":2.0},{"damage":13.0,"enemies":"Lagavulin","floor":6.0,"turns":6.0},{"damage":18.0,"enemies":"Gremlin Nob","floor":10.0,"turns":3.0},{"damage":3,"enemies":"3 Sentries","floor":12,"turns":6},{"damage":0,"enemies":"Large Slime","floor":14,"turns":3},{"damage":6,"enemies":"Hexaghost","floor":16,"turns":7},{"damage":0,"enemies":"Chosen","floor":18,"turns":3},{"damage":3,"enemies":"2 Thieves","floor":19,"turns":2},{"damage":7,"enemies":"Slavers","floor":27,"turns":3},{"damage":0,"enemies":"Chosen and Byrds","floor":28,"turns":3},{"damage":0,"enemies":"Centurion and Healer","floor":30,"turns":2},{"damage":0,"enemies":"Snecko","floor":31,"turns":4},{"damage":29,"enemies":"Automaton","floor":33,"turns":9},{"damage":0,"enemies":"3 Darklings","floor":35,"turns":3},{"damage":0,"enemies":"Orb Walker","floor":36,"turns":3},{"damage":0,"enemies":"Maw","floor":38,"turns":6},{"damage":5,"enemies":"Writhing Mass","floor":41,"turns":5},{"damage":0,"enemies":"Reptomancer","floor":42,"turns":6},{"damage":0,"enemies":"Transient","floor":46,"turns":5},{"damage":0,"enemies":"Sphere and 2 Shapes","floor":48,"turns":3},{"damage":0,"enemies":"Time Eater","floor":50,"turns":13}],"seed_played":"572706024214543522","potions_obtained":[{"floor":1.0,"key":"LiquidBronze"},{"floor":3.0,"key":"SmokeBomb"},{"floor":6.0,"key":"LiquidBronze"},{"floor":12,"key":"Poison Potion"},{"floor":18,"key":"Dexterity Potion"},{"floor":33,"key":"Fruit Juice"},{"floor":35,"key":"Dexterity Potion"},{"floor":46,"key":"SkillPotion"}],"is_trial":false,"path_per_floor":["M","M","M","$","?","E","R","$","T","E","R","E","?","M","R","B",null,"M","M","?","?","$","R","$","R","T","E","M","R","M","M","R","B",null,"M","M","$","M","$","R","M","E","T","$","R","M","?","M","R","B",null],"character_chosen":"DEFECT","items_purchased":["Coolheaded","Apotheosis","Go for the Eyes"],"campfire_rested":2,"item_purchase_floors":[4,22,24],"current_hp_per_floor":[82,77,77,77,61,48,48,48,48,32,32,31,31,33,33,29,82,82,79,79,79,79,79,79,79,79,74,76,76,78,80,80,58,87,87,87,87,87,87,87,82,84,84,84,87,87,87,87,87,87],"gold":75,"neow_bonus":"TEN_PERCENT_HP_BONUS","is_prod":false,"is_daily":false,"chose_seed":false,"campfire_upgraded":7,"win_rate":0,"timestamp":1560029395,"path_taken":["M","M","M","$","?","E","R","$","T","E","R","E","?","M","R","BOSS","M","M","?","?","$","R","$","R","T","E","M","R","M","M","R","BOSS","M","M","?","M","$","R","M","E","T","$","R","M","?","M","R","BOSS"],"build_version":"2019-01-23","purchased_purges":4,"victory":true,"max_hp_per_floor":[82,82,82,82,82,82,82,82,82,82,82,82,82,82,82,82,82,82,82,82,82,82,82,82,82,82,82,82,82,82,82,82,87,87,87,87,87,87,87,87,87,87,87,87,87,87,87,87,87,87],"card_choices":[{"not_picked":["Double Energy","Rebound"],"picked":"Defragment","floor":1.0},{"not_picked":["Rebound","White Noise"],"picked":"Ball Lightning","floor":2.0},{"not_picked":["Consume","Beam Cell","Turbo"],"picked":"SKIP","floor":3.0},{"not_picked":["Sunder","Hologram"],"picked":"Conserve Battery","floor":6.0},{"not_picked":["Go for the Eyes","Reinforced Body","Coolheaded"],"picked":"SKIP","floor":10.0},{"not_picked":["Beam Cell","Gash","FTL"],"picked":"SKIP","floor":12},{"not_picked":["Sweeping Beam","Fusion","Self Repair"],"picked":"SKIP","floor":14},{"not_picked":["Thunder Strike","All For One"],"picked":"Electrodynamics","floor":16},{"not_picked":["Rip and Tear+1","Leap","Redo"],"picked":"SKIP","floor":18},{"not_picked":["Redo+1","Streamline"],"picked":"Conserve Battery+1","floor":19},{"not_picked":["Hologram+1","Stack","Streamline"],"picked":"SKIP","floor":27},{"not_picked":["Coolheaded","Barrage+1","Turbo"],"picked":"SKIP","floor":28},{"not_picked":["Coolheaded","Thunder Strike"],"picked":"Chill","floor":30},{"not_picked":["Coolheaded","Barrage+1","Force Field"],"picked":"SKIP","floor":31},{"not_picked":["Multi-Cast","Seek"],"picked":"Rainbow","floor":33},{"not_picked":["Coolheaded","Streamline"],"picked":"Capacitor","floor":35},{"not_picked":["Go for the Eyes+1","Streamline+1"],"picked":"Cold Snap+1","floor":36},{"not_picked":["Go for the Eyes+1","Barrage","Redo+1"],"picked":"SKIP","floor":38},{"not_picked":["Double Energy+1","Compile Driver","Sweeping Beam+1"],"picked":"SKIP","floor":41},{"not_picked":["Turbo+1","Steam","Fusion"],"picked":"SKIP","floor":42},{"not_picked":["Go for the Eyes","Tempest+1","Streamline+1"],"picked":"SKIP","floor":46},{"not_picked":["Stack","Turbo","Redo"],"picked":"SKIP","floor":48},{"not_picked":["Stack","Turbo","Redo"],"picked":"SKIP","floor":48}],"player_experience":1287028,"relics_obtained":[{"floor":6.0,"key":"Blood Vial"},{"floor":9.0,"key":"DataDisk"},{"floor":10.0,"key":"Happy Flower"},{"floor":12,"key":"Symbiotic Virus"},{"floor":26,"key":"Anchor"},{"floor":27,"key":"Bag of Preparation"},{"floor":42,"key":"Juzu Bracelet"},{"floor":43,"key":"Meat on the Bone"}],"event_choices":[{"damage_healed":0.0,"max_hp_gain":0.0,"max_hp_loss":0.0,"gold_gain":0.0,"event_name":"Shining Light","player_choice":"Entered Light","floor":5.0,"gold_loss":0.0,"damage_taken":16.0,"cards_upgraded":["Zap","Coolheaded"]},{"damage_healed":0,"gold_gain":0,"player_choice":"Ignored","damage_taken":0,"max_hp_gain":0,"max_hp_loss":0,"event_name":"Liars Game","floor":13,"gold_loss":0},{"damage_healed":0,"gold_gain":99,"player_choice":"Stole From Cult","damage_taken":0,"max_hp_gain":0,"max_hp_loss":0,"event_name":"Nest","floor":20,"gold_loss":0},{"cards_removed":["Strike_B"],"damage_healed":0,"gold_gain":0,"player_choice":"Offered Basic","damage_taken":0,"max_hp_gain":0,"max_hp_loss":0,"event_name":"Bonfire Elementals","floor":21,"gold_loss":0},{"damage_healed":0,"gold_gain":0,"player_choice":"Copied","damage_taken":0,"max_hp_gain":0,"max_hp_loss":0,"event_name":"Duplicator","floor":47,"gold_loss":0,"cards_obtained":["Defragment"]}],"is_beta":false,"boss_relics":[{"not_picked":["Black Star","Pandora\u0027s Box"],"picked":"Nuclear Battery"},{"not_picked":["Runic Pyramid","Runic Dome"],"picked":"Fusion Hammer"}],"items_purged_floors":[8,24,37,39],"is_endless":false,"potions_floor_spawned":[1,3,6,12,18,27,30,33,35,46,48],"ascension_level":0}