{"gold_per_floor":[109,109,40,40,55,87,87,100,126,126,137,137,152,183,183,280,330,341,195,210,260,276,303,303,228,228,228,228,228,66,66,66,165,165,185,203,278,293,293],"floor_reached":39,"playtime":1110,"items_purged":["Defend_B"],"score":457,"play_id":"0488f02a-05ae-40bd-b848-c311350d9e7b","local_time":"20190226204243","is_ascension_mode":false,"campfire_choices":[{"data":"Defragment","floor":7.0,"key":"SMITH"},{"data":"Dualcast","floor":10.0,"key":"SMITH"},{"data":"Zap","floor":12.0,"key":"SMITH"},{"data":"Ball Lightning","floor":15.0,"key":"SMITH"},{"floor":24.0,"key":"REST"},{"floor":27.0,"key":"REST"},{"data":"Echo Form","floor":29.0,"key":"SMITH"},{"data":"Apotheosis","floor":32.0,"key":"SMITH"}],"neow_cost":"NONE","seed_source_timestamp":1240790172313738,"circlet_count":0,"master_deck":["Strike_B+1","Strike_B+1","Defend_B+1","Defend_B","Zap+1","Dualcast+1","Glacier+1","Defragment+1","Ball Lightning+1","Coolheaded","Echo Form+1","Cold Snap+1","Capacitor","Conserve Battery","BootSequence","Apotheosis+1","Buffer","FTL+1","Blizzard","Barrage+1"],"special_seed":0,"relics":["Cracked Core","Omamori","Boot","Lantern","Vajra","Tiny House","Whetstone","Dream Catcher","Sozu"],"potions_floor_usage":[],"damage_taken":[{"damage":0.0,"enemies":"2 Louse","floor":1.0,"turns":2.0},{"damage":0.0,"enemies":"Small Slimes","floor":5.0,"turns":4.0},{"damage":6.0,"enemies":"Lagavulin","floor":6.0,"turns":6.0},{"damage":0.0,"enemies":"Cultist","floor":8.0,"turns":3.0},{"damage":0.0,"enemies":"2 Fungi Beasts","floor":11.0,"turns":3.0},{"damage":0.0,"enemies":"Red Slaver","floor":13.0,"turns":2.0},{"damage":1.0,"enemies":"3 Sentries","floor":14.0,"turns":7.0},{"damage":15.0,"enemies":"The Guardian","floor":16.0,"turns":9.0},{"damage":8.0,"enemies":"2 Thieves","floor":18.0,"turns":4.0},{"damage":5.0,"enemies":"3 Byrds","floor":20.0,"turns":5.0},{"damage":31.0,"enemies":"Snake Plant","floor":22.0,"turns":4.0},{"damage":29.0,"enemies":"Gremlin Leader","floor":23.0,"turns":10.0},{"damage":0.0,"enemies":"Champ","floor":33.0,"turns":11.0},{"damage":13.0,"enemies":"3 Darklings","floor":35.0,"turns":6.0},{"damage":0.0,"enemies":"Orb Walker","floor":36.0,"turns":6.0},{"damage":20,"enemies":"Spire Growth","floor":38,"turns":6},{"damage":0,"enemies":"3 Darklings","floor":39,"turns":2}],"seed_played":"-6163513351578782869","potions_obtained":[{"floor":5.0,"key":"Explosive Potion"},{"floor":6.0,"key":"Strength Potion"},{"floor":13.0,"key":"SteroidPotion"},{"floor":22.0,"key":"SpeedPotion"},{"floor":33.0,"key":"Strength Potion"}],"is_trial":false,"path_per_floor":["M","?","$","?","M","E","R","M","T","R","M","R","M","E","R","B",null,"M","$","M","?","M","E","R","?","T","R","?","R","$","?","R","B",null,"M","M","?","M","M"],"character_chosen":"DEFECT","items_purchased":["Defragment","Capacitor","Apotheosis"],"campfire_rested":2,"item_purchase_floors":[3,19,30],"current_hp_per_floor":[75,60,60,60,60,54,54,54,54,54,54,54,54,53,53,38,80,72,72,67,67,36,7,31,31,31,55,55,55,55,55,55,55,80,67,67,59,39,39],"gold":293,"neow_bonus":"RANDOM_COMMON_RELIC","is_prod":false,"is_daily":false,"chose_seed":false,"campfire_upgraded":6,"win_rate":0,"timestamp":1551213763,"path_taken":["M","?","$","?","?","E","R","M","T","R","M","R","M","E","R","BOSS","M","$","M","?","?","E","R","?","T","R","?","R","?","?","R","BOSS","M","M","?","M","M"],"build_version":"2019-01-23","purchased_purges":1,"victory":false,"max_hp_per_floor":[75,75,75,75,75,75,75,75,75,75,75,75,75,75,75,75,80,80,80,80,80,80,80,80,80,80,80,80,80,80,80,80,80,80,80,80,80,80,80],"card_choices":[{"not_picked":["Leap","Rebound"],"picked":"Glacier","floor":1.0},{"not_picked":["Cold Snap","Gash"],"picked":"Ball Lightning","floor":5.0},{"not_picked":["Double Energy","Rebound","Compile Driver"],"picked":"SKIP","floor":6.0},{"not_picked":["Genetic Algorithm","Stack","Gash"],"picked":"SKIP","floor":8.0},{"not_picked":["Beam Cell","Scrape"],"picked":"Coolheaded","floor":11.0},{"not_picked":["Tempest","Stack","Reboot"],"picked":"SKIP","floor":13.0},{"not_picked":["Beam Cell","Static Discharge","Stack"],"picked":"SKIP","floor":14.0},{"not_picked":["Multi-Cast","Creative AI"],"picked":"Echo Form","floor":16.0},{"not_picked":["Gash","Hologram"],"picked":"Cold Snap+1","floor":18.0},{"not_picked":["Glacier","Sunder+1","Lockon"],"picked":"SKIP","floor":20.0},{"not_picked":["Heatsinks","Cold Snap+1","Reinforced Body+1"],"picked":"SKIP","floor":22.0},{"not_picked":["Ball Lightning","Seek"],"picked":"Conserve Battery","floor":23.0},{"not_picked":["Force Field","Hologram"],"picked":"BootSequence","floor":27.0},{"not_picked":["Machine Learning","Multi-Cast"],"picked":"Buffer","floor":33.0},{"not_picked":["Undo","Steam+1"],"picked":"FTL+1","floor":35.0},{"not_picked":["Hello World","Leap+1"],"picked":"Blizzard","floor":36.0},{"not_picked":["Steam+1","Cold Snap+1"],"picked":"Barrage+1","floor":38}],"player_experience":1069348,"relics_obtained":[{"floor":6.0,"key":"Boot"},{"floor":9.0,"key":"Lantern"},{"floor":14.0,"key":"Vajra"},{"floor":23.0,"key":"Whetstone"},{"floor":26.0,"key":"Dream Catcher"}],"event_choices":[{"damage_healed":0.0,"max_hp_gain":0.0,"max_hp_loss":0.0,"gold_gain":0.0,"event_name":"Shining Light","player_choice":"Entered Light","floor":2.0,"gold_loss":0.0,"damage_taken":15.0,"cards_upgraded":["Strike_B","Glacier"]},{"cards_removed":["Strike_B"],"damage_healed":0.0,"max_hp_gain":0.0,"max_hp_loss":0.0,"gold_gain":0.0,"event_name":"Bonfire Elementals","player_choice":"Offered Basic","floor":4.0,"gold_loss":0.0,"damage_taken":0.0},{"damage_healed":0.0,"max_hp_gain":0.0,"max_hp_loss":0.0,"gold_gain":100.0,"event_name":"The Joust","player_choice":"Bet on Murderer","floor":21.0,"gold_loss":50.0,"damage_taken":0.0},{"cards_removed":["Defend_B"],"damage_healed":0.0,"max_hp_gain":0.0,"max_hp_loss":0.0,"gold_gain":0.0,"event_name":"Beggar","player_choice":"Gave Gold","floor":25.0,"gold_loss":75.0,"damage_taken":0.0},{"damage_healed":0.0,"max_hp_gain":0.0,"max_hp_loss":0.0,"gold_gain":0.0,"event_name":"Ghosts","player_choice":"Ignored","floor":28.0,"gold_loss":0.0,"damage_taken":0.0},{"cards_removed":["Strike_B"],"damage_healed":0.0,"max_hp_gain":0.0,"max_hp_loss":0.0,"gold_gain":0.0,"event_name":"Back to Basics","player_choice":"Elegance","floor":31.0,"gold_loss":0.0,"damage_taken":0.0},{"damage_healed":0,"gold_gain":75,"player_choice":"Touch","damage_taken":8,"max_hp_gain":0,"max_hp_loss":0,"event_name":"FaceTrader","floor":37,"gold_loss":0}],"is_beta":false,"boss_relics":[{"not_picked":["Runic Dome","Ectoplasm"],"picked":"Tiny House"},{"not_picked":["Calling Bell","Philosopher\u0027s Stone"],"picked":"Sozu"}],"items_purged_floors":[19],"is_endless":false,"potions_floor_spawned":[5,6,13,22,33,35,36,38],"killed_by":"3 Darklings","ascension_level":0}