{"gold_per_floor":[115,135,155,155,155,184,184,211,211,211,229,229,249,249,249,350,400,416,416,426,132,146,146,181,181,181,181,215,242,242,262,262,366,366,376,376,394,409,309,336,336,211,235,245,255,255,26,42,42,42],"floor_reached":51,"playtime":1701,"items_purged":["Strike_B","Strike_B","Defend_B","Defend_B"],"score":750,"play_id":"b58680cb-cec0-4610-80cf-1c5f726b9d5e","local_time":"20190520225512","is_ascension_mode":false,"campfire_choices":[{"data":"White Noise","floor":7.0,"key":"SMITH"},{"data":"Defragment","floor":10.0,"key":"SMITH"},{"data":"Chaos","floor":15.0,"key":"SMITH"},{"floor":23.0,"key":"REST"},{"data":"Rainbow","floor":25.0,"key":"SMITH"},{"data":"Capacitor","floor":27.0,"key":"SMITH"},{"floor":32.0,"key":"REST"},{"data":"Barrage","floor":41,"key":"SMITH"},{"floor":46,"key":"REST"},{"data":"Buffer","floor":49,"key":"SMITH"}],"neow_cost":"NONE","seed_source_timestamp":0,"circlet_count":0,"master_deck":["Strike_B+1","Strike_B+1","Defend_B+1","Zap+1","Dualcast+1","Capacitor+1","White Noise+1","Defragment+1","Coolheaded","Chaos+1","Rainbow+1","Capacitor","Steam+1","Chill","Barrage+1","BootSequence","Seek","Buffer+1","Barrage+1","Cold Snap+1","Chill+1","White Noise"],"special_seed":0,"relics":["Cracked Core","Ginger","Cables","Mercury Hourglass","Shuriken","Tiny House","Whetstone","Question Card","Kunai","Red Mask","Blue Candle","Inserter","Gremlin Horn","Art of War"],"potions_floor_usage":[50,50,50,50,50],"damage_taken":[{"damage":0.0,"enemies":"Cultist","floor":1.0,"turns":3.0},{"damage":2.0,"enemies":"Small Slimes","floor":2.0,"turns":2.0},{"damage":1.0,"enemies":"Jaw Worm","floor":3.0,"turns":3.0},{"damage":11.0,"enemies":"Lagavulin","floor":6.0,"turns":5.0},{"damage":32.0,"enemies":"Gremlin Nob","floor":8.0,"turns":4.0},{"damage":0.0,"enemies":"2 Fungi Beasts","floor":11.0,"turns":2.0},{"damage":3.0,"enemies":"Gremlin Gang","floor":13.0,"turns":2.0},{"damage":3.0,"enemies":"Slime Boss","floor":16.0,"turns":7.0},{"damage":20.0,"enemies":"Chosen","floor":18.0,"turns":6.0},{"damage":12.0,"enemies":"Shell Parasite","floor":20.0,"turns":4.0},{"damage":0.0,"enemies":"Centurion and Healer","floor":22.0,"turns":5.0},{"damage":19.0,"enemies":"Gremlin Leader","floor":24.0,"turns":8.0},{"damage":3.0,"enemies":"Masked Bandits","floor":28.0,"turns":4.0},{"damage":7.0,"enemies":"Slavers","floor":29.0,"turns":5.0},{"damage":24.0,"enemies":"Shelled Parasite and Fungi","floor":31.0,"turns":5.0},{"damage":5.0,"enemies":"Champ","floor":33.0,"turns":7.0},{"damage":0.0,"enemies":"3 Darklings","floor":35.0,"turns":6.0},{"damage":1,"enemies":"3 Shapes","floor":37,"turns":4},{"damage":12,"enemies":"3 Darklings","floor":38,"turns":6},{"damage":2,"enemies":"Giant Head","floor":40,"turns":8},{"damage":24,"enemies":"Spire Growth","floor":44,"turns":5},{"damage":0,"enemies":"Transient","floor":45,"turns":5},{"damage":0,"enemies":"4 Shapes","floor":48,"turns":5},{"damage":59,"enemies":"Awakened One","floor":50,"turns":9}],"seed_played":"4646626404794954926","potions_obtained":[{"floor":2.0,"key":"Fire Potion"},{"floor":8.0,"key":"SteroidPotion"},{"floor":16.0,"key":"EssenceOfSteel"},{"floor":17.0,"key":"Fruit Juice"},{"floor":22.0,"key":"Fire Potion"},{"floor":29.0,"key":"Ancient Potion"},{"floor":31.0,"key":"SkillPotion"},{"floor":33.0,"key":"LiquidBronze"},{"floor":45,"key":"EntropicBrew"}],"is_trial":false,"path_per_floor":["M","M","M","$","?","E","R","E","T","R","M","$","M","T","R","B",null,"M","?","M","$","M","R","E","R","T","R","?","E","?","M","R","B",null,"M","?","M","M","$","E","R","$","T","M","M","R","$","M","R","B",null],"character_chosen":"DEFECT","items_purchased":["Whetstone","Chill","White Noise"],"campfire_rested":3,"item_purchase_floors":[21,21,47],"current_hp_per_floor":[75,73,72,72,72,61,61,29,29,29,29,29,26,26,26,23,80,65,49,37,37,37,64,45,45,45,45,42,35,35,11,38,33,90,90,90,89,77,77,75,75,75,75,51,51,78,78,78,78,19],"gold":42,"neow_bonus":"UPGRADE_CARD","is_prod":false,"is_daily":false,"chose_seed":false,"campfire_upgraded":7,"win_rate":0,"timestamp":1558389312,"path_taken":["M","?","M","$","?","E","R","E","T","R","M","?","?","?","R","BOSS","M","?","M","$","M","R","E","R","T","R","?","E","?","?","R","BOSS","M","?","M","M","$","E","R","$","T","M","M","R","$","M","R","BOSS"],"build_version":"2019-01-23","purchased_purges":4,"victory":true,"max_hp_per_floor":[75,75,75,75,75,75,75,75,75,75,75,75,75,75,75,75,80,85,90,90,90,90,90,90,90,90,90,90,90,90,90,90,90,90,90,90,90,90,90,90,90,90,90,90,90,90,90,90,90,90],"card_choices":[{"not_picked":["Sweeping Beam","Hello World"],"picked":"Capacitor","floor":1.0},{"not_picked":["Gash","Sweeping Beam","Steam"],"picked":"SKIP","floor":2.0},{"not_picked":["Sweeping Beam","Chaos","Gash"],"picked":"SKIP","floor":3.0},{"not_picked":["Sunder","Cold Snap"],"picked":"White Noise","floor":6.0},{"not_picked":["Amplify","Streamline"],"picked":"Defragment","floor":8.0},{"not_picked":["Steam","Tempest"],"picked":"Coolheaded","floor":11.0},{"not_picked":["Sunder","Coolheaded"],"picked":"Chaos","floor":13.0},{"not_picked":["Reboot","Seek"],"picked":"Rainbow","floor":16.0},{"not_picked":["Steam","Sunder"],"picked":"Capacitor","floor":17.0},{"not_picked":["Rebound","Melter"],"picked":"Steam+1","floor":18.0},{"not_picked":["Biased Cognition","Doom and Gloom","Stack"],"picked":"SKIP","floor":20.0},{"not_picked":["Compile Driver","Beam Cell"],"picked":"Barrage","floor":22.0},{"not_picked":["Hologram+1","Steam Power","Beam Cell"],"picked":"SKIP","floor":24.0},{"not_picked":["Ball Lightning+1","Reboot","Hello World"],"picked":"BootSequence","floor":28.0},{"not_picked":["Sunder","FTL","Streamline","Machine Learning"],"picked":"SKIP","floor":29.0},{"not_picked":["Gash","Cold Snap","Rip and Tear","Steam Power+1"],"picked":"SKIP","floor":31.0},{"not_picked":["Meteor Strike","All For One","Reboot"],"picked":"Buffer","floor":33.0},{"not_picked":["Redo+1","Chaos+1","Steam Power"],"picked":"Barrage+1","floor":35.0},{"not_picked":["Turbo+1","Streamline+1","FTL+1"],"picked":"Cold Snap+1","floor":37},{"not_picked":["Beam Cell","Melter+1","Sweeping Beam","Hologram+1"],"picked":"SKIP","floor":38},{"not_picked":["Aggregate","Chaos","Auto Shields","Force Field"],"picked":"SKIP","floor":40},{"not_picked":["Reinforced Body","Stack","Cold Snap","Compile Driver"],"picked":"SKIP","floor":44},{"not_picked":["Sweeping Beam+1","Redo+1","Conserve Battery+1"],"picked":"Chill+1","floor":45},{"not_picked":["Go for the Eyes","Sunder+1","Gash+1","Recycle+1"],"picked":"SKIP","floor":48}],"player_experience":1247714,"relics_obtained":[{"floor":6.0,"key":"Ginger"},{"floor":8.0,"key":"Cables"},{"floor":9.0,"key":"Mercury Hourglass"},{"floor":14.0,"key":"Shuriken"},{"floor":24.0,"key":"Question Card"},{"floor":26.0,"key":"Kunai"},{"floor":28.0,"key":"Red Mask"},{"floor":29.0,"key":"Blue Candle"},{"floor":40,"key":"Gremlin Horn"},{"floor":43,"key":"Art of War"}],"event_choices":[{"damage_healed":0.0,"max_hp_gain":0.0,"max_hp_loss":0.0,"gold_gain":0.0,"event_name":"Accursed Blacksmith","player_choice":"Forge","floor":5.0,"gold_loss":0.0,"damage_taken":0.0,"cards_upgraded":["Zap"]},{"damage_healed":0.0,"max_hp_gain":5.0,"max_hp_loss":0.0,"gold_gain":0.0,"event_name":"Forgotten Altar","player_choice":"Shed Blood","floor":19.0,"gold_loss":0.0,"damage_taken":21.0},{"damage_healed":0.0,"max_hp_gain":0.0,"max_hp_loss":0.0,"gold_gain":0.0,"event_name":"Masked Bandits","player_choice":"Fought Bandits","floor":28.0,"gold_loss":0.0,"damage_taken":0.0},{"damage_healed":0.0,"max_hp_gain":0.0,"max_hp_loss":0.0,"gold_gain":0.0,"cards_transformed":["Defend_B"],"event_name":"Transmorgrifier","player_choice":"Transformed","floor":30.0,"gold_loss":0.0,"damage_taken":0.0,"cards_obtained":["Seek"]},{"damage_healed":0,"gold_gain":0,"player_choice":"Memory 1","damage_taken":0,"max_hp_gain":0,"max_hp_loss":0,"event_name":"SensoryStone","floor":36,"gold_loss":0}],"is_beta":false,"boss_relics":[{"not_picked":["Calling Bell","Ectoplasm"],"picked":"Tiny House"},{"not_picked":["Black Star","Runic Dome"],"picked":"Inserter"}],"items_purged_floors":[21,39,42,47],"is_endless":false,"potions_floor_spawned":[2,8,16,22,29,31,33,37,38,44,45,48],"ascension_level":0}