{"gold_per_floor":[166,166,89,21,21,52,64,94,147,159,171,197,226,254,266,374,386,411,423,435,461,488,500],"floor_reached":23,"playtime":895,"items_purged":[],"score":241,"play_id":"8ac502c9-e682-4aa7-b0d0-a4be48751cf2","local_time":"20190617221551","is_ascension_mode":true,"campfire_choices":[{"floor":11,"key":"REST"},{"floor":15,"key":"REST"}],"neow_cost":"NONE","seed_source_timestamp":15185743933258,"circlet_count":0,"master_deck":["Strike_B","Strike_B","Strike_B","Strike_B","Defend_B+1","Defend_B","Defend_B","Zap","Dualcast","Turbo","White Noise","Storm","Defragment","Electrodynamics","Static Discharge","Steam","Ball Lightning","Defragment","Machine Learning","Ball Lightning","Capacitor","FTL"],"relics":["Tiny House","Oddly Smooth Stone","Orichalcum","StoneCalendar","MawBank","Sozu"],"potions_floor_usage":[6,8,14],"damage_taken":[{"damage":0,"enemies":"2 Louse","floor":1,"turns":2},{"damage":38,"enemies":"Gremlin Nob","floor":6,"turns":4},{"damage":0,"enemies":"Cultist","floor":7,"turns":3},{"damage":8,"enemies":"3 Sentries","floor":8,"turns":3},{"damage":13,"enemies":"Jaw Worm","floor":12,"turns":4},{"damage":1,"enemies":"2 Fungi Beasts","floor":13,"turns":3},{"damage":3,"enemies":"Large Slime","floor":14,"turns":3},{"damage":35,"enemies":"The Guardian","floor":16,"turns":7},{"damage":6,"enemies":"Chosen","floor":18,"turns":4},{"damage":2,"enemies":"Spheric Guardian","floor":21,"turns":3},{"damage":51,"enemies":"Shelled Parasite and Fungi","floor":22,"turns":4},{"damage":34,"enemies":"Book of Stabbing","floor":23,"turns":3}],"seed_played":"3100474106331228520","potions_obtained":[{"floor":0,"key":"FearPotion"},{"floor":1,"key":"FearPotion"},{"floor":6,"key":"SkillPotion"},{"floor":12,"key":"Weak Potion"}],"is_trial":false,"path_per_floor":["M","?","$","$","?","E","M","E","T","?","R","M","M","M","R","B",null,"M","?","?","M","M","E"],"character_chosen":"DEFECT","items_purchased":["Storm","Defragment"],"campfire_rested":2,"item_purchase_floors":[3,4],"current_hp_per_floor":[80,80,80,80,73,35,35,27,27,27,51,38,37,34,58,23,80,74,74,74,72,21,0],"gold":500,"neow_bonus":"BOSS_RELIC","is_prod":false,"is_daily":false,"chose_seed":false,"campfire_upgraded":0,"win_rate":0,"timestamp":1560824151,"path_taken":["M","?","?","$","?","E","M","E","T","?","R","M","M","M","R","BOSS","M","?","?","M","M","E"],"build_version":"2019-01-23","purchased_purges":0,"victory":false,"max_hp_per_floor":[80,80,80,80,80,80,80,80,80,80,80,80,80,80,80,80,80,80,80,80,80,80,80],"card_choices":[{"not_picked":["Static Discharge","Compile Driver"],"picked":"Turbo","floor":0},{"not_picked":["Gash","Static Discharge"],"picked":"White Noise","floor":1},{"not_picked":["Redo","Streamline"],"picked":"Electrodynamics","floor":6},{"not_picked":["Steam","Darkness","Barrage"],"picked":"SKIP","floor":7},{"not_picked":["Loop","Tempest"],"picked":"Static Discharge","floor":8},{"not_picked":["Beam Cell","Hologram"],"picked":"Steam","floor":12},{"not_picked":["Hologram","Sweeping Beam"],"picked":"Ball Lightning","floor":13},{"not_picked":["Hello World","Reinforced Body"],"picked":"Defragment","floor":14},{"not_picked":["Creative AI","Rainbow"],"picked":"Machine Learning","floor":16},{"not_picked":["Conserve Battery","Redo"],"picked":"Ball Lightning","floor":18},{"not_picked":["Fusion","Reprogram"],"picked":"FTL","floor":21},{"not_picked":["Go for the Eyes","Gash+1","Beam Cell+1"],"picked":"SKIP","floor":22}],"player_experience":416363,"relics_obtained":[{"floor":6,"key":"Orichalcum"},{"floor":8,"key":"StoneCalendar"},{"floor":9,"key":"MawBank"}],"event_choices":[{"damage_healed":0,"gold_gain":0,"player_choice":"Gave Potion","damage_taken":0,"relics_obtained":["Oddly Smooth Stone"],"max_hp_gain":0,"max_hp_loss":0,"event_name":"WeMeetAgain","floor":2,"gold_loss":0},{"cards_removed":["Defend_B"],"damage_healed":0,"gold_gain":0,"player_choice":"Card Removal","damage_taken":7,"max_hp_gain":0,"max_hp_loss":0,"event_name":"Golden Wing","floor":5,"gold_loss":0},{"damage_healed":0,"gold_gain":0,"player_choice":"Fled","damage_taken":0,"max_hp_gain":0,"max_hp_loss":0,"event_name":"Scrap Ooze","floor":10,"gold_loss":0},{"damage_healed":0,"gold_gain":0,"player_choice":"Ignored","damage_taken":0,"max_hp_gain":0,"max_hp_loss":0,"event_name":"Cursed Tome","floor":19,"gold_loss":0},{"damage_healed":0,"gold_gain":0,"player_choice":"Read","damage_taken":0,"max_hp_gain":0,"max_hp_loss":0,"event_name":"The Library","floor":20,"gold_loss":0,"cards_obtained":["Capacitor"]}],"is_beta":false,"boss_relics":[{"not_picked":["Snecko Eye","Coffee Dripper"],"picked":"Sozu"}],"items_purged_floors":[],"is_endless":false,"potions_floor_spawned":[1,6,12,18,22],"killed_by":"Book of Stabbing","ascension_level":4}