{"gold_per_floor":[18,34,47,64,81,81,116,116,116,41,60,73,101,113,113,113],"floor_reached":16,"playtime":1100,"items_purged":["Strike_R"],"score":162,"play_id":"2fb6ccdb-65bc-425d-84a8-f23c171913a0","local_time":"20190530194640","is_ascension_mode":true,"campfire_choices":[{"data":"Armaments","floor":6,"key":"SMITH"},{"data":"True Grit","floor":8,"key":"SMITH"},{"data":"Whirlwind","floor":15,"key":"SMITH"}],"neow_cost":"NO_GOLD","seed_source_timestamp":4312060022265754,"circlet_count":0,"master_deck":["Strike_R","Strike_R","Defend_R","Defend_R","Defend_R","Defend_R","Bash","Heavy Blade","Armaments+1","Twin Strike","True Grit+1","Flame Barrier","Impervious","Headbutt","Flex","Whirlwind+1"],"relics":["Burning Blood","Centennial Puzzle","Magic Flower","Meat on the Bone"],"potions_floor_usage":[7,13,13,16,16],"damage_taken":[{"damage":0,"enemies":"Small Slimes","floor":1,"turns":3},{"damage":6,"enemies":"2 Louse","floor":2,"turns":3},{"damage":6,"enemies":"Cultist","floor":3,"turns":3},{"damage":25,"enemies":"Gremlin Gang","floor":4,"turns":8},{"damage":11,"enemies":"Looter","floor":5,"turns":3},{"damage":41,"enemies":"Lagavulin","floor":7,"turns":6},{"damage":11,"enemies":"3 Louse","floor":11,"turns":7},{"damage":1,"enemies":"Blue Slaver","floor":12,"turns":6},{"damage":10,"enemies":"3 Sentries","floor":13,"turns":8},{"damage":2,"enemies":"2 Fungi Beasts","floor":14,"turns":4},{"damage":55,"enemies":"Slime Boss","floor":16,"turns":8}],"seed_played":"8435985591064849648","potions_obtained":[{"floor":1,"key":"Fire Potion"},{"floor":4,"key":"AttackPotion"},{"floor":11,"key":"LiquidBronze"},{"floor":12,"key":"SteroidPotion"},{"floor":13,"key":"Fire Potion"}],"is_trial":false,"path_per_floor":["M","M","M","M","M","R","E","R","T","$","M","M","E","M","R","B"],"character_chosen":"IRONCLAD","items_purchased":[],"campfire_rested":0,"item_purchase_floors":[],"current_hp_per_floor":[78,78,78,59,54,54,19,19,19,19,17,25,24,49,49,0],"gold":113,"neow_bonus":"REMOVE_TWO","is_prod":false,"is_daily":false,"chose_seed":false,"campfire_upgraded":3,"win_rate":0,"timestamp":1559260000,"path_taken":["M","M","M","M","M","R","E","R","T","$","M","M","E","M","R","BOSS"],"build_version":"2019-01-23","purchased_purges":1,"victory":false,"max_hp_per_floor":[80,80,80,80,80,80,80,80,80,80,80,80,80,80,80,80],"card_choices":[{"not_picked":["Dual Wield","Iron Wave","Clash"],"picked":"SKIP","floor":1},{"not_picked":["Warcry","Wild Strike"],"picked":"Heavy Blade","floor":2},{"not_picked":["Clothesline","Pommel Strike"],"picked":"Armaments","floor":3},{"not_picked":["Bloodletting","Dropkick"],"picked":"Twin Strike","floor":4},{"not_picked":["Heavy Blade","Sentinel"],"picked":"True Grit","floor":5},{"not_picked":["Rage","Infernal Blade"],"picked":"Flame Barrier","floor":7},{"not_picked":["Anger","Corruption"],"picked":"Impervious","floor":11},{"not_picked":["Evolve","Clash"],"picked":"Headbutt","floor":12},{"not_picked":["Hemokinesis","Body Slam"],"picked":"Flex","floor":13},{"not_picked":["Corruption","Perfected Strike"],"picked":"Whirlwind","floor":14}],"player_experience":185358,"relics_obtained":[{"floor":7,"key":"Centennial Puzzle"},{"floor":9,"key":"Magic Flower"},{"floor":13,"key":"Meat on the Bone"}],"event_choices":[],"is_beta":false,"boss_relics":[],"items_purged_floors":[10],"is_endless":false,"potions_floor_spawned":[1,4,11,12,13],"killed_by":"Slime Boss","ascension_level":8}