{"gold_per_floor":[112,112,122,133,65,65,65,76,76,107,107,107,119,132,132,228,228,238,238],"floor_reached":19,"playtime":611,"items_purged":[],"score":169,"play_id":"920f1f45-a509-4b36-b3d6-05fc84e6a719","local_time":"20190212234944","is_ascension_mode":false,"campfire_choices":[{"data":"Defragment","floor":6.0,"key":"SMITH"},{"data":"Zap","floor":12.0,"key":"SMITH"},{"data":"Buffer","floor":15.0,"key":"SMITH"}],"neow_cost":"NONE","seed_source_timestamp":0,"circlet_count":0,"master_deck":["Strike_B","Strike_B","Strike_B","Defend_B","Defend_B","Defend_B","Defend_B","Zap+1","Dualcast+1","Defragment+1","Buffer+1"],"special_seed":0,"relics":["Cracked Core","Sundial","Gambling Chip","Anchor","Philosopher\u0027s Stone"],"potions_floor_usage":[],"damage_taken":[{"damage":0.0,"enemies":"Small Slimes","floor":1.0,"turns":3.0},{"damage":1.0,"enemies":"Cultist","floor":3.0,"turns":3.0},{"damage":0.0,"enemies":"2 Louse","floor":4.0,"turns":3.0},{"damage":10.0,"enemies":"2 Fungi Beasts","floor":8.0,"turns":5.0},{"damage":47.0,"enemies":"3 Sentries","floor":10.0,"turns":9.0},{"damage":0.0,"enemies":"3 Louse","floor":13.0,"turns":2.0},{"damage":1.0,"enemies":"Large Slime","floor":14.0,"turns":4.0},{"damage":13.0,"enemies":"The Guardian","floor":16.0,"turns":14.0},{"damage":0.0,"enemies":"Chosen","floor":18.0,"turns":4.0},{"damage":34,"enemies":"3 Byrds","floor":19,"turns":4}],"seed_played":"-5999626196484476535","potions_obtained":[{"floor":3.0,"key":"FocusPotion"},{"floor":8.0,"key":"EntropicBrew"},{"floor":10.0,"key":"Weak Potion"}],"is_trial":false,"path_per_floor":["M","?","M","M","$","R","$","M","T","E","T","R","M","M","R","B",null,"M","M"],"character_chosen":"DEFECT","items_purchased":["Defragment"],"campfire_rested":0,"item_purchase_floors":[5],"current_hp_per_floor":[75,75,74,74,74,74,74,64,64,17,17,17,17,16,16,3,75,75,41],"gold":238,"neow_bonus":"UPGRADE_CARD","is_prod":false,"is_daily":false,"chose_seed":false,"campfire_upgraded":3,"win_rate":0,"timestamp":1550015384,"path_taken":["M","?","M","M","$","R","$","?","T","E","?","R","M","M","R","BOSS","M","?"],"build_version":"2019-01-23","purchased_purges":0,"victory":false,"max_hp_per_floor":[75,75,75,75,75,75,75,75,75,75,75,75,75,75,75,75,75,75,75],"card_choices":[{"not_picked":["Beam Cell","Compile Driver","Loop"],"picked":"SKIP","floor":1.0},{"not_picked":["Gash","Redo","All For One"],"picked":"SKIP","floor":3.0},{"not_picked":["Doom and Gloom","Chaos","Aggregate"],"picked":"SKIP","floor":4.0},{"not_picked":["Redo","Skim","Go for the Eyes"],"picked":"SKIP","floor":8.0},{"not_picked":["Stack","Aggregate","Turbo"],"picked":"SKIP","floor":10.0},{"not_picked":["Beam Cell","Storm","Rebound"],"picked":"SKIP","floor":13.0},{"not_picked":["Redo","Cold Snap"],"picked":"Buffer","floor":14.0},{"not_picked":["Double Energy+1","Storm","Gash"],"picked":"SKIP","floor":18.0}],"player_experience":1031150,"relics_obtained":[{"floor":9.0,"key":"Sundial"},{"floor":10.0,"key":"Gambling Chip"},{"floor":11.0,"key":"Anchor"}],"event_choices":[{"cards_removed":["Strike_B"],"damage_healed":0.0,"max_hp_gain":0.0,"max_hp_loss":0.0,"gold_gain":0.0,"event_name":"Bonfire Elementals","player_choice":"Offered Basic","floor":2.0,"gold_loss":0.0,"damage_taken":0.0}],"is_beta":false,"boss_relics":[{"not_picked":["Black Star","Runic Dome"],"picked":"Philosopher\u0027s Stone"}],"items_purged_floors":[],"is_endless":false,"potions_floor_spawned":[3,8,10],"killed_by":"3 Byrds","ascension_level":0}