{"gold_per_floor":[117,117,117,117,92,92,125,125,125,50,65,83,83,83,83,188,188,198,198,158,176,188,188,188,220,220,240,240,5,35,35,35,132,132,150,150,166,166,166,166,186,205,205,47,47,47,47,59,59,59],"floor_reached":51,"playtime":1326,"items_purged":["Defend_B","Defend_B","Strike_B+1"],"score":729,"play_id":"e92b69a1-67d1-4a71-a18a-f91d0706834e","local_time":"20190505213254","is_ascension_mode":false,"campfire_choices":[{"data":"Dualcast","floor":6.0,"key":"SMITH"},{"data":"Zap","floor":8.0,"key":"SMITH"},{"data":"Strike_B","floor":15,"key":"SMITH"},{"data":"Electrodynamics","floor":23,"key":"SMITH"},{"data":"Reboot","floor":28,"key":"SMITH"},{"data":"Strike_B","floor":32,"key":"SMITH"},{"data":"Panache","floor":40,"key":"SMITH"},{"data":"Blizzard","floor":46,"key":"SMITH"},{"data":"Glacier","floor":49,"key":"SMITH"}],"neow_cost":"NONE","seed_source_timestamp":1294482949628366,"circlet_count":0,"master_deck":["Strike_B+1","Defend_B+1","Zap+1","Dualcast+1","Conserve Battery+1","Glacier+1","Electrodynamics+1","Chill+1","Capacitor+1","Chill+1","Reboot+1","Cold Snap+1","Chaos+1","Amplify+1","Loop+1","Panache+1","Blizzard+1","Capacitor+1"],"special_seed":0,"relics":["Cracked Core","Shuriken","Letter Opener","Ornamental Fan","Omamori","Sozu","Mummified Hand","Strawberry","The Courier","Lee\u0027s Waffle","Blood Vial","Astrolabe","Symbiotic Virus"],"potions_floor_usage":[50],"damage_taken":[{"damage":0.0,"enemies":"2 Louse","floor":1.0,"turns":2.0},{"damage":29.0,"enemies":"Gremlin Nob","floor":7.0,"turns":4.0},{"damage":0.0,"enemies":"Small Slimes","floor":11.0,"turns":3.0},{"damage":0.0,"enemies":"Cultist","floor":12.0,"turns":3.0},{"damage":18,"enemies":"The Guardian","floor":16,"turns":13},{"damage":0,"enemies":"Chosen","floor":18,"turns":4},{"damage":0,"enemies":"3 Byrds","floor":21,"turns":3},{"damage":7,"enemies":"Centurion and Healer","floor":22,"turns":8},{"damage":3,"enemies":"Slavers","floor":25,"turns":4},{"damage":0,"enemies":"Chosen and Byrds","floor":27,"turns":6},{"damage":0,"enemies":"Gremlin Leader","floor":30,"turns":7},{"damage":27,"enemies":"Collector","floor":33,"turns":15},{"damage":0,"enemies":"3 Darklings","floor":35,"turns":2},{"damage":4,"enemies":"3 Shapes","floor":37,"turns":5},{"damage":0,"enemies":"Sphere and 2 Shapes","floor":41,"turns":4},{"damage":0,"enemies":"3 Darklings","floor":42,"turns":1},{"damage":0,"enemies":"Jaw Worm Horde","floor":48,"turns":2},{"damage":48,"enemies":"Time Eater","floor":50,"turns":10}],"seed_played":"-7495267086063710863","potions_obtained":[{"floor":7.0,"key":"PowerPotion"}],"is_trial":false,"path_per_floor":["M","?","?","?","$","R","E","R","T","$","M","M","?","?","R","B",null,"M","$","?","M","M","R","?","E","T","M","R","$","E","$","R","B",null,"M","$","M","?","?","R","M","M","T","$","?","R","$","M","R","B",null],"character_chosen":"DEFECT","items_purchased":["Conserve Battery","Lee\u0027s Waffle","Blizzard"],"campfire_rested":0,"item_purchase_floors":[5,29,44],"current_hp_per_floor":[82,87,69,69,69,69,40,40,40,40,40,40,23,23,23,5,87,87,87,87,87,80,80,80,84,84,84,84,101,101,101,101,74,101,101,101,97,97,97,97,99,101,101,101,101,101,101,101,101,53],"gold":59,"neow_bonus":"TEN_PERCENT_HP_BONUS","is_prod":false,"is_daily":false,"chose_seed":false,"campfire_upgraded":9,"win_rate":0,"timestamp":1557088374,"path_taken":["M","?","?","?","$","R","E","R","T","$","M","M","?","?","R","BOSS","M","$","?","M","?","R","?","E","T","M","R","$","E","$","R","BOSS","M","$","M","?","?","R","M","M","T","$","?","R","?","M","R","BOSS"],"build_version":"2019-01-23","purchased_purges":3,"victory":true,"max_hp_per_floor":[82,87,87,87,87,87,87,87,87,87,87,87,87,87,87,87,87,87,87,87,87,87,87,87,94,94,94,94,101,101,101,101,101,101,101,101,101,101,101,101,101,101,101,101,101,101,101,101,101,101],"card_choices":[{"not_picked":["Sweeping Beam","Beam Cell","Barrage"],"picked":"SKIP","floor":1.0},{"not_picked":["Barrage","Hologram"],"picked":"Conserve Battery","floor":7.0},{"not_picked":["Rip and Tear","Beam Cell","Sweeping Beam"],"picked":"SKIP","floor":11.0},{"not_picked":["Turbo","Compile Driver"],"picked":"Glacier","floor":12.0},{"not_picked":["Creative AI","Hyperbeam"],"picked":"Electrodynamics","floor":16},{"not_picked":["Steam","Stack+1"],"picked":"Chill+1","floor":18},{"not_picked":["Coolheaded","Stack+1"],"picked":"Capacitor+1","floor":21},{"not_picked":["Barrage","Sweeping Beam"],"picked":"Chill+1","floor":22},{"not_picked":["Turbo+1","Redo"],"picked":"Reboot","floor":25},{"not_picked":["Streamline","Turbo"],"picked":"Cold Snap+1","floor":27},{"not_picked":["Conserve Battery+1","Cold Snap","Redo+1"],"picked":"SKIP","floor":30},{"not_picked":["BootSequence+1","Go for the Eyes","Redo"],"picked":"SKIP","floor":35},{"not_picked":["Auto Shields","Gash","Turbo"],"picked":"SKIP","floor":37},{"not_picked":["Jack Of All Trades","Trip"],"picked":"Panache","floor":38},{"not_picked":["Coolheaded","Reinforced Body+1","Beam Cell+1"],"picked":"SKIP","floor":41},{"not_picked":["Beam Cell+1","Reprogram+1","Leap+1"],"picked":"SKIP","floor":42},{"not_picked":["Coolheaded","Ball Lightning"],"picked":"Capacitor+1","floor":48}],"player_experience":1218940,"relics_obtained":[{"floor":7.0,"key":"Letter Opener"},{"floor":9.0,"key":"Ornamental Fan"},{"floor":25,"key":"Strawberry"},{"floor":26,"key":"The Courier"},{"floor":30,"key":"Blood Vial"},{"floor":43,"key":"Symbiotic Virus"}],"event_choices":[{"damage_healed":0.0,"max_hp_gain":5.0,"max_hp_loss":0.0,"gold_gain":0.0,"event_name":"Big Fish","player_choice":"Donut","floor":2.0,"gold_loss":0.0,"damage_taken":0.0},{"damage_healed":0.0,"max_hp_gain":0.0,"max_hp_loss":0.0,"gold_gain":0.0,"event_name":"Scrap Ooze","player_choice":"Success","floor":3.0,"gold_loss":0.0,"damage_taken":18.0,"relics_obtained":["Shuriken"]},{"damage_healed":0.0,"max_hp_gain":0.0,"max_hp_loss":0.0,"gold_gain":0.0,"event_name":"The Cleric","player_choice":"Leave","floor":4.0,"gold_loss":0.0,"damage_taken":0.0},{"damage_healed":0.0,"max_hp_gain":0.0,"max_hp_loss":0.0,"gold_gain":0.0,"event_name":"Shining Light","player_choice":"Entered Light","floor":13.0,"gold_loss":0.0,"damage_taken":17.0,"cards_upgraded":["Defend_B","Strike_B"]},{"damage_healed":0,"gold_gain":0,"player_choice":"Searched \u00272\u0027 times","damage_taken":0,"relics_obtained":["Omamori"],"max_hp_gain":0,"max_hp_loss":0,"event_name":"Dead Adventurer","floor":14,"gold_loss":0},{"damage_healed":0,"gold_gain":0,"player_choice":"Upgraded Two","damage_taken":0,"max_hp_gain":0,"max_hp_loss":0,"event_name":"Designer","floor":20,"gold_loss":40,"cards_upgraded":["Conserve Battery","Strike_B"]},{"damage_healed":0,"gold_gain":0,"player_choice":"Opened","damage_taken":0,"relics_obtained":["Mummified Hand"],"max_hp_gain":0,"max_hp_loss":0,"event_name":"The Mausoleum","floor":24,"gold_loss":0},{"damage_healed":0,"gold_gain":0,"player_choice":"Memory 1","damage_taken":0,"max_hp_gain":0,"max_hp_loss":0,"event_name":"SensoryStone","floor":38,"gold_loss":0},{"damage_healed":0,"gold_gain":0,"player_choice":"Ignored","damage_taken":0,"max_hp_gain":0,"max_hp_loss":0,"event_name":"Tomb of Lord Red Mask","floor":39,"gold_loss":0},{"cards_removed":["Strike_B"],"damage_healed":0,"gold_gain":0,"player_choice":"Removed Attack","damage_taken":0,"max_hp_gain":0,"max_hp_loss":0,"event_name":"Falling","floor":45,"gold_loss":0}],"is_beta":false,"boss_relics":[{"not_picked":["Ectoplasm","Eternal Feather"],"picked":"Sozu"},{"not_picked":["Velvet Choker","Tiny House"],"picked":"Astrolabe"}],"items_purged_floors":[10,29,44],"is_endless":false,"potions_floor_spawned":[7,18,21,30,37,42,48],"ascension_level":0}