{"path_per_floor":["M","M","M","M","M","E","R","E","T","?","R","$","R","M","R","B",null,"M","M","$","?","M","R","M","R","T","?","M"],"character_chosen":"IRONCLAD","items_purchased":["Paper Frog","Flex","Strength Potion"],"gold_per_floor":[118,137,147,162,175,210,210,236,305,264,264,25,25,43,43,146,146,156,172,98,98,113,113,126,126,126,126,137,137],"floor_reached":29,"campfire_rested":4,"playtime":2786,"item_purchase_floors":[12,20,20],"current_hp_per_floor":[80,80,74,60,54,45,69,48,48,48,48,48,72,77,77,15,80,50,40,40,40,20,44,17,41,41,41,22,0],"items_purged":[],"gold":137,"score":237,"play_id":"87bd42d1-a9c2-4ed8-bf00-7960e642d910","local_time":"20180607010157","is_prod":false,"is_daily":false,"chose_seed":false,"is_ascension_mode":false,"campfire_upgraded":2,"win_rate":0,"timestamp":1528329717,"campfire_choices":[{"floor":7,"key":"REST"},{"data":"Combust","floor":11,"key":"SMITH"},{"floor":13,"key":"REST"},{"data":"Flex","floor":15,"key":"SMITH"},{"floor":23,"key":"REST"},{"floor":25,"key":"REST"}],"path_taken":["M","M","?","M","M","E","R","E","T","?","R","$","R","M","R","BOSS","M","M","$","?","?","R","M","R","T","?","M","?"],"build_version":"2018-05-31","seed_source_timestamp":525017194423437,"purchased_purges":0,"victory":false,"master_deck":["Strike_R+1","Strike_R+1","Strike_R+1","Strike_R+1","Strike_R+1","Defend_R+1","Defend_R+1","Defend_R+1","Bash","Havoc","Flex+1","Heavy Blade","Wild Strike","Cleave","Combust+1","Twin Strike","Iron Wave","Brutality","Hemokinesis","Shockwave","Headbutt","Immolate","True Grit","Heavy Blade+1","Rupture","Flex","Clash","Dropkick"],"max_hp_per_floor":[80,80,80,80,80,80,80,80,80,80,80,80,80,80,80,80,80,80,80,80,80,80,80,80,80,80,80,80,80],"relics":["Burning Blood","Smiling Mask","Bag of Marbles","Bottled Tornado","Paper Frog","Orrery","Frozen Egg 2"],"card_choices":[{"not_picked":["Anger","Twin Strike"],"picked":"Flex","floor":1},{"not_picked":["Whirlwind","Flame Barrier"],"picked":"Heavy Blade","floor":2},{"not_picked":["Seeing Red","Flex"],"picked":"Wild Strike","floor":3},{"not_picked":["Clash","Clothesline"],"picked":"Warcry","floor":4},{"not_picked":["Corruption","Burning Pact"],"picked":"Cleave","floor":5},{"not_picked":["Heavy Blade","Iron Wave"],"picked":"Combust","floor":6},{"not_picked":["Thunderclap","Burning Pact"],"picked":"Twin Strike","floor":8},{"not_picked":["Uppercut","Perfected Strike"],"picked":"Iron Wave","floor":14},{"not_picked":["Limit Break","Offering"],"picked":"Brutality","floor":16},{"not_picked":["Shrug It Off","Warcry"],"picked":"Hemokinesis","floor":17},{"not_picked":["Cleave","Body Slam"],"picked":"Shockwave","floor":17},{"not_picked":["Sentinel","Iron Wave"],"picked":"Headbutt","floor":17},{"not_picked":["Clash","Iron Wave"],"picked":"Immolate","floor":17},{"not_picked":["Twin Strike","Clothesline"],"picked":"True Grit","floor":17},{"not_picked":["Body Slam+1","Headbutt"],"picked":"Heavy Blade+1","floor":18},{"not_picked":["Perfected Strike","Sever Soul"],"picked":"Rupture","floor":19},{"not_picked":["Warcry","Flex","Searing Blow"],"picked":"SKIP","floor":22},{"not_picked":["Cleave+1","Rupture+1"],"picked":"Clash","floor":24},{"not_picked":["Seeing Red","Feel No Pain+1"],"picked":"Dropkick","floor":28}],"player_experience":311794,"potions_floor_usage":[16,16,24,24],"damage_taken":[{"damage":6,"enemies":"Cultist","floor":1,"turns":3},{"damage":6,"enemies":"Jaw Worm","floor":2,"turns":3},{"damage":12,"enemies":"2 Louse","floor":3,"turns":3},{"damage":20,"enemies":"Looter","floor":4,"turns":3},{"damage":12,"enemies":"Blue Slaver","floor":5,"turns":2},{"damage":15,"enemies":"Gremlin Nob","floor":6,"turns":4},{"damage":27,"enemies":"3 Sentries","floor":8,"turns":5},{"damage":1,"enemies":"Gremlin Gang","floor":14,"turns":1},{"damage":82,"enemies":"The Guardian","floor":16,"turns":9},{"damage":36,"enemies":"Shell Parasite","floor":18,"turns":4},{"damage":16,"enemies":"Chosen","floor":19,"turns":3},{"damage":26,"enemies":"Snake Plant","floor":22,"turns":2},{"damage":33,"enemies":"Slaver and Parasite","floor":24,"turns":3},{"damage":25,"enemies":"Sentry and Sphere","floor":28,"turns":4},{"damage":22,"enemies":"Snake Plant","floor":29,"turns":1}],"relics_obtained":[{"floor":6,"key":"Smiling Mask"},{"floor":8,"key":"Bag of Marbles"},{"floor":9,"key":"Bottled Tornado"},{"floor":26,"key":"Frozen Egg 2"}],"event_choices":[{"event_name":"World of Goop","player_choice":"Left","floor":10,"damage_taken":0},{"event_name":"Back to Basics","player_choice":"Simplicity","floor":21,"damage_taken":0},{"event_name":"Purifier","player_choice":"One Purge","floor":27,"damage_taken":0}],"boss_relics":[{"not_picked":["Runic Dome","Snecko Eye"],"picked":"Orrery"}],"items_purged_floors":[],"potions_floor_spawned":[2,3,5,8,16,19],"seed_played":"-4534390022108356426","killed_by":"Snake Plant","ascension_level":0,"potions_obtained":[{"floor":2,"key":"EssenceOfSteel"},{"floor":3,"key":"PowerPotion"},{"floor":5,"key":"Regen Potion"},{"floor":8,"key":"SteroidPotion"},{"floor":16,"key":"GamblersBrew"},{"floor":19,"key":"AttackPotion"}],"is_trial":false}