{"gold_per_floor":[113,125,125,136,136,136,156,191,191,191,223,239,239,259,259,355,355,365,365],"floor_reached":19,"playtime":518,"items_purged":[],"score":179,"play_id":"c66a3ae5-f203-4bc6-b234-d6e179dc6a0e","local_time":"20190511004007","is_ascension_mode":false,"campfire_choices":[{"data":"Dualcast","floor":6.0,"key":"SMITH"},{"data":"Zap","floor":10,"key":"SMITH"},{"data":"FTL","floor":13,"key":"SMITH"},{"data":"Cold Snap","floor":15,"key":"SMITH"}],"neow_cost":"NONE","seed_source_timestamp":1738495002281002,"circlet_count":0,"master_deck":["Strike_B","Strike_B","Strike_B","Strike_B","Defend_B","Defend_B","Defend_B","Zap+1","Dualcast+1","FTL+1","Conserve Battery","Cold Snap+1","Chill","Rainbow"],"special_seed":0,"relics":["FrozenCore","Gremlin Horn","Girya","Gambling Chip"],"potions_floor_usage":[],"damage_taken":[{"damage":0.0,"enemies":"Jaw Worm","floor":1.0,"turns":3.0},{"damage":0.0,"enemies":"Small Slimes","floor":2.0,"turns":2.0},{"damage":0.0,"enemies":"Cultist","floor":4.0,"turns":3.0},{"damage":0,"enemies":"Exordium Thugs","floor":7,"turns":4},{"damage":26,"enemies":"Lagavulin","floor":8,"turns":6},{"damage":6,"enemies":"3 Sentries","floor":11,"turns":7},{"damage":0,"enemies":"Large Slime","floor":12,"turns":3},{"damage":0,"enemies":"2 Fungi Beasts","floor":14,"turns":3},{"damage":40,"enemies":"Hexaghost","floor":16,"turns":12},{"damage":0,"enemies":"Shell Parasite","floor":18,"turns":6}],"seed_played":"-5857445480150853047","potions_obtained":[{"floor":1.0,"key":"SpeedPotion"},{"floor":7,"key":"LiquidBronze"},{"floor":8,"key":"Poison Potion"}],"is_trial":false,"path_per_floor":["M","M","$","M","?","R","M","E","T","R","E","M","R","M","R","B",null,"M","$"],"character_chosen":"DEFECT","items_purchased":[],"campfire_rested":0,"item_purchase_floors":[],"current_hp_per_floor":[82,82,82,82,75,75,75,49,49,49,43,43,43,43,43,3,82,82,82],"gold":365,"neow_bonus":"TEN_PERCENT_HP_BONUS","is_prod":false,"is_daily":false,"chose_seed":false,"campfire_upgraded":4,"win_rate":0,"timestamp":1557531607,"path_taken":["M","M","$","M","?","R","M","E","T","R","E","M","R","M","R","BOSS","M","$"],"build_version":"2019-01-23","purchased_purges":0,"victory":false,"max_hp_per_floor":[82,82,82,82,82,82,82,82,82,82,82,82,82,82,82,82,82,82,82],"card_choices":[{"not_picked":["Compile Driver","Rip and Tear"],"picked":"FTL","floor":1.0},{"not_picked":["Streamline","Stack"],"picked":"Conserve Battery","floor":2.0},{"not_picked":["Doom and Gloom","Leap","Redo"],"picked":"SKIP","floor":4.0},{"not_picked":["Reprogram","Recycle","Aggregate"],"picked":"SKIP","floor":7},{"not_picked":["Force Field","Double Energy"],"picked":"Cold Snap","floor":8},{"not_picked":["Fusion","Beam Cell","Force Field"],"picked":"SKIP","floor":11},{"not_picked":["Go for the Eyes","Steam"],"picked":"Chill","floor":12},{"not_picked":["Turbo","Force Field","Leap"],"picked":"SKIP","floor":14},{"not_picked":["Seek","Fission"],"picked":"Rainbow","floor":16},{"not_picked":["Leap","Stack","Double Energy"],"picked":"SKIP","floor":18}],"player_experience":1230603,"relics_obtained":[{"floor":8,"key":"Gremlin Horn"},{"floor":9,"key":"Girya"},{"floor":11,"key":"Gambling Chip"}],"event_choices":[{"cards_removed":["Defend_B"],"damage_healed":0.0,"max_hp_gain":0.0,"max_hp_loss":0.0,"gold_gain":0.0,"event_name":"Golden Wing","player_choice":"Card Removal","floor":5.0,"gold_loss":0.0,"damage_taken":7.0}],"is_beta":false,"boss_relics":[{"not_picked":["Tiny House","Ectoplasm"],"picked":"FrozenCore"}],"items_purged_floors":[],"is_endless":false,"potions_floor_spawned":[1,7,8,11,16,18],"ascension_level":0}