{"gold_per_floor":[123,153,182,208,220,232,279,291,372,410,422,434,480,505,517,624,636,666,678,700,722,734,801,813,856,868,880,921,948,1013,34,34,134,134,152,167,127,137,149,149,179,195,267,267,367,402,417,417,417,417,417,417,12,47,47],"floor_reached":56,"playtime":5986,"items_purged":["Double Energy"],"score":1511,"play_id":"2f853927-85cd-4793-87f9-f04ae17e9d12","local_time":"20190621003205","is_ascension_mode":true,"campfire_choices":[{"data":"Redo","floor":6.0,"key":"SMITH"},{"data":"Conserve Battery","floor":8.0,"key":"SMITH"},{"floor":15.0,"key":"RECALL"},{"data":"Rainbow","floor":24.0,"key":"SMITH"},{"data":"Aggregate","floor":27.0,"key":"SMITH"},{"floor":32.0,"key":"REST"},{"data":"Zap","floor":40.0,"key":"SMITH"},{"data":"Leap","floor":44.0,"key":"SMITH"},{"data":"Defragment","floor":49.0,"key":"SMITH"},{"data":"Fission","floor":52.0,"key":"SMITH"}],"neow_cost":"NONE","seed_source_timestamp":0,"circlet_count":0,"master_deck":["Zap+1","Dualcast","Redo+1","Coolheaded","Leap+1","Ball Lightning+1","Conserve Battery+1","Rebound+1","Parasite","Rainbow+1","Leap+1","Hyperbeam+1","Electrodynamics","Hello World","Cold Snap+1","Electrodynamics","Doom and Gloom+1","Turbo","Buffer","Stack+1","Conserve Battery+1","Streamline+1","Ball Lightning+1","Rebound+1","Aggregate+1","Fission+1","Beam Cell+1","Melter+1","Ball Lightning+1","Seek+1","Loop+1","Leap+1","Tempest+1","Stack+1","Sweeping Beam+1","Shame","Rebound+1","Ball Lightning+1","Defragment+1","Flash of Steel+1","Rip and Tear+1","Reinforced Body"],"special_seed":0,"relics":["Cracked Core","MawBank","Gambling Chip","Matryoshka","Bag of Preparation","Du-Vu Doll","Molten Egg 2","Pandora\u0027s Box","MutagenicStrength","Tiny Chest","Whetstone","Mummified Hand","The Courier","Bag of Marbles","Oddly Smooth Stone","Pen Nib","Happy Flower","Shuriken","Anchor","Potion Belt","Nunchaku","Cursed Key","Orichalcum","Dodecahedron","Calipers","Strawberry","War Paint"],"potions_floor_usage":[54,55,55,55,55,55,55,55,55],"damage_taken":[{"damage":0.0,"enemies":"Cultist","floor":1.0,"turns":4.0},{"damage":0.0,"enemies":"Small Slimes","floor":2.0,"turns":3.0},{"damage":9.0,"enemies":"2 Louse","floor":3.0,"turns":3.0},{"damage":16.0,"enemies":"Exordium Wildlife","floor":4.0,"turns":5.0},{"damage":10.0,"enemies":"Lagavulin","floor":7.0,"turns":5.0},{"damage":19.0,"enemies":"3 Sentries","floor":10.0,"turns":8.0},{"damage":8.0,"enemies":"Lagavulin","floor":13.0,"turns":5.0},{"damage":4.0,"enemies":"Looter","floor":14.0,"turns":2.0},{"damage":16.0,"enemies":"The Guardian","floor":16.0,"turns":12.0},{"damage":6.0,"enemies":"3 Byrds","floor":18.0,"turns":2.0},{"damage":0.0,"enemies":"Spheric Guardian","floor":20.0,"turns":3.0},{"damage":0.0,"enemies":"Snecko","floor":21.0,"turns":4.0},{"damage":7.0,"enemies":"Book of Stabbing","floor":23.0,"turns":4.0},{"damage":24.0,"enemies":"Slavers","floor":25.0,"turns":3.0},{"damage":24.0,"enemies":"Book of Stabbing","floor":28.0,"turns":5.0},{"damage":5.0,"enemies":"Cultist and Chosen","floor":29.0,"turns":5.0},{"damage":15.0,"enemies":"Automaton","floor":33.0,"turns":6.0},{"damage":0.0,"enemies":"3 Shapes","floor":35.0,"turns":1.0},{"damage":0.0,"enemies":"3 Darklings","floor":36.0,"turns":1.0},{"damage":0.0,"enemies":"Jaw Worm Horde","floor":38.0,"turns":2.0},{"damage":18.0,"enemies":"Maw","floor":39.0,"turns":5.0},{"damage":12.0,"enemies":"Reptomancer","floor":41.0,"turns":3.0},{"damage":0.0,"enemies":"Sphere and 2 Shapes","floor":42.0,"turns":1.0},{"damage":17.0,"enemies":"Mind Bloom Boss Battle","floor":45.0,"turns":4.0},{"damage":0.0,"enemies":"Nemesis","floor":46.0,"turns":1.0},{"damage":0.0,"enemies":"3 Darklings","floor":47.0,"turns":1.0},{"damage":32.0,"enemies":"Time Eater","floor":50.0,"turns":4.0},{"damage":3,"enemies":"Shield and Spear","floor":54,"turns":3},{"damage":71,"enemies":"The Heart","floor":55,"turns":7}],"seed_played":"7993939782163738166","potions_obtained":[{"floor":3.0,"key":"GamblersBrew"},{"floor":7.0,"key":"Fruit Juice"},{"floor":14.0,"key":"PowerPotion"},{"floor":20.0,"key":"GamblersBrew"},{"floor":21.0,"key":"LiquidBronze"},{"floor":23.0,"key":"Weak Potion"},{"floor":28.0,"key":"Explosive Potion"},{"floor":35.0,"key":"AttackPotion"},{"floor":42.0,"key":"AttackPotion"},{"floor":45.0,"key":"FearPotion"},{"floor":46.0,"key":"Explosive Potion"},{"floor":47.0,"key":"Ancient Potion"}],"is_trial":false,"path_per_floor":["M","M","M","M","?","R","E","R","T","E","?","?","E","M","R","B",null,"M","?","M","M","?","E","R","E","T","R","E","M","T","$","R","B",null,"M","M","?","M","M","R","E","M","T","R","?","E","M","?","R","B",null,"R","$","E","B",null],"character_chosen":"DEFECT","items_purchased":["Pen Nib","Melter+1","Ball Lightning+1","Happy Flower","Shuriken","Anchor","Potion Belt","Nunchaku","Swift Potion","EntropicBrew","FocusPotion","LiquidBronze","Dexterity Potion","Rip and Tear+1"],"campfire_rested":1,"item_purchase_floors":[31,31,31,31,31,31,31,31,53,53,53,53,53,53],"current_hp_per_floor":[75,75,66,50,55,55,45,45,45,31,24,45,37,33,33,17,85,79,79,79,79,79,72,72,48,48,48,24,19,19,19,44,29,85,85,85,85,85,67,67,55,55,55,55,38,45,45,45,45,13,92,92,92,89,18],"gold":47,"neow_bonus":"RANDOM_COMMON_RELIC","is_prod":false,"is_daily":false,"chose_seed":false,"campfire_upgraded":8,"win_rate":0,"timestamp":1561095125,"path_taken":["M","M","M","M","?","R","E","R","T","E","?","?","E","M","R","BOSS","M","?","M","M","?","E","R","E","T","R","E","M","?","$","R","BOSS","M","M","?","?","M","R","E","M","T","R","?","E","M","?","R","BOSS","R","$","E","BOSS"],"build_version":"2019-01-23","purchased_purges":1,"victory":true,"max_hp_per_floor":[75,75,75,75,80,80,80,80,80,85,85,85,85,85,85,85,85,85,85,85,85,85,85,85,85,85,85,85,85,85,85,85,85,85,85,85,85,85,85,85,85,85,85,85,85,92,92,92,92,92,92,92,92,92,92],"card_choices":[{"not_picked":["Compile Driver","Rip and Tear"],"picked":"Redo","floor":1.0},{"not_picked":["Reinforced Body","Force Field"],"picked":"Coolheaded","floor":2.0},{"not_picked":["Tempest","Rebound"],"picked":"Leap","floor":3.0},{"not_picked":["Skim","Coolheaded"],"picked":"Ball Lightning","floor":4.0},{"not_picked":["Rebound","Sweeping Beam"],"picked":"Conserve Battery","floor":7.0},{"not_picked":["Storm","Reinforced Body"],"picked":"Rebound","floor":10.0},{"not_picked":["Chaos","Lockon"],"picked":"Rainbow","floor":13.0},{"not_picked":["Darkness","Stack"],"picked":"Leap","floor":14.0},{"not_picked":["Multi-Cast","All For One+1"],"picked":"Hyperbeam+1","floor":16.0},{"not_picked":["Go for the Eyes+1","Storm"],"picked":"Stack","floor":18.0},{"not_picked":["Hologram","Leap"],"picked":"Streamline+1","floor":20.0},{"not_picked":["Redo","Loop"],"picked":"Ball Lightning+1","floor":21.0},{"not_picked":["Fusion","Coolheaded"],"picked":"Rebound+1","floor":23.0},{"not_picked":["Hello World","FTL+1"],"picked":"Aggregate","floor":25.0},{"not_picked":["Coolheaded","Darkness"],"picked":"Fission","floor":28.0},{"not_picked":["Barrage+1","Streamline+1"],"picked":"Beam Cell+1","floor":29.0},{"not_picked":["Reboot","Creative AI"],"picked":"Seek","floor":33.0},{"not_picked":["Leap+1","Ball Lightning+1"],"picked":"Loop+1","floor":35.0},{"not_picked":["Doom and Gloom+1","White Noise"],"picked":"Leap+1","floor":36.0},{"not_picked":["Consume","Redo"],"picked":"Tempest+1","floor":38.0},{"not_picked":["Coolheaded","Compile Driver+1","Conserve Battery"],"picked":"SKIP","floor":39.0},{"not_picked":["Heatsinks","Hello World+1"],"picked":"Stack+1","floor":41.0},{"not_picked":["Steam+1","Blizzard+1"],"picked":"Sweeping Beam+1","floor":42.0},{"not_picked":["Gash+1","Meteor Strike+1"],"picked":"Rebound+1","floor":45.0},{"not_picked":["Recycle","Barrage+1"],"picked":"Ball Lightning+1","floor":46.0},{"not_picked":["Rebound+1","Aggregate+1"],"picked":"Defragment","floor":47.0},{"not_picked":["Purity","PanicButton"],"picked":"Flash of Steel+1","floor":48.0},{"not_picked":["Gash+1","Rebound+1"],"picked":"Reinforced Body","floor":54}],"player_experience":133277,"relics_obtained":[{"floor":7.0,"key":"Gambling Chip"},{"floor":9.0,"key":"Matryoshka"},{"floor":10.0,"key":"Bag of Preparation"},{"floor":13.0,"key":"Molten Egg 2"},{"floor":23.0,"key":"Tiny Chest"},{"floor":25.0,"key":"Whetstone"},{"floor":26.0,"key":"Mummified Hand"},{"floor":26.0,"key":"The Courier"},{"floor":28.0,"key":"Bag of Marbles"},{"floor":30.0,"key":"Oddly Smooth Stone"},{"floor":41.0,"key":"Orichalcum"},{"floor":43.0,"key":"Dodecahedron"},{"floor":45.0,"key":"Calipers"},{"floor":46.0,"key":"Strawberry"},{"floor":54,"key":"War Paint"}],"event_choices":[{"damage_healed":0.0,"max_hp_gain":5.0,"max_hp_loss":0.0,"gold_gain":0.0,"event_name":"Big Fish","player_choice":"Donut","floor":5.0,"gold_loss":0.0,"damage_taken":0.0},{"damage_healed":0.0,"max_hp_gain":0.0,"max_hp_loss":0.0,"gold_gain":0.0,"event_name":"Scrap Ooze","player_choice":"Success","floor":11.0,"gold_loss":0.0,"damage_taken":7.0,"relics_obtained":["Du-Vu Doll"]},{"damage_healed":21.0,"max_hp_gain":0.0,"max_hp_loss":0.0,"gold_gain":0.0,"event_name":"Mushrooms","player_choice":"Healed and dodged fight","floor":12.0,"gold_loss":0.0,"damage_taken":0.0,"cards_obtained":["Parasite"]},{"damage_healed":0.0,"max_hp_gain":0.0,"max_hp_loss":0.0,"gold_gain":0.0,"event_name":"The Library","player_choice":"Read","floor":19.0,"gold_loss":0.0,"damage_taken":0.0,"cards_obtained":["Conserve Battery"]},{"damage_healed":0.0,"max_hp_gain":0.0,"max_hp_loss":0.0,"gold_gain":0.0,"event_name":"Drug Dealer","player_choice":"Inject Mutagens","floor":22.0,"gold_loss":0.0,"damage_taken":0.0,"relics_obtained":["MutagenicStrength"]},{"damage_healed":0.0,"max_hp_gain":0.0,"max_hp_loss":0.0,"gold_gain":0.0,"event_name":"Designer","player_choice":"Upgraded Two","floor":37.0,"gold_loss":40.0,"damage_taken":0.0,"cards_upgraded":["Stack","Seek"]},{"damage_healed":0.0,"max_hp_gain":0.0,"max_hp_loss":0.0,"gold_gain":0.0,"event_name":"MindBloom","player_choice":"Fight","floor":45.0,"gold_loss":0.0,"damage_taken":0.0},{"damage_healed":0.0,"max_hp_gain":0.0,"max_hp_loss":0.0,"gold_gain":0.0,"event_name":"SensoryStone","player_choice":"Memory 1","floor":48.0,"gold_loss":0.0,"damage_taken":0.0}],"is_beta":false,"boss_relics":[{"not_picked":["Runic Dome","Tiny House"],"picked":"Pandora\u0027s Box"},{"not_picked":["Empty Cage","Fusion Hammer"],"picked":"Cursed Key"}],"items_purged_floors":[53],"is_endless":false,"potions_floor_spawned":[3,7,14,20,21,23,28,29,35,42,45,46,47],"ascension_level":2}