{"gold_per_floor":[118,118,138,84,101,115,115,115,115,115,115,130,130,130,130,232,232,247,258,268,268,288,288,288],"floor_reached":24,"playtime":621,"items_purged":[],"score":188,"play_id":"eccdc83e-a288-414f-b521-6468452f90c9","local_time":"20190305203520","is_ascension_mode":false,"campfire_choices":[{"data":"Dualcast","floor":8.0,"key":"SMITH"},{"data":"Zap","floor":11.0,"key":"SMITH"},{"data":"Go for the Eyes","floor":15.0,"key":"SMITH"},{"floor":23,"key":"REST"}],"neow_cost":"NONE","seed_source_timestamp":1845699423124660,"circlet_count":0,"master_deck":["Strike_B","Strike_B","Strike_B","Strike_B","Defend_B","Defend_B","Defend_B","Defend_B","Zap+1","Dualcast+1","Chill","Ball Lightning","Conserve Battery","Go for the Eyes+1","Undo","Capacitor","Rainbow","FTL+1","FTL+1"],"special_seed":0,"relics":["Cracked Core","Blue Candle","Letter Opener","Dead Branch","Philosopher\u0027s Stone"],"potions_floor_usage":[],"damage_taken":[{"damage":0.0,"enemies":"2 Louse","floor":1.0,"turns":2.0},{"damage":0.0,"enemies":"Cultist","floor":3.0,"turns":2.0},{"damage":0.0,"enemies":"Small Slimes","floor":5.0,"turns":3.0},{"damage":0.0,"enemies":"2 Fungi Beasts","floor":6.0,"turns":3.0},{"damage":3.0,"enemies":"Looter","floor":12.0,"turns":3.0},{"damage":40.0,"enemies":"The Guardian","floor":16.0,"turns":11.0},{"damage":19,"enemies":"3 Byrds","floor":18,"turns":4},{"damage":1,"enemies":"Chosen","floor":19,"turns":5},{"damage":9,"enemies":"Shelled Parasite and Fungi","floor":20,"turns":7},{"damage":11,"enemies":"3 Cultists","floor":22,"turns":4},{"damage":0,"enemies":"Gremlin Leader","floor":24,"turns":1}],"seed_played":"7094308469321269679","potions_obtained":[{"floor":3.0,"key":"Weak Potion"},{"floor":5.0,"key":"Poison Potion"},{"floor":16.0,"key":"PowerPotion"}],"is_trial":false,"path_per_floor":["M","?","M","$","M","M","$","R","T","?","R","M","?","T","R","B",null,"M","M","M","?","M","R","E"],"character_chosen":"DEFECT","items_purchased":["Conserve Battery"],"campfire_rested":1,"item_purchase_floors":[4],"current_hp_per_floor":[75,75,75,75,75,75,75,75,75,80,80,77,77,77,77,37,80,61,60,51,51,40,64,64],"gold":288,"neow_bonus":"THREE_CARDS","is_prod":false,"is_daily":false,"chose_seed":false,"campfire_upgraded":3,"win_rate":0,"timestamp":1551818120,"path_taken":["M","?","M","$","?","M","$","R","T","?","R","M","?","?","R","BOSS","M","M","M","?","M","R","E"],"build_version":"2019-01-23","purchased_purges":0,"victory":false,"max_hp_per_floor":[75,75,75,75,75,75,75,75,75,80,80,80,80,80,80,80,80,80,80,80,80,80,80,80],"card_choices":[{"not_picked":["Coolheaded","Beam Cell"],"picked":"Chill","floor":0.0},{"not_picked":["Redo","Sunder"],"picked":"Ball Lightning","floor":1.0},{"not_picked":["Beam Cell","Rebound","Recycle"],"picked":"SKIP","floor":3.0},{"not_picked":["Stack","Leap"],"picked":"Go for the Eyes","floor":5.0},{"not_picked":["Leap","Rebound"],"picked":"Undo","floor":6.0},{"not_picked":["Coolheaded","Gash"],"picked":"Capacitor","floor":12.0},{"not_picked":["Creative AI","Seek"],"picked":"Rainbow","floor":16.0},{"not_picked":["Rebound","Go for the Eyes","Gash+1"],"picked":"SKIP","floor":18},{"not_picked":["Ball Lightning","Force Field"],"picked":"FTL+1","floor":19},{"not_picked":["Coolheaded","Scrape"],"picked":"FTL+1","floor":20},{"not_picked":["Turbo","Gash+1","Barrage"],"picked":"SKIP","floor":22}],"player_experience":1084726,"relics_obtained":[{"floor":9.0,"key":"Blue Candle"},{"floor":14.0,"key":"Dead Branch"}],"event_choices":[{"damage_healed":0.0,"max_hp_gain":0.0,"max_hp_loss":0.0,"gold_gain":0.0,"event_name":"NoteForYourself","player_choice":"Ignored","floor":2.0,"gold_loss":0.0,"damage_taken":0.0},{"damage_healed":0.0,"max_hp_gain":5.0,"max_hp_loss":0.0,"gold_gain":0.0,"event_name":"Big Fish","player_choice":"Donut","floor":10.0,"gold_loss":0.0,"damage_taken":0.0},{"damage_healed":0.0,"max_hp_gain":0.0,"max_hp_loss":0.0,"gold_gain":0.0,"event_name":"Dead Adventurer","player_choice":"Searched \u00271\u0027 times","floor":13.0,"gold_loss":0.0,"damage_taken":0.0,"relics_obtained":["Letter Opener"]},{"damage_healed":0,"gold_gain":0,"player_choice":"Ignored","damage_taken":0,"max_hp_gain":0,"max_hp_loss":0,"event_name":"Ghosts","floor":21,"gold_loss":0}],"is_beta":false,"boss_relics":[{"not_picked":["Black Star","Tiny House"],"picked":"Philosopher\u0027s Stone"}],"items_purged_floors":[],"is_endless":false,"potions_floor_spawned":[3,5,16,18,20,22],"killed_by":"Gremlin Leader","ascension_level":0}