{"gold_per_floor":[110,130,130,143,143,143,178,178,258,285,285,313,325,342,342,444,444,459,469,384,384,384],"floor_reached":22,"playtime":513,"items_purged":[],"score":194,"play_id":"a655fd25-b5e5-4d28-9da6-52c7b7b7e3a6","local_time":"20190321212342","is_ascension_mode":false,"campfire_choices":[{"data":"Dualcast","floor":6,"key":"SMITH"},{"data":"Zap","floor":8,"key":"SMITH"},{"data":"Coolheaded","floor":11,"key":"SMITH"},{"data":"Ball Lightning","floor":15,"key":"SMITH"}],"neow_cost":"NONE","seed_source_timestamp":419272456608805,"circlet_count":0,"master_deck":["Strike_B","Strike_B","Strike_B","Strike_B","Defend_B","Defend_B","Defend_B","Defend_B","Zap+1","Dualcast+1","Coolheaded+1","Sunder+1","Ball Lightning+1","Rainbow"],"special_seed":0,"relics":["Cracked Core","Bronze Scales","Symbiotic Virus","Pen Nib","Odd Mushroom","Inserter","Ancient Tea Set"],"potions_floor_usage":[16],"damage_taken":[{"damage":0.0,"enemies":"2 Louse","floor":1.0,"turns":1.0},{"damage":6.0,"enemies":"Jaw Worm","floor":2.0,"turns":4.0},{"damage":2,"enemies":"Small Slimes","floor":4,"turns":2},{"damage":16,"enemies":"Lagavulin","floor":7,"turns":5},{"damage":11,"enemies":"3 Sentries","floor":10,"turns":3},{"damage":11,"enemies":"The Mushroom Lair","floor":12,"turns":3},{"damage":0,"enemies":"2 Fungi Beasts","floor":13,"turns":2},{"damage":12,"enemies":"Blue Slaver","floor":14,"turns":2},{"damage":15,"enemies":"Hexaghost","floor":16,"turns":7},{"damage":6,"enemies":"Shell Parasite","floor":18,"turns":6},{"damage":8,"enemies":"Spheric Guardian","floor":19,"turns":3},{"damage":0,"enemies":"Chosen and Byrds","floor":22,"turns":1}],"seed_played":"3755369549144448024","potions_obtained":[{"floor":7,"key":"AttackPotion"},{"floor":12,"key":"SkillPotion"}],"is_trial":false,"path_per_floor":["M","M","$","M","?","R","E","R","T","E","R","?","M","M","R","B",null,"M","M","?","?","M"],"character_chosen":"DEFECT","items_purchased":[],"campfire_rested":0,"item_purchase_floors":[],"current_hp_per_floor":[82,76,76,74,74,74,58,58,58,47,47,36,36,24,24,9,82,76,68,68,68,68],"gold":384,"neow_bonus":"TEN_PERCENT_HP_BONUS","is_prod":false,"is_daily":false,"chose_seed":false,"campfire_upgraded":4,"win_rate":0,"timestamp":1553203422,"path_taken":["M","M","$","M","?","R","E","R","T","E","R","?","M","M","R","BOSS","M","M","?","?","M"],"build_version":"2019-01-23","purchased_purges":0,"victory":false,"max_hp_per_floor":[82,82,82,82,82,82,82,82,82,82,82,82,82,82,82,82,82,82,82,82,82,82],"card_choices":[{"not_picked":["Turbo","Hologram"],"picked":"Coolheaded","floor":1.0},{"not_picked":["Sweeping Beam","Barrage"],"picked":"Sunder","floor":2.0},{"not_picked":["FTL","Barrage","Coolheaded"],"picked":"SKIP","floor":4},{"not_picked":["White Noise","Heatsinks","Biased Cognition"],"picked":"SKIP","floor":7},{"not_picked":["Cold Snap","Stack","Fission"],"picked":"SKIP","floor":10},{"not_picked":["Stack","Barrage"],"picked":"Ball Lightning","floor":12},{"not_picked":["Go for the Eyes","Sweeping Beam","Streamline"],"picked":"SKIP","floor":13},{"not_picked":["Compile Driver","Barrage","Leap"],"picked":"SKIP","floor":14},{"not_picked":["Amplify","Machine Learning"],"picked":"Rainbow","floor":16},{"not_picked":["Redo","Aggregate","Heatsinks"],"picked":"SKIP","floor":18},{"not_picked":["Gash","Tempest","Redo+1"],"picked":"SKIP","floor":19}],"player_experience":1126130,"relics_obtained":[{"floor":7,"key":"Bronze Scales"},{"floor":9,"key":"Symbiotic Virus"},{"floor":10,"key":"Pen Nib"},{"floor":12,"key":"Odd Mushroom"}],"event_choices":[{"damage_healed":0,"gold_gain":0,"player_choice":"Grow","damage_taken":0,"max_hp_gain":0,"max_hp_loss":0,"event_name":"Living Wall","floor":5,"gold_loss":0,"cards_upgraded":["Sunder"]},{"damage_healed":0,"gold_gain":0,"player_choice":"Fought Mushrooms","damage_taken":0,"max_hp_gain":0,"max_hp_loss":0,"event_name":"Mushrooms","floor":12,"gold_loss":0},{"damage_healed":0,"gold_gain":0,"player_choice":"Obtained Relic","damage_taken":0,"relics_obtained":["Ancient Tea Set"],"max_hp_gain":0,"max_hp_loss":0,"event_name":"Addict","floor":20,"gold_loss":85},{"damage_healed":0,"gold_gain":0,"player_choice":"Ignored","damage_taken":0,"max_hp_gain":0,"max_hp_loss":0,"event_name":"Cursed Tome","floor":21,"gold_loss":0}],"is_beta":false,"boss_relics":[{"not_picked":["Empty Cage","Coffee Dripper"],"picked":"Inserter"}],"items_purged_floors":[],"is_endless":false,"potions_floor_spawned":[7,12],"killed_by":"Chosen and Byrds","ascension_level":0}