{"gold_per_floor":[211,211,225,152,152,184,184,202,229,229,229,257,257,272,272,367,367,386,401,401,146,157,157,82,114,137,137,137,152,177,207,207,307,307,319,541,372,391,405,405,92,92,92,125,125,125,125,0,0,0],"floor_reached":51,"playtime":2236,"items_purged":["Strike_B","Strike_B","Strike_B"],"score":842,"play_id":"d54ba7ef-07e2-4ada-93a9-e804bc505764","local_time":"20190222203841","is_ascension_mode":false,"campfire_choices":[{"data":"Dualcast","floor":7.0,"key":"SMITH"},{"data":"Zap","floor":10.0,"key":"SMITH"},{"data":"Cold Snap","floor":13.0,"key":"SMITH"},{"data":"Auto Shields","floor":15.0,"key":"SMITH"},{"data":"Defragment","floor":23,"key":"SMITH"},{"data":"Blizzard","floor":27,"key":"SMITH"},{"data":"Echo Form","floor":32,"key":"SMITH"},{"data":"Blizzard","floor":40,"key":"SMITH"},{"data":"Buffer","floor":45,"key":"SMITH"},{"data":"Glacier","floor":47,"key":"SMITH"},{"data":"Defend_B","floor":49,"key":"SMITH"}],"neow_cost":"NONE","seed_source_timestamp":893817250005109,"circlet_count":0,"master_deck":["Defend_B+1","Defend_B","Defend_B+1","Zap+1","Dualcast+1","Undo","BootSequence+1","Cold Snap+1","Auto Shields+1","Glacier+1","Buffer+1","Defragment+1","Echo Form+1","Blizzard+1","Cold Snap+1","Blizzard+1","Loop+1"],"special_seed":0,"relics":["FrozenCore","Art of War","Blood Vial","War Paint","Philosopher\u0027s Stone","Lantern","Red Mask","Symbiotic Virus","Bag of Preparation","Happy Flower","Regal Pillow","Darkstone Periapt"],"potions_floor_usage":[31,50,50],"damage_taken":[{"damage":0.0,"enemies":"Small Slimes","floor":1.0,"turns":2.0},{"damage":0.0,"enemies":"Jaw Worm","floor":3.0,"turns":4.0},{"damage":20.0,"enemies":"3 Sentries","floor":6.0,"turns":9.0},{"damage":0.0,"enemies":"Cultist","floor":8.0,"turns":3.0},{"damage":5.0,"enemies":"Lagavulin","floor":12.0,"turns":6.0},{"damage":0.0,"enemies":"Blue Slaver","floor":14.0,"turns":3.0},{"damage":53.0,"enemies":"Hexaghost","floor":16.0,"turns":15.0},{"damage":10.0,"enemies":"3 Byrds","floor":18.0,"turns":9.0},{"damage":0.0,"enemies":"Spheric Guardian","floor":19.0,"turns":5.0},{"damage":0.0,"enemies":"Centurion and Healer","floor":22.0,"turns":9.0},{"damage":2,"enemies":"Book of Stabbing","floor":25,"turns":8},{"damage":0,"enemies":"Sentry and Sphere","floor":29,"turns":6},{"damage":4,"enemies":"Masked Bandits","floor":30,"turns":6},{"damage":0,"enemies":"Slavers","floor":31,"turns":7},{"damage":2,"enemies":"Champ","floor":33,"turns":17},{"damage":5,"enemies":"Orb Walker","floor":35,"turns":5},{"damage":0,"enemies":"3 Darklings","floor":38,"turns":4},{"damage":10,"enemies":"Writhing Mass","floor":39,"turns":9},{"damage":0,"enemies":"Nemesis","floor":44,"turns":8},{"damage":0,"enemies":"Donu and Deca","floor":50,"turns":8}],"seed_played":"4390524485954756423","potions_obtained":[{"floor":8.0,"key":"AttackPotion"},{"floor":12.0,"key":"FairyPotion"},{"floor":14.0,"key":"Strength Potion"},{"floor":16.0,"key":"SteroidPotion"},{"floor":22,"key":"Block Potion"},{"floor":29,"key":"Block Potion"},{"floor":30,"key":"PowerPotion"},{"floor":33,"key":"SkillPotion"},{"floor":38,"key":"PowerPotion"}],"is_trial":false,"path_per_floor":["M","?","M","$","?","E","R","M","T","R","?","E","R","M","R","B",null,"M","M","?","$","M","R","?","E","T","R","?","M","?","E","R","B",null,"M","?","$","M","M","R","$","?","T","E","R","?","R","$","R","B",null],"character_chosen":"DEFECT","items_purchased":["BootSequence","Echo Form","Blizzard","Blizzard","Bag of Preparation","Happy Flower"],"campfire_rested":0,"item_purchase_floors":[4,21,21,37,41,41],"current_hp_per_floor":[75,80,80,80,80,60,60,60,60,60,60,57,57,59,59,8,80,70,72,72,72,74,74,74,74,74,74,59,61,59,61,61,61,85,80,80,80,82,74,74,74,74,74,76,76,76,76,76,76,78],"gold":0,"neow_bonus":"HUNDRED_GOLD","is_prod":false,"is_daily":false,"chose_seed":false,"campfire_upgraded":11,"win_rate":0,"timestamp":1550867921,"path_taken":["M","?","M","$","?","E","R","?","T","R","?","E","R","M","R","BOSS","M","M","?","$","M","R","?","E","T","R","?","M","?","E","R","BOSS","M","?","$","M","M","R","$","?","T","E","R","?","R","?","R","BOSS"],"build_version":"2019-01-23","purchased_purges":3,"victory":true,"max_hp_per_floor":[75,80,80,80,80,80,80,80,80,80,80,80,80,80,80,80,80,80,80,80,80,80,80,80,80,80,80,85,85,85,85,85,85,85,85,85,85,85,85,85,85,85,85,85,85,81,81,81,81,81],"card_choices":[{"not_picked":["Turbo","Hologram"],"picked":"Undo","floor":1.0},{"not_picked":["Turbo","Hello World","Recycle"],"picked":"SKIP","floor":3.0},{"not_picked":["Steam","Darkness","Hello World"],"picked":"SKIP","floor":6.0},{"not_picked":["Consume","Gash"],"picked":"Cold Snap","floor":8.0},{"not_picked":["Undo","Streamline"],"picked":"Auto Shields","floor":12.0},{"not_picked":["BootSequence","White Noise"],"picked":"Glacier","floor":14.0},{"not_picked":["Reboot","Machine Learning"],"picked":"Buffer","floor":16.0},{"not_picked":["Reinforced Body+1","Redo+1"],"picked":"Defragment","floor":18.0},{"not_picked":["Undo","Streamline","Stack"],"picked":"SKIP","floor":19.0},{"not_picked":["Chaos","Compile Driver"],"picked":"Cold Snap+1","floor":22},{"not_picked":["Coolheaded","Compile Driver+1","Reboot"],"picked":"SKIP","floor":25},{"not_picked":["Coolheaded","Compile Driver+1","Reboot"],"picked":"SKIP","floor":25},{"not_picked":["Redo","Barrage","Darkness"],"picked":"SKIP","floor":29},{"not_picked":["Barrage","Steam","Darkness"],"picked":"SKIP","floor":31},{"not_picked":["Loop+1","Double Energy","Redo+1"],"picked":"SKIP","floor":35},{"not_picked":["Melter","BootSequence+1","Turbo+1"],"picked":"SKIP","floor":38},{"not_picked":["Hologram","Gash+1","Go for the Eyes"],"picked":"SKIP","floor":39},{"not_picked":["Core Surge","Electrodynamics"],"picked":"Loop+1","floor":44}],"player_experience":1059661,"relics_obtained":[{"floor":6.0,"key":"Art of War"},{"floor":9.0,"key":"Blood Vial"},{"floor":12.0,"key":"War Paint"},{"floor":26,"key":"Lantern"},{"floor":30,"key":"Red Mask"},{"floor":31,"key":"Symbiotic Virus"},{"floor":43,"key":"Regal Pillow"},{"floor":44,"key":"Darkstone Periapt"}],"event_choices":[{"damage_healed":0.0,"max_hp_gain":5.0,"max_hp_loss":0.0,"gold_gain":0.0,"event_name":"Big Fish","player_choice":"Donut","floor":2.0,"gold_loss":0.0,"damage_taken":0.0},{"cards_removed":["Defend_B"],"damage_healed":0.0,"max_hp_gain":0.0,"max_hp_loss":0.0,"gold_gain":0.0,"event_name":"Purifier","player_choice":"Purged","floor":5.0,"gold_loss":0.0,"damage_taken":0.0},{"damage_healed":0.0,"max_hp_gain":0.0,"max_hp_loss":0.0,"gold_gain":0.0,"event_name":"Liars Game","player_choice":"Ignored","floor":11.0,"gold_loss":0.0,"damage_taken":0.0},{"damage_healed":0.0,"max_hp_gain":0.0,"max_hp_loss":0.0,"gold_gain":0.0,"event_name":"Ghosts","player_choice":"Ignored","floor":20.0,"gold_loss":0.0,"damage_taken":0.0},{"cards_removed":["Strike_B"],"damage_healed":0,"gold_gain":0,"player_choice":"Gave Gold","damage_taken":0,"max_hp_gain":0,"max_hp_loss":0,"event_name":"Beggar","floor":24,"gold_loss":75},{"damage_healed":0,"gold_gain":0,"player_choice":"Shed Blood","damage_taken":20,"max_hp_gain":5,"max_hp_loss":0,"event_name":"Forgotten Altar","floor":28,"gold_loss":0},{"damage_healed":0,"gold_gain":0,"player_choice":"Fought Bandits","damage_taken":0,"max_hp_gain":0,"max_hp_loss":0,"event_name":"Masked Bandits","floor":30,"gold_loss":0},{"damage_healed":0,"gold_gain":222,"player_choice":"Wore Mask","damage_taken":0,"max_hp_gain":0,"max_hp_loss":0,"event_name":"Tomb of Lord Red Mask","floor":36,"gold_loss":0},{"damage_healed":0,"gold_gain":0,"player_choice":"Ignored","damage_taken":0,"max_hp_gain":0,"max_hp_loss":0,"event_name":"Mysterious Sphere","floor":42,"gold_loss":0},{"damage_healed":0,"gold_gain":0,"player_choice":"Max HP","damage_taken":0,"max_hp_gain":0,"max_hp_loss":4,"event_name":"Winding Halls","floor":46,"gold_loss":0}],"is_beta":false,"boss_relics":[{"not_picked":["Calling Bell","Pandora\u0027s Box"],"picked":"Philosopher\u0027s Stone"},{"not_picked":["Eternal Feather","Black Star"],"picked":"FrozenCore"}],"items_purged_floors":[21,37,48],"is_endless":false,"potions_floor_spawned":[8,12,14,16,22,29,30,33,35,38,44],"ascension_level":0}