{"gold_per_floor":[118,118,118,130,150,150,181,5,5,5,5,5,24,62,62,183,183,198,198,198,54,71,91,122,122,148,73,106,165,182,196,196,293,293,309,309,327,125,137,137,166,166,193,203,221,171,202,202,202,202],"floor_reached":51,"playtime":1911,"items_purged":["Strike_B"],"score":803,"play_id":"de59d29e-dac8-4e43-a117-3f8e99b468c2","local_time":"20190310010916","is_ascension_mode":false,"campfire_choices":[{"data":"Zap","floor":6.0,"key":"SMITH"},{"data":"Thunder Strike","floor":10.0,"key":"SMITH"},{"data":"Beam Cell","floor":15.0,"key":"SMITH"},{"data":"Defragment","floor":32,"key":"SMITH"},{"data":"Echo Form","floor":40,"key":"SMITH"},{"data":"Apotheosis","floor":42,"key":"SMITH"},{"data":"Go for the Eyes","floor":49,"key":"SMITH"}],"neow_cost":"NONE","seed_source_timestamp":177154530206455,"circlet_count":0,"master_deck":["Strike_B","Strike_B","Defend_B","Defend_B","Defend_B","Defend_B","Zap+1","Dualcast+1","Thunder Strike+1","Cold Snap","BootSequence","Conserve Battery","Beam Cell+1","Electrodynamics","Coolheaded+1","Chill","Capacitor","Defragment+1","Undo","Capacitor","Conserve Battery","Echo Form+1","Barrage+1","Apotheosis+1","Go for the Eyes+1","Electrodynamics"],"special_seed":0,"relics":["Cracked Core","Thread and Needle","Gremlin Horn","PreservedInsect","Mercury Hourglass","Bloody Idol","Oddly Smooth Stone","Lizard Tail","Juzu Bracelet","Ancient Tea Set","Red Mask","Tiny Chest","Sozu","DataDisk","Dream Catcher","Smiling Mask","Bag of Marbles"],"potions_floor_usage":[23,45,50,50],"damage_taken":[{"damage":0.0,"enemies":"2 Louse","floor":1.0,"turns":2.0},{"damage":0.0,"enemies":"Small Slimes","floor":4.0,"turns":2.0},{"damage":0.0,"enemies":"Cultist","floor":5.0,"turns":3.0},{"damage":17.0,"enemies":"Gremlin Nob","floor":7.0,"turns":4.0},{"damage":0.0,"enemies":"Looter","floor":13.0,"turns":3.0},{"damage":7.0,"enemies":"Lagavulin","floor":14.0,"turns":4.0},{"damage":12.0,"enemies":"Hexaghost","floor":16.0,"turns":9.0},{"damage":0.0,"enemies":"Chosen","floor":18.0,"turns":4.0},{"damage":4,"enemies":"Spheric Guardian","floor":22,"turns":4},{"damage":0,"enemies":"Centurion and Healer","floor":23,"turns":6},{"damage":4,"enemies":"Slavers","floor":24,"turns":4},{"damage":5,"enemies":"Masked Bandits","floor":28,"turns":4},{"damage":0,"enemies":"Book of Stabbing","floor":29,"turns":5},{"damage":15,"enemies":"Snecko","floor":30,"turns":6},{"damage":4,"enemies":"Sentry and Sphere","floor":31,"turns":8},{"damage":41,"enemies":"Collector","floor":33,"turns":11},{"damage":5,"enemies":"Orb Walker","floor":35,"turns":4},{"damage":0,"enemies":"3 Shapes","floor":37,"turns":6},{"damage":0,"enemies":"Sphere and 2 Shapes","floor":39,"turns":7},{"damage":6,"enemies":"Giant Head","floor":41,"turns":8},{"damage":0,"enemies":"Maw","floor":44,"turns":7},{"damage":10,"enemies":"Writhing Mass","floor":45,"turns":6},{"damage":0,"enemies":"Reptomancer","floor":47,"turns":6},{"damage":9,"enemies":"Awakened One","floor":50,"turns":9}],"seed_played":"7984630569897325993","potions_obtained":[{"floor":4.0,"key":"Regen Potion"},{"floor":5.0,"key":"Weak Potion"},{"floor":7.0,"key":"Poison Potion"},{"floor":16.0,"key":"EssenceOfSteel"},{"floor":22,"key":"Block Potion"},{"floor":24,"key":"SteroidPotion"},{"floor":28,"key":"FocusPotion"}],"is_trial":false,"path_per_floor":["M","?","?","M","M","R","E","$","T","R","?","$","M","E","R","B",null,"M","$","?","$","M","M","E","?","T","?","?","E","M","M","R","B",null,"M","?","M","$","M","R","E","R","T","M","M","$","E","?","R","B",null],"character_chosen":"DEFECT","items_purchased":["Conserve Battery","PreservedInsect","Chill","Capacitor","DataDisk","Go for the Eyes"],"campfire_rested":0,"item_purchase_floors":[8,8,21,21,38,38],"current_hp_per_floor":[75,57,57,57,57,57,40,40,40,40,22,22,22,15,15,18,75,75,75,75,75,75,75,75,75,75,75,75,75,65,66,66,30,75,75,75,75,75,75,75,74,74,75,75,70,70,75,71,71,62],"gold":202,"neow_bonus":"ONE_RANDOM_RARE_CARD","is_prod":false,"is_daily":false,"chose_seed":false,"campfire_upgraded":7,"win_rate":0,"timestamp":1552180156,"path_taken":["M","?","?","M","?","R","E","$","T","R","?","$","M","E","R","BOSS","M","$","?","$","M","M","E","?","T","?","?","E","M","M","R","BOSS","M","?","M","$","M","R","E","R","T","M","M","$","E","?","R","BOSS"],"build_version":"2019-01-23","purchased_purges":1,"victory":true,"max_hp_per_floor":[75,75,75,75,75,75,75,75,75,75,75,75,75,75,75,75,75,75,75,75,75,75,75,75,75,75,75,75,75,75,75,75,75,75,75,75,75,75,75,75,75,75,75,75,75,75,75,71,71,71],"card_choices":[{"not_picked":["Rebound","Scrape"],"picked":"Cold Snap","floor":1.0},{"not_picked":["Hello World","Rebound","Double Energy"],"picked":"SKIP","floor":4.0},{"not_picked":["Stack","Fusion"],"picked":"BootSequence","floor":5.0},{"not_picked":["Hello World","Compile Driver","Doom and Gloom"],"picked":"SKIP","floor":7.0},{"not_picked":["Consume","Rebound"],"picked":"Beam Cell","floor":13.0},{"not_picked":["Streamline","Rebound","FTL"],"picked":"SKIP","floor":14.0},{"not_picked":["Thunder Strike","Amplify"],"picked":"Electrodynamics","floor":16.0},{"not_picked":["Cold Snap","Chill+1"],"picked":"Coolheaded+1","floor":18},{"not_picked":["Stack","Redo"],"picked":"Defragment","floor":22},{"not_picked":["Static Discharge","Meteor Strike"],"picked":"Undo","floor":23},{"not_picked":["Compile Driver","Redo","Self Repair+1"],"picked":"SKIP","floor":24},{"not_picked":["Gash","Sweeping Beam+1"],"picked":"Capacitor","floor":28},{"not_picked":["Skim","Sunder","Doom and Gloom"],"picked":"SKIP","floor":29},{"not_picked":["Coolheaded","Streamline","Barrage"],"picked":"SKIP","floor":30},{"not_picked":["Darkness","Cold Snap"],"picked":"Conserve Battery","floor":31},{"not_picked":["Buffer","Amplify"],"picked":"Echo Form","floor":33},{"not_picked":["Turbo+1","Hologram"],"picked":"Barrage+1","floor":35},{"not_picked":["Bandage Up","Dramatic Entrance"],"picked":"Apotheosis","floor":36},{"not_picked":["Conserve Battery+1","Steam+1","Gash"],"picked":"SKIP","floor":37},{"not_picked":["Doom and Gloom","Conserve Battery+1"],"picked":"Electrodynamics","floor":39},{"not_picked":["Hologram+1","Aggregate","Undo"],"picked":"SKIP","floor":41},{"not_picked":["Scrape","Redo","Rebound+1"],"picked":"SKIP","floor":44},{"not_picked":["Streamline","Aggregate+1","Cold Snap"],"picked":"SKIP","floor":45},{"not_picked":["Reinforced Body","Coolheaded+1","Auto Shields"],"picked":"SKIP","floor":47}],"player_experience":1096942,"relics_obtained":[{"floor":7.0,"key":"Gremlin Horn"},{"floor":9.0,"key":"Mercury Hourglass"},{"floor":14.0,"key":"Oddly Smooth Stone"},{"floor":24,"key":"Juzu Bracelet"},{"floor":26,"key":"Ancient Tea Set"},{"floor":28,"key":"Red Mask"},{"floor":29,"key":"Tiny Chest"},{"floor":41,"key":"Dream Catcher"},{"floor":43,"key":"Smiling Mask"},{"floor":47,"key":"Bag of Marbles"}],"event_choices":[{"damage_healed":0.0,"max_hp_gain":0.0,"max_hp_loss":0.0,"gold_gain":0.0,"event_name":"Scrap Ooze","player_choice":"Success","floor":2.0,"gold_loss":0.0,"damage_taken":18.0,"relics_obtained":["Thread and Needle"]},{"damage_healed":0.0,"max_hp_gain":0.0,"max_hp_loss":0.0,"gold_gain":0.0,"event_name":"Accursed Blacksmith","player_choice":"Forge","floor":3.0,"gold_loss":0.0,"damage_taken":0.0,"cards_upgraded":["Dualcast"]},{"damage_healed":0.0,"max_hp_gain":0.0,"max_hp_loss":0.0,"gold_gain":0.0,"event_name":"Golden Idol","player_choice":"Take Damage","floor":11.0,"gold_loss":0.0,"damage_taken":18.0,"relics_obtained":["Golden Idol"]},{"damage_healed":0,"gold_gain":0,"player_choice":"Gave Idol","damage_taken":0,"relics_obtained":["Bloody Idol"],"max_hp_gain":0,"max_hp_loss":0,"event_name":"Forgotten Altar","floor":20,"relics_lost":["Golden Idol"],"gold_loss":0},{"damage_healed":0,"gold_gain":0,"player_choice":"Ignored","damage_taken":0,"max_hp_gain":0,"max_hp_loss":0,"event_name":"Vampires","floor":25,"gold_loss":0},{"cards_removed":["Strike_B"],"damage_healed":0,"gold_gain":0,"player_choice":"Gave Gold","damage_taken":0,"max_hp_gain":0,"max_hp_loss":0,"event_name":"Beggar","floor":27,"gold_loss":75},{"damage_healed":0,"gold_gain":0,"player_choice":"Fought Bandits","damage_taken":0,"max_hp_gain":0,"max_hp_loss":0,"event_name":"Masked Bandits","floor":28,"gold_loss":0},{"damage_healed":0,"gold_gain":0,"player_choice":"Memory 1","damage_taken":0,"max_hp_gain":0,"max_hp_loss":0,"event_name":"SensoryStone","floor":36,"gold_loss":0},{"damage_healed":0,"gold_gain":0,"player_choice":"Max HP","damage_taken":0,"max_hp_gain":0,"max_hp_loss":4,"event_name":"Winding Halls","floor":48,"gold_loss":0}],"is_beta":false,"boss_relics":[{"not_picked":["Snecko Eye","Runic Pyramid"],"picked":"Lizard Tail"},{"not_picked":["Black Star","White Beast Statue"],"picked":"Sozu"}],"items_purged_floors":[46],"is_endless":false,"potions_floor_spawned":[4,5,7,14,16,22,24,28,30,31,37,39,41],"ascension_level":0}