{"gold_per_floor":[109,109,109,109,126,126,138,138,138,138,166,166,94,110,110,213,213,223,242,242,253,266,266,297,297,297,312,324,334,349,61,61,160,160,174,139,157,174,95,95,106,122,122,122,122],"floor_reached":45,"playtime":1583,"items_purged":["Strike_B"],"score":439,"play_id":"c3abc417-f5e9-4704-8d4a-83e5ef55ec19","local_time":"20190221211903","is_ascension_mode":false,"campfire_choices":[{"data":"Dualcast","floor":6.0,"key":"SMITH"},{"data":"Zap","floor":8.0,"key":"SMITH"},{"data":"Coolheaded","floor":10.0,"key":"SMITH"},{"data":"Cold Snap","floor":15.0,"key":"SMITH"},{"data":"Echo Form","floor":23.0,"key":"SMITH"},{"data":"Undo","floor":25,"key":"SMITH"},{"floor":32,"key":"REST"},{"data":"Defragment","floor":40,"key":"SMITH"},{"floor":44,"key":"REST"}],"neow_cost":"NONE","seed_source_timestamp":810532590520492,"circlet_count":0,"master_deck":["Strike_B","Defend_B","Defend_B","Defend_B","Zap+1","Dualcast+1","Coolheaded+1","Glacier","Cold Snap+1","Echo Form+1","Electrodynamics+1","Tempest+1","Go for the Eyes+1","Capacitor+1","Undo+1","Machine Learning","Defragment+1","Defragment","Stack+1","Capacitor","White Noise","Defragment","Buffer"],"special_seed":0,"relics":["Cracked Core","Vajra","PreservedInsect","Boot","Ornamental Fan","Astrolabe","Centennial Puzzle","Gremlin Horn","Orichalcum","White Beast Statue","Meat on the Bone"],"potions_floor_usage":[],"damage_taken":[{"damage":0.0,"enemies":"2 Louse","floor":1.0,"turns":2.0},{"damage":2.0,"enemies":"Small Slimes","floor":5.0,"turns":3.0},{"damage":0.0,"enemies":"Jaw Worm","floor":7.0,"turns":3.0},{"damage":14.0,"enemies":"Gremlin Nob","floor":11.0,"turns":4.0},{"damage":0.0,"enemies":"Exordium Thugs","floor":14.0,"turns":4.0},{"damage":30.0,"enemies":"The Guardian","floor":16.0,"turns":13.0},{"damage":5.0,"enemies":"3 Byrds","floor":18.0,"turns":2.0},{"damage":5.0,"enemies":"Spheric Guardian","floor":19.0,"turns":3.0},{"damage":0.0,"enemies":"3 Cultists","floor":21.0,"turns":2.0},{"damage":4.0,"enemies":"Cultist and Chosen","floor":22.0,"turns":5.0},{"damage":13.0,"enemies":"Gremlin Leader","floor":24.0,"turns":5.0},{"damage":15,"enemies":"Chosen and Byrds","floor":27,"turns":5},{"damage":6,"enemies":"Shelled Parasite and Fungi","floor":28,"turns":7},{"damage":10,"enemies":"Snake Plant","floor":29,"turns":4},{"damage":17,"enemies":"Centurion and Healer","floor":30,"turns":5},{"damage":18,"enemies":"Collector","floor":33,"turns":13},{"damage":12,"enemies":"3 Darklings","floor":35,"turns":7},{"damage":5,"enemies":"Orb Walker","floor":37,"turns":5},{"damage":26,"enemies":"Spire Growth","floor":38,"turns":6},{"damage":0,"enemies":"Maw","floor":41,"turns":8},{"damage":20,"enemies":"Transient","floor":42,"turns":5},{"damage":42,"enemies":"Spire Growth","floor":45,"turns":3}],"seed_played":"6805001605658220300","potions_obtained":[{"floor":1.0,"key":"Dexterity Potion"},{"floor":11.0,"key":"Poison Potion"},{"floor":19.0,"key":"FearPotion"},{"floor":41,"key":"EssenceOfSteel"},{"floor":42,"key":"FocusPotion"}],"is_trial":false,"path_per_floor":["M","?","?","?","M","R","M","R","T","R","E","T","$","M","R","B",null,"M","M","$","M","M","R","E","R","T","M","M","M","M","$","R","B",null,"M","$","M","M","$","R","M","M","T","R","M"],"character_chosen":"DEFECT","items_purchased":["Glacier","Defragment","Orichalcum","Capacitor","Defragment"],"campfire_rested":2,"item_purchase_floors":[13,31,31,36,39],"current_hp_per_floor":[75,75,57,62,60,60,60,60,60,60,46,46,46,46,46,16,80,75,70,70,70,66,66,53,53,53,38,32,22,5,5,29,11,80,68,68,63,37,37,37,37,17,17,41,0],"gold":122,"neow_bonus":"RANDOM_COMMON_RELIC","is_prod":false,"is_daily":false,"chose_seed":false,"campfire_upgraded":7,"win_rate":0,"timestamp":1550783943,"path_taken":["M","?","?","?","?","R","M","R","T","R","E","?","$","M","R","BOSS","M","M","$","?","M","R","E","R","T","M","M","M","M","$","R","BOSS","M","$","M","M","$","R","M","M","T","R","M"],"build_version":"2019-01-23","purchased_purges":1,"victory":false,"max_hp_per_floor":[75,75,75,80,80,80,80,80,80,80,80,80,80,80,80,80,80,80,80,80,80,80,80,80,80,80,80,80,80,80,80,80,80,80,80,80,80,80,80,80,80,80,80,80,80],"card_choices":[{"not_picked":["Storm","Chaos","Hologram"],"picked":"SKIP","floor":1.0},{"not_picked":["Steam","Streamline"],"picked":"Coolheaded","floor":5.0},{"not_picked":["Redo","Beam Cell","Compile Driver"],"picked":"SKIP","floor":7.0},{"not_picked":["Streamline","Darkness","Lockon"],"picked":"SKIP","floor":11.0},{"not_picked":["Tempest","Blizzard"],"picked":"Cold Snap","floor":14.0},{"not_picked":["Thunder Strike","Multi-Cast"],"picked":"Echo Form","floor":16.0},{"not_picked":["Aggregate","Gash+1","Cold Snap"],"picked":"SKIP","floor":18.0},{"not_picked":["Steam","Barrage","Stack"],"picked":"SKIP","floor":19.0},{"not_picked":["Leap","Streamline"],"picked":"Capacitor+1","floor":21.0},{"not_picked":["Compile Driver","Stack+1"],"picked":"Undo","floor":22.0},{"not_picked":["FTL","Coolheaded"],"picked":"Machine Learning","floor":24.0},{"not_picked":["Redo+1","Compile Driver","Stack"],"picked":"SKIP","floor":27},{"not_picked":["Sweeping Beam","Static Discharge"],"picked":"Defragment","floor":28},{"not_picked":["Turbo+1","Auto Shields","Leap"],"picked":"SKIP","floor":29},{"not_picked":["Beam Cell","Redo","Sunder"],"picked":"SKIP","floor":30},{"not_picked":["Compile Driver+1","Go for the Eyes"],"picked":"Stack+1","floor":35},{"not_picked":["Go for the Eyes","Cold Snap"],"picked":"White Noise","floor":37},{"not_picked":["Stack","Reinforced Body+1","Sunder+1"],"picked":"SKIP","floor":38},{"not_picked":["Sweeping Beam+1","Beam Cell+1","Reprogram"],"picked":"SKIP","floor":41},{"not_picked":["Lockon","Hello World+1"],"picked":"Buffer","floor":42}],"player_experience":1058078,"relics_obtained":[{"floor":9.0,"key":"Boot"},{"floor":11.0,"key":"Ornamental Fan"},{"floor":24.0,"key":"Centennial Puzzle"},{"floor":26,"key":"Gremlin Horn"},{"floor":43,"key":"Meat on the Bone"}],"event_choices":[{"damage_healed":0.0,"max_hp_gain":0.0,"max_hp_loss":0.0,"gold_gain":0.0,"event_name":"The Cleric","player_choice":"Leave","floor":2.0,"gold_loss":0.0,"damage_taken":0.0},{"damage_healed":0.0,"max_hp_gain":0.0,"max_hp_loss":0.0,"gold_gain":0.0,"event_name":"Scrap Ooze","player_choice":"Success","floor":3.0,"gold_loss":0.0,"damage_taken":18.0,"relics_obtained":["PreservedInsect"]},{"damage_healed":0.0,"max_hp_gain":5.0,"max_hp_loss":0.0,"gold_gain":0.0,"event_name":"Big Fish","player_choice":"Donut","floor":4.0,"gold_loss":0.0,"damage_taken":0.0}],"is_beta":false,"boss_relics":[{"not_picked":["Eternal Feather","Calling Bell"],"picked":"Astrolabe"},{"not_picked":["Runic Dome","Fusion Hammer"],"picked":"White Beast Statue"}],"items_purged_floors":[31],"is_endless":false,"potions_floor_spawned":[1,11,19,24,27,28,29,35,37,38,41,42],"killed_by":"Spire Growth","ascension_level":0}