{"gold_per_floor":[118,48,65,65,85,119,119,146,146,178,188,4,22,22,22,123,123,134,153,78,78,98,98,123,141,211,240,140,152,163,263,263,360,360,373,373,373,425,440,469,482,59,59,69,69,69,85,120,120,120],"floor_reached":51,"playtime":2920,"items_purged":["Strike_B","Strike_B","Defend_B"],"score":1042,"play_id":"b45645e2-d00c-45f0-8cf2-f19a8ba233a8","local_time":"20190601121538","is_ascension_mode":false,"campfire_choices":[{"floor":7.0,"key":"REST"},{"data":"Apotheosis","floor":15.0,"key":"SMITH"},{"data":"Seek","floor":23.0,"key":"SMITH"},{"data":"Buffer","floor":32.0,"key":"SMITH"},{"floor":45,"key":"REST"},{"data":"BootSequence","floor":49,"key":"SMITH"}],"neow_cost":"NONE","seed_source_timestamp":225329434604066,"circlet_count":0,"master_deck":["Strike_B","Strike_B","Defend_B","Defend_B","Defend_B","Zap","Dualcast","Conserve Battery","Creative AI+1","BootSequence+1","Ball Lightning","Glacier","Apotheosis+1","Seek+1","Go for the Eyes+1","Buffer+1","Coolheaded+1","Electrodynamics+1","Defragment+1","Chaos","Darkness"],"special_seed":0,"relics":["Cracked Core","Cables","Mummified Hand","Singing Bowl","Question Card","Sozu","Bag of Marbles","Frozen Egg 2","Bronze Scales","Prayer Wheel","Meat on the Bone","DataDisk","Pantograph","Bottled Tornado","Gambling Chip"],"potions_floor_usage":[50],"damage_taken":[{"damage":2.0,"enemies":"Small Slimes","floor":1.0,"turns":3.0},{"damage":1.0,"enemies":"Jaw Worm","floor":3.0,"turns":3.0},{"damage":0.0,"enemies":"2 Louse","floor":5.0,"turns":2.0},{"damage":43.0,"enemies":"Gremlin Nob","floor":6.0,"turns":5.0},{"damage":0.0,"enemies":"Lagavulin","floor":8.0,"turns":7.0},{"damage":5.0,"enemies":"3 Sentries","floor":10.0,"turns":7.0},{"damage":0.0,"enemies":"Large Slime","floor":11.0,"turns":5.0},{"damage":0.0,"enemies":"Exordium Thugs","floor":13.0,"turns":5.0},{"damage":40.0,"enemies":"Hexaghost","floor":16.0,"turns":10.0},{"damage":0.0,"enemies":"2 Thieves","floor":18.0,"turns":4.0},{"damage":0.0,"enemies":"Shell Parasite","floor":19.0,"turns":4.0},{"damage":0.0,"enemies":"3 Cultists","floor":22.0,"turns":5.0},{"damage":0.0,"enemies":"Book of Stabbing","floor":24.0,"turns":6.0},{"damage":0.0,"enemies":"Sentry and Sphere","floor":25.0,"turns":6.0},{"damage":10.0,"enemies":"Gremlin Leader","floor":27.0,"turns":8.0},{"damage":0.0,"enemies":"Centurion and Healer","floor":29.0,"turns":8.0},{"damage":0.0,"enemies":"Snake Plant","floor":30.0,"turns":4.0},{"damage":0.0,"enemies":"Champ","floor":33.0,"turns":14.0},{"damage":0.0,"enemies":"Orb Walker","floor":35.0,"turns":4.0},{"damage":43.0,"enemies":"2 Orb Walkers","floor":38.0,"turns":6.0},{"damage":0.0,"enemies":"3 Shapes","floor":39.0,"turns":5.0},{"damage":0.0,"enemies":"Reptomancer","floor":40.0,"turns":9.0},{"damage":0.0,"enemies":"Spire Growth","floor":41.0,"turns":8.0},{"damage":0,"enemies":"Transient","floor":44,"turns":5},{"damage":0,"enemies":"3 Darklings","floor":47,"turns":2},{"damage":0,"enemies":"Nemesis","floor":48,"turns":7},{"damage":3,"enemies":"Awakened One","floor":50,"turns":16}],"seed_played":"-8728032225559392947","potions_obtained":[{"floor":5.0,"key":"SpeedPotion"},{"floor":8.0,"key":"Explosive Potion"},{"floor":11.0,"key":"LiquidBronze"},{"floor":16.0,"key":"Dexterity Potion"}],"is_trial":false,"path_per_floor":["M","$","M","?","M","E","R","E","T","E","M","$","M","$","R","B",null,"M","M","$","?","M","R","E","M","T","E","$","M","M","?","R","B",null,"M","?","?","?","M","E","M","$","T","M","R","T","M","E","R","B",null],"character_chosen":"DEFECT","items_purchased":["Creative AI","Apotheosis","DataDisk","Chaos","Darkness"],"campfire_rested":2,"item_purchase_floors":[2,12,42,42,42],"current_hp_per_floor":[80,80,79,79,79,36,60,60,60,57,59,59,61,61,61,21,88,90,90,90,90,92,92,92,94,94,84,84,86,88,88,88,88,98,100,100,95,54,58,60,62,62,62,66,98,98,102,104,104,112],"gold":120,"neow_bonus":"TEN_PERCENT_HP_BONUS","is_prod":false,"is_daily":false,"chose_seed":false,"campfire_upgraded":4,"win_rate":0,"timestamp":1559387738,"path_taken":["M","$","M","?","M","E","R","E","T","E","M","?","M","$","R","BOSS","M","M","$","?","M","R","E","M","T","E","$","M","M","?","R","BOSS","M","?","?","?","M","E","M","$","T","M","R","?","?","E","R","BOSS"],"build_version":"2019-01-23","purchased_purges":3,"victory":true,"max_hp_per_floor":[82,82,82,82,82,82,82,82,82,84,86,86,88,88,88,88,88,90,90,90,90,92,92,92,94,94,94,94,96,98,98,98,98,98,100,100,95,97,101,103,105,105,105,109,109,109,113,115,115,115],"card_choices":[{"not_picked":["Barrage","Streamline"],"picked":"Conserve Battery","floor":1.0},{"not_picked":["Hologram","Barrage"],"picked":"BootSequence","floor":3.0},{"not_picked":["Hello World","BootSequence"],"picked":"Ball Lightning","floor":5.0},{"not_picked":["Compile Driver","Chaos","Capacitor"],"picked":"SKIP","floor":6.0},{"not_picked":["Hyperbeam","Redo"],"picked":"Glacier","floor":8.0},{"not_picked":["Cold Snap","FTL","Sunder"],"picked":"Singing Bowl","floor":10.0},{"not_picked":["BootSequence","Loop","Leap","Hologram"],"picked":"Singing Bowl","floor":11.0},{"not_picked":["Beam Cell","Turbo","Rebound","Coolheaded"],"picked":"Singing Bowl","floor":13.0},{"not_picked":["Fission","All For One","Creative AI"],"picked":"Seek","floor":16.0},{"not_picked":["Lockon","Steam+1","Redo","Barrage"],"picked":"Singing Bowl","floor":18.0},{"not_picked":["Heatsinks","Double Energy","Beam Cell"],"picked":"Go for the Eyes+1","floor":19.0},{"not_picked":["Fusion","Ball Lightning","Hologram+1","White Noise"],"picked":"Singing Bowl","floor":22.0},{"not_picked":["Streamline","Lockon","Steam+1"],"picked":"Buffer","floor":24.0},{"not_picked":["Gash","Ball Lightning","Reinforced Body","Stack"],"picked":"Singing Bowl","floor":25.0},{"not_picked":["Hyperbeam","White Noise","Hello World+1"],"picked":"Coolheaded+1","floor":27.0},{"not_picked":["Streamline+1","Turbo","Sweeping Beam","Doom and Gloom"],"picked":"Singing Bowl","floor":29.0},{"not_picked":["Stack","Sunder","Leap","Streamline+1"],"picked":"Singing Bowl","floor":30.0},{"not_picked":["Reboot","Buffer+1","Seek"],"picked":"Electrodynamics+1","floor":33.0},{"not_picked":["Steam","Lockon","Streamline","Beam Cell"],"picked":"Singing Bowl","floor":35.0},{"not_picked":["Steam+1","Stack","Barrage","Go for the Eyes+1"],"picked":"Singing Bowl","floor":38.0},{"not_picked":["BootSequence+1","Consume+1","Barrage","Cold Snap+1"],"picked":"Singing Bowl","floor":39.0},{"not_picked":["Compile Driver+1","White Noise","Biased Cognition+1","Coolheaded"],"picked":"Singing Bowl","floor":39.0},{"not_picked":["Barrage","Go for the Eyes+1","Heatsinks+1","Sunder+1"],"picked":"Singing Bowl","floor":40.0},{"not_picked":["Sunder+1","Scrape+1","Rebound"],"picked":"Defragment+1","floor":41.0},{"not_picked":["Doom and Gloom+1","Barrage+1","Coolheaded","Undo+1"],"picked":"Singing Bowl","floor":41.0},{"not_picked":["Leap","Compile Driver+1","Gash+1","Force Field"],"picked":"Singing Bowl","floor":44},{"not_picked":["Thunder Strike","Gash","Static Discharge+1","Storm+1"],"picked":"Singing Bowl","floor":44},{"not_picked":["Hologram+1","Scrape+1","Cold Snap+1","Conserve Battery+1"],"picked":"Singing Bowl","floor":47},{"not_picked":["Go for the Eyes+1","Gash+1","Rainbow","Fusion"],"picked":"Singing Bowl","floor":47},{"not_picked":["Leap","Steam","Consume","Conserve Battery"],"picked":"Singing Bowl","floor":48}],"player_experience":1269688,"relics_obtained":[{"floor":6.0,"key":"Cables"},{"floor":8.0,"key":"Mummified Hand"},{"floor":9.0,"key":"Singing Bowl"},{"floor":10.0,"key":"Question Card"},{"floor":24.0,"key":"Bag of Marbles"},{"floor":26.0,"key":"Frozen Egg 2"},{"floor":27.0,"key":"Bronze Scales"},{"floor":38.0,"key":"Prayer Wheel"},{"floor":40.0,"key":"Meat on the Bone"},{"floor":43,"key":"Pantograph"},{"floor":46,"key":"Bottled Tornado"},{"floor":48,"key":"Gambling Chip"}],"event_choices":[{"damage_healed":0.0,"max_hp_gain":0.0,"max_hp_loss":0.0,"gold_gain":0.0,"event_name":"Living Wall","player_choice":"Grow","floor":4.0,"gold_loss":0.0,"damage_taken":0.0,"cards_upgraded":["Creative AI"]},{"damage_healed":0.0,"max_hp_gain":0.0,"max_hp_loss":0.0,"gold_gain":0.0,"event_name":"Ghosts","player_choice":"Ignored","floor":21.0,"gold_loss":0.0,"damage_taken":0.0},{"damage_healed":0.0,"max_hp_gain":0.0,"max_hp_loss":0.0,"gold_gain":100.0,"event_name":"Golden Shrine","player_choice":"Pray","floor":31.0,"gold_loss":0.0,"damage_taken":0.0},{"damage_healed":0.0,"max_hp_gain":0.0,"max_hp_loss":0.0,"gold_gain":0.0,"event_name":"Tomb of Lord Red Mask","player_choice":"Ignored","floor":36.0,"gold_loss":0.0,"damage_taken":0.0},{"damage_healed":0.0,"max_hp_gain":0.0,"max_hp_loss":5.0,"gold_gain":0.0,"event_name":"Winding Halls","player_choice":"Max HP","floor":37.0,"gold_loss":0.0,"damage_taken":0.0},{"damage_healed":0.0,"max_hp_gain":0.0,"max_hp_loss":0.0,"gold_gain":0.0,"event_name":"Mysterious Sphere","player_choice":"Fight","floor":38.0,"gold_loss":0.0,"damage_taken":0.0}],"is_beta":false,"boss_relics":[{"not_picked":["Philosopher\u0027s Stone","Tiny House"],"picked":"Sozu"},{"not_picked":["Pandora\u0027s Box","Busted Crown","Lizard Tail"]}],"items_purged_floors":[20,28,42],"is_endless":false,"potions_floor_spawned":[5,8,11,13,16,22,27,29,30,39,41,44],"ascension_level":0}