{"gold_per_floor":[114,134,134,148,162,187,199,199,199,226,30,47,67,92,92,192,192,205,130,61,77,87,87],"floor_reached":23,"playtime":1595,"items_purged":[],"score":323,"play_id":"67177c9e-6ea7-4ed7-814d-7c483438a029","local_time":"20190616080851","is_ascension_mode":true,"campfire_choices":[{"data":"Armaments","floor":8.0,"key":"SMITH"},{"data":"Limit Break","floor":15.0,"key":"SMITH"}],"neow_cost":"NONE","seed_source_timestamp":0,"circlet_count":0,"master_deck":["AscendersBane","Strike_R","Strike_R","Strike_R","Strike_R","Defend_R","Defend_R","Defend_R","Defend_R","Bash","Armaments+1","Pommel Strike","Brutality","Inflame","Wild Strike","Headbutt","Pommel Strike","Flame Barrier","Limit Break+1","True Grit","Intimidate","Shrug It Off","Impervious","Rupture","Headbutt+1","Metallicize","Flame Barrier+1","Clothesline+1"],"special_seed":0,"relics":["Burning Blood","Self Forming Clay","Matryoshka","Darkstone Periapt","Bottled Lightning","White Beast Statue"],"potions_floor_usage":[23],"damage_taken":[{"damage":13.0,"enemies":"Jaw Worm","floor":1.0,"turns":5.0},{"damage":1.0,"enemies":"Cultist","floor":2.0,"turns":4.0},{"damage":7.0,"enemies":"Small Slimes","floor":4.0,"turns":4.0},{"damage":13.0,"enemies":"Gremlin Gang","floor":5.0,"turns":5.0},{"damage":35.0,"enemies":"3 Sentries","floor":6.0,"turns":7.0},{"damage":5.0,"enemies":"Looter","floor":7.0,"turns":3.0},{"damage":10.0,"enemies":"Gremlin Nob","floor":10.0,"turns":3.0},{"damage":15.0,"enemies":"Exordium Thugs","floor":12.0,"turns":7.0},{"damage":7.0,"enemies":"2 Fungi Beasts","floor":13.0,"turns":3.0},{"damage":14.0,"enemies":"Lagavulin","floor":14.0,"turns":8.0},{"damage":22.0,"enemies":"The Guardian","floor":16.0,"turns":14.0},{"damage":21.0,"enemies":"Spheric Guardian","floor":18.0,"turns":4.0},{"damage":25.0,"enemies":"2 Thieves","floor":19.0,"turns":5.0},{"damage":27.0,"enemies":"Snecko","floor":21.0,"turns":9.0},{"damage":6.0,"enemies":"Snake Plant","floor":22.0,"turns":6.0},{"damage":37,"enemies":"Book of Stabbing","floor":23,"turns":6}],"seed_played":"5939285174495051800","potions_obtained":[{"floor":0.0,"key":"Fruit Juice"},{"floor":0.0,"key":"GamblersBrew"},{"floor":0.0,"key":"Strength Potion"},{"floor":1.0,"key":"Fire Potion"},{"floor":7.0,"key":"SpeedPotion"},{"floor":12.0,"key":"Energy Potion"},{"floor":14.0,"key":"Regen Potion"},{"floor":16.0,"key":"AttackPotion"},{"floor":18.0,"key":"Ancient Potion"},{"floor":19.0,"key":"BloodPotion"},{"floor":21.0,"key":"Ancient Potion"},{"floor":22.0,"key":"Regen Potion"}],"is_trial":false,"path_per_floor":["M","M","?","M","M","E","M","R","T","E","$","M","M","E","R","B",null,"M","M","$","M","M","E"],"character_chosen":"IRONCLAD","items_purchased":["Limit Break","Swift Potion","Metallicize"],"campfire_rested":0,"item_purchase_floors":[11,11,20],"current_hp_per_floor":[70,75,75,74,67,38,39,39,39,35,35,26,25,17,17,16,68,53,34,34,21,21,0],"gold":87,"neow_bonus":"THREE_SMALL_POTIONS","is_prod":false,"is_daily":false,"chose_seed":false,"campfire_upgraded":2,"win_rate":0,"timestamp":1560690531,"path_taken":["M","M","?","M","M","E","M","R","T","E","$","?","M","E","R","BOSS","M","M","$","M","M","E"],"build_version":"2019-01-23","purchased_purges":0,"victory":false,"max_hp_per_floor":[85,85,85,85,85,85,85,85,85,85,85,85,85,85,85,85,85,85,85,85,85,85,85],"card_choices":[{"not_picked":["Clash","Thunderclap"],"picked":"Armaments","floor":1.0},{"not_picked":["Bloodletting","Clothesline"],"picked":"Pommel Strike","floor":2.0},{"not_picked":["Blood for Blood","Ghostly Armor"],"picked":"Inflame","floor":4.0},{"not_picked":["Havoc","Iron Wave"],"picked":"Wild Strike","floor":5.0},{"not_picked":["Metallicize","Cleave"],"picked":"Headbutt","floor":6.0},{"not_picked":["Twin Strike","Entrench"],"picked":"Pommel Strike","floor":7.0},{"not_picked":["Corruption","Berserk"],"picked":"Flame Barrier","floor":10.0},{"not_picked":["Clash","Iron Wave"],"picked":"True Grit","floor":12.0},{"not_picked":["Havoc","Iron Wave"],"picked":"Intimidate","floor":13.0},{"not_picked":["Thunderclap","Iron Wave"],"picked":"Shrug It Off","floor":14.0},{"not_picked":["Double Tap","Barricade"],"picked":"Impervious","floor":16.0},{"not_picked":["Evolve","Sword Boomerang"],"picked":"Rupture","floor":18.0},{"not_picked":["Twin Strike","Pommel Strike"],"picked":"Headbutt+1","floor":19.0},{"not_picked":["Hemokinesis","Rampage"],"picked":"Flame Barrier+1","floor":21.0},{"not_picked":["Feel No Pain","Thunderclap"],"picked":"Clothesline+1","floor":22.0}],"player_experience":89558,"relics_obtained":[{"floor":6.0,"key":"Self Forming Clay"},{"floor":9.0,"key":"Matryoshka"},{"floor":10.0,"key":"Darkstone Periapt"},{"floor":14.0,"key":"Bottled Lightning"}],"event_choices":[{"damage_healed":0.0,"max_hp_gain":0.0,"max_hp_loss":0.0,"gold_gain":0.0,"cards_transformed":["Strike_R"],"event_name":"Transmorgrifier","player_choice":"Transformed","floor":3.0,"gold_loss":0.0,"damage_taken":0.0,"cards_obtained":["Brutality"]}],"is_beta":false,"boss_relics":[{"not_picked":["Orrery","Eternal Feather"],"picked":"White Beast Statue"}],"items_purged_floors":[],"is_endless":false,"potions_floor_spawned":[1,7,12,14,16,18,19,21,22],"killed_by":"Book of Stabbing","ascension_level":10}