{"gold_per_floor":[116,116,133,133,149,149,183,201,257,257,283,283,283,308,308,308],"floor_reached":16,"playtime":480,"items_purged":[],"score":143,"play_id":"3021eb41-c7a5-4fd6-8d5e-a456789b17ac","local_time":"20190531205149","is_ascension_mode":false,"campfire_choices":[{"data":"Dualcast","floor":6.0,"key":"SMITH"},{"data":"Echo Form","floor":10.0,"key":"SMITH"},{"data":"Go for the Eyes","floor":13,"key":"SMITH"},{"floor":15,"key":"REST"}],"neow_cost":"NONE","seed_source_timestamp":0,"circlet_count":0,"master_deck":["Strike_B","Strike_B","Strike_B","Strike_B","Defend_B","Defend_B","Defend_B","Defend_B","Zap","Dualcast+1","Decay","Go for the Eyes+1","Echo Form+1","Buffer"],"special_seed":0,"relics":["Cracked Core","Art of War","Bag of Marbles","Tiny Chest","Oddly Smooth Stone","Pen Nib"],"potions_floor_usage":[14],"damage_taken":[{"damage":0.0,"enemies":"Cultist","floor":1.0,"turns":3.0},{"damage":0.0,"enemies":"Small Slimes","floor":3.0,"turns":4.0},{"damage":2.0,"enemies":"Jaw Worm","floor":5.0,"turns":5.0},{"damage":32.0,"enemies":"3 Sentries","floor":7.0,"turns":9.0},{"damage":8.0,"enemies":"2 Fungi Beasts","floor":8.0,"turns":3.0},{"damage":22,"enemies":"Lagavulin","floor":11,"turns":9},{"damage":0,"enemies":"Gremlin Nob","floor":14,"turns":5},{"damage":0,"enemies":"Slime Boss","floor":16,"turns":1}],"seed_played":"-6835650501684319673","potions_obtained":[{"floor":3.0,"key":"Block Potion"},{"floor":8.0,"key":"Weak Potion"},{"floor":11,"key":"Ancient Potion"}],"is_trial":false,"path_per_floor":["M","?","M","$","M","R","E","M","T","R","E","$","R","E","R","B"],"character_chosen":"DEFECT","items_purchased":[],"campfire_rested":1,"item_purchase_floors":[],"current_hp_per_floor":[75,75,75,75,73,73,41,33,33,33,11,11,11,11,33,33],"gold":308,"neow_bonus":"RANDOM_COMMON_RELIC","is_prod":false,"is_daily":false,"chose_seed":false,"campfire_upgraded":3,"win_rate":0,"timestamp":1559332309,"path_taken":["M","?","M","$","M","R","E","M","T","R","E","?","R","E","R","BOSS"],"build_version":"2019-01-23","purchased_purges":0,"victory":false,"max_hp_per_floor":[75,75,75,75,75,75,75,75,75,75,75,75,75,75,75,75],"card_choices":[{"not_picked":["Beam Cell","Redo","Hologram"],"picked":"SKIP","floor":1.0},{"not_picked":["FTL","Redo"],"picked":"Go for the Eyes","floor":3.0},{"not_picked":["Streamline","Go for the Eyes","Skim"],"picked":"SKIP","floor":5.0},{"not_picked":["Blizzard","Genetic Algorithm","Turbo"],"picked":"SKIP","floor":7.0},{"not_picked":["Streamline","Steam"],"picked":"Echo Form","floor":8.0},{"not_picked":["White Noise","Beam Cell"],"picked":"Buffer","floor":11},{"not_picked":["Thunder Strike","Recycle","Loop"],"picked":"SKIP","floor":14}],"player_experience":1267870,"relics_obtained":[{"floor":7.0,"key":"Bag of Marbles"},{"floor":9.0,"key":"Tiny Chest"},{"floor":11,"key":"Oddly Smooth Stone"},{"floor":14,"key":"Pen Nib"}],"event_choices":[{"damage_healed":0.0,"max_hp_gain":0.0,"max_hp_loss":0.0,"gold_gain":0.0,"event_name":"Wheel of Change","player_choice":"Cursed","floor":2.0,"gold_loss":0.0,"damage_taken":0.0,"cards_obtained":["Decay"]}],"is_beta":false,"boss_relics":[],"items_purged_floors":[],"is_endless":false,"potions_floor_spawned":[3,8,11],"killed_by":"Slime Boss","ascension_level":0}