{"gold_per_floor":[115,132,58,58,58,58,5,5,5,30,56,5,5,24,24,122,172,190,200,213,64,77,77,77,77,77,89,119,132,132,144,144,144],"floor_reached":33,"playtime":1219,"items_purged":[],"score":265,"play_id":"a1422555-588d-4433-a5b0-d3a72bf0abe9","local_time":"20190219195240","is_ascension_mode":false,"campfire_choices":[{"data":"Defragment","floor":6.0,"key":"SMITH"},{"data":"Dualcast","floor":8.0,"key":"SMITH"},{"data":"Zap","floor":15.0,"key":"SMITH"},{"data":"Thunder Strike","floor":23.0,"key":"SMITH"},{"data":"Coolheaded","floor":25,"key":"SMITH"},{"floor":32,"key":"REST"}],"neow_cost":"NONE","seed_source_timestamp":632848021707105,"circlet_count":0,"master_deck":["Strike_B","Strike_B+1","Strike_B","Strike_B","Defend_B","Defend_B","Defend_B+1","Defend_B","Zap+1","Dualcast+1","Coolheaded+1","Defragment+1","Conserve Battery","Ball Lightning+1","Seek","Glacier","Cold Snap+1","Thunder Strike+1","Chaos+1","Conserve Battery"],"special_seed":0,"relics":["Cracked Core","Orichalcum","Matryoshka","Centennial Puzzle","Dream Catcher","Tiny House","Boot","Darkstone Periapt","Emotion Chip"],"potions_floor_usage":[],"damage_taken":[{"damage":1.0,"enemies":"Cultist","floor":1.0,"turns":4.0},{"damage":0.0,"enemies":"Small Slimes","floor":2.0,"turns":3.0},{"damage":8.0,"enemies":"3 Sentries","floor":11.0,"turns":7.0},{"damage":0.0,"enemies":"Jaw Worm","floor":14.0,"turns":2.0},{"damage":16.0,"enemies":"The Guardian","floor":16.0,"turns":9.0},{"damage":5.0,"enemies":"2 Thieves","floor":18.0,"turns":4.0},{"damage":23.0,"enemies":"3 Byrds","floor":19.0,"turns":6.0},{"damage":3.0,"enemies":"3 Cultists","floor":20.0,"turns":5.0},{"damage":0.0,"enemies":"Centurion and Healer","floor":22.0,"turns":6.0},{"damage":11,"enemies":"Cultist and Chosen","floor":27,"turns":5},{"damage":24,"enemies":"Slavers","floor":28,"turns":11},{"damage":9,"enemies":"Snake Plant","floor":29,"turns":4},{"damage":0,"enemies":"Shelled Parasite and Fungi","floor":31,"turns":8},{"damage":8,"enemies":"Collector","floor":33,"turns":5}],"seed_played":"-8088656439319411277","potions_obtained":[{"floor":11.0,"key":"Strength Potion"},{"floor":14.0,"key":"FearPotion"},{"floor":17.0,"key":"FairyPotion"},{"floor":19.0,"key":"AttackPotion"},{"floor":27,"key":"Energy Potion"}],"is_trial":false,"path_per_floor":["M","M","$","?","?","R","$","R","T","T","E","$","$","M","R","B",null,"M","M","M","$","M","R","?","R","T","M","E","M","?","M","R","B"],"character_chosen":"DEFECT","items_purchased":["Defragment","Conserve Battery","Ball Lightning","Thunder Strike"],"campfire_rested":1,"item_purchase_floors":[3,7,12,21],"current_hp_per_floor":[81,81,81,65,58,58,58,58,58,58,50,50,50,50,50,34,87,82,59,56,56,56,56,56,56,56,45,21,12,12,12,38,30],"gold":144,"neow_bonus":"TEN_PERCENT_HP_BONUS","is_prod":false,"is_daily":false,"chose_seed":false,"campfire_upgraded":5,"win_rate":0,"timestamp":1550605960,"path_taken":["M","?","$","?","?","R","?","R","T","?","E","?","$","M","R","BOSS","M","M","M","$","M","R","?","R","T","M","E","M","?","M","R","BOSS"],"build_version":"2019-01-23","purchased_purges":0,"victory":false,"max_hp_per_floor":[82,82,82,82,82,82,82,82,82,82,82,82,82,82,82,82,87,87,87,87,87,87,87,87,87,87,87,87,87,87,87,87,87],"card_choices":[{"not_picked":["Stack","Gash","Barrage"],"picked":"SKIP","floor":1.0},{"not_picked":["Barrage","Beam Cell"],"picked":"Coolheaded","floor":2.0},{"not_picked":["Aggregate","Go for the Eyes","Redo"],"picked":"SKIP","floor":11.0},{"not_picked":["Fusion","Compile Driver","Gash"],"picked":"SKIP","floor":14.0},{"not_picked":["Core Surge","Hyperbeam"],"picked":"Seek","floor":16.0},{"not_picked":["Sweeping Beam","Hologram"],"picked":"Glacier","floor":17.0},{"not_picked":["Streamline","Sweeping Beam+1"],"picked":"Cold Snap+1","floor":18.0},{"not_picked":["Stack","Ball Lightning","Coolheaded+1"],"picked":"SKIP","floor":19.0},{"not_picked":["Rip and Tear","Double Energy","Doom and Gloom"],"picked":"SKIP","floor":20.0},{"not_picked":["Stack","Melter","Coolheaded"],"picked":"SKIP","floor":22.0},{"not_picked":["Leap","Biased Cognition","Rebound"],"picked":"SKIP","floor":27},{"not_picked":["Ball Lightning+1","Sweeping Beam","All For One"],"picked":"SKIP","floor":28},{"not_picked":["Beam Cell","Conserve Battery+1"],"picked":"Chaos+1","floor":29},{"not_picked":["Go for the Eyes","Sunder","Static Discharge"],"picked":"SKIP","floor":31},{"not_picked":["Ball Lightning","Reprogram"],"picked":"Conserve Battery","floor":32}],"player_experience":1053674,"relics_obtained":[{"floor":9.0,"key":"Matryoshka"},{"floor":10.0,"key":"Centennial Puzzle"},{"floor":10.0,"key":"Dream Catcher"},{"floor":26,"key":"Boot"},{"floor":26,"key":"Darkstone Periapt"},{"floor":28,"key":"Emotion Chip"}],"event_choices":[{"damage_healed":0.0,"max_hp_gain":0.0,"max_hp_loss":0.0,"gold_gain":0.0,"event_name":"Shining Light","player_choice":"Entered Light","floor":4.0,"gold_loss":0.0,"damage_taken":16.0,"cards_upgraded":["Strike_B","Defend_B"]},{"damage_healed":0.0,"max_hp_gain":0.0,"max_hp_loss":0.0,"gold_gain":0.0,"event_name":"Scrap Ooze","player_choice":"Success","floor":5.0,"gold_loss":0.0,"damage_taken":7.0,"relics_obtained":["Orichalcum"]},{"damage_healed":0,"gold_gain":0,"player_choice":"Ignored","damage_taken":0,"max_hp_gain":0,"max_hp_loss":0,"event_name":"Vampires","floor":30,"gold_loss":0}],"is_beta":false,"boss_relics":[{"not_picked":["Eternal Feather","Ectoplasm"],"picked":"Tiny House"}],"items_purged_floors":[],"is_endless":false,"potions_floor_spawned":[11,14,19,27,28,29],"killed_by":"Collector","ascension_level":0}