{"gold_per_floor":[109,126,145,145,165,191,191,191,265,265,265,284,297,325,325,421,421,432,281,380,232,243,243,203,203,255,274,285,285,318,332,332,435,435,445,459,409,409,429,444,444,444,444,444,471,489,509,509,509,509],"floor_reached":51,"playtime":1441,"items_purged":["Strike_B","Strike_B","Strike_B+1"],"score":909,"play_id":"c8fd6199-2a7b-4579-89b2-71deea4964a3","local_time":"20190605193510","is_ascension_mode":false,"campfire_choices":[{"data":"Dualcast","floor":7.0,"key":"SMITH"},{"data":"Go for the Eyes","floor":11.0,"key":"SMITH"},{"data":"Electrodynamics","floor":15.0,"key":"SMITH"},{"data":"Rainbow","floor":23.0,"key":"SMITH"},{"data":"Ball Lightning","floor":25.0,"key":"SMITH"},{"data":"Defend_B","floor":29.0,"key":"SMITH"},{"data":"Strike_B","floor":32,"key":"SMITH"},{"floor":41,"key":"REST"},{"floor":49,"key":"REST"}],"neow_cost":"NONE","seed_source_timestamp":598828530576387,"circlet_count":0,"master_deck":["Defend_B+1","Defend_B+1","Defend_B+1","Zap+1","Dualcast+1","Conserve Battery+1","Go for the Eyes+1","Electrodynamics+1","Rainbow+1","White Noise+1","Ball Lightning+1","Chaos+1","Defragment+1"],"special_seed":0,"relics":["Cracked Core","Oddly Smooth Stone","Turnip","Singing Bowl","War Paint","White Beast Statue","Smiling Mask","Potion Belt","Empty Cage","Sundial","The Courier"],"potions_floor_usage":[45,50,50,50,50],"damage_taken":[{"damage":0.0,"enemies":"Cultist","floor":1.0,"turns":3.0},{"damage":0.0,"enemies":"Small Slimes","floor":2.0,"turns":5.0},{"damage":0.0,"enemies":"Jaw Worm","floor":3.0,"turns":3.0},{"damage":6.0,"enemies":"3 Louse","floor":5.0,"turns":4.0},{"damage":18.0,"enemies":"Gremlin Nob","floor":6.0,"turns":5.0},{"damage":0.0,"enemies":"Lots of Slimes","floor":12.0,"turns":2.0},{"damage":0.0,"enemies":"2 Fungi Beasts","floor":13.0,"turns":3.0},{"damage":5.0,"enemies":"Lagavulin","floor":14.0,"turns":5.0},{"damage":0.0,"enemies":"Slime Boss","floor":16.0,"turns":7.0},{"damage":0.0,"enemies":"Chosen","floor":18.0,"turns":3.0},{"damage":0.0,"enemies":"Shell Parasite","floor":22.0,"turns":5.0},{"damage":1.0,"enemies":"Cultist and Chosen","floor":27.0,"turns":4.0},{"damage":0.0,"enemies":"3 Cultists","floor":28.0,"turns":4.0},{"damage":16.0,"enemies":"Gremlin Leader","floor":30.0,"turns":7.0},{"damage":0,"enemies":"Centurion and Healer","floor":31,"turns":4},{"damage":24,"enemies":"Champ","floor":33,"turns":13},{"damage":15,"enemies":"3 Darklings","floor":35,"turns":3},{"damage":0,"enemies":"3 Shapes","floor":36,"turns":1},{"damage":2,"enemies":"Maw","floor":39,"turns":9},{"damage":7,"enemies":"Jaw Worm Horde","floor":40,"turns":2},{"damage":93,"enemies":"Giant Head","floor":45,"turns":13},{"damage":0,"enemies":"4 Shapes","floor":46,"turns":1},{"damage":1,"enemies":"Transient","floor":47,"turns":5},{"damage":22,"enemies":"Donu and Deca","floor":50,"turns":10}],"seed_played":"8072386954796512588","potions_obtained":[{"floor":2.0,"key":"SteroidPotion"},{"floor":14.0,"key":"Energy Potion"},{"floor":18.0,"key":"SteroidPotion"},{"floor":30.0,"key":"Fire Potion"},{"floor":31,"key":"FearPotion"},{"floor":33,"key":"AttackPotion"},{"floor":36,"key":"Block Potion"},{"floor":45,"key":"Explosive Potion"}],"is_trial":false,"path_per_floor":["M","M","M","$","M","E","R","$","T","?","R","M","M","E","R","B",null,"M","$","?","$","M","R","?","R","T","M","M","R","E","M","R","B",null,"M","M","$","?","M","M","R","$","T","$","E","M","M","?","R","B",null],"character_chosen":"DEFECT","items_purchased":["FocusPotion","Ball Lightning"],"campfire_rested":2,"item_purchase_floors":[19,21],"current_hp_per_floor":[75,75,75,75,69,51,51,51,51,36,36,38,40,37,37,37,81,81,81,81,81,83,83,83,83,83,84,86,86,70,72,72,50,91,78,80,80,80,80,75,99,99,99,99,6,8,9,11,42,20],"gold":509,"neow_bonus":"RANDOM_COMMON_RELIC","is_prod":false,"is_daily":false,"chose_seed":false,"campfire_upgraded":7,"win_rate":0,"timestamp":1559759710,"path_taken":["M","?","M","$","M","E","R","$","T","?","R","M","M","E","R","BOSS","M","$","?","$","M","R","?","R","T","M","?","R","E","M","R","BOSS","M","M","$","?","M","M","R","$","T","$","E","M","M","?","R","BOSS"],"build_version":"2019-01-23","purchased_purges":3,"victory":true,"max_hp_per_floor":[75,75,75,75,75,75,75,75,75,75,75,77,79,81,81,81,81,81,81,81,81,83,83,83,83,83,85,87,87,87,89,89,91,91,93,95,95,95,97,99,99,99,99,99,99,101,103,105,105,105],"card_choices":[{"not_picked":["Compile Driver","Gash"],"picked":"Conserve Battery","floor":1.0},{"not_picked":["Sweeping Beam","Double Energy","Barrage"],"picked":"SKIP","floor":2.0},{"not_picked":["Fusion","Barrage","Rebound"],"picked":"SKIP","floor":3.0},{"not_picked":["Aggregate","Leap"],"picked":"Go for the Eyes","floor":5.0},{"not_picked":["Rainbow","Compile Driver"],"picked":"Electrodynamics","floor":6.0},{"not_picked":["Streamline","Leap","Conserve Battery"],"picked":"Singing Bowl","floor":12.0},{"not_picked":["Doom and Gloom","Redo","Auto Shields"],"picked":"Singing Bowl","floor":13.0},{"not_picked":["Coolheaded","All For One","Doom and Gloom"],"picked":"Singing Bowl","floor":14.0},{"not_picked":["Electrodynamics","Buffer"],"picked":"Rainbow","floor":16.0},{"not_picked":["Recycle","Go for the Eyes+1"],"picked":"White Noise+1","floor":18.0},{"not_picked":["Barrage","Leap","Rebound"],"picked":"Singing Bowl","floor":22.0},{"not_picked":["Recycle+1","Redo","Ball Lightning"],"picked":"Singing Bowl","floor":27.0},{"not_picked":["Force Field","Cold Snap","Blizzard"],"picked":"Singing Bowl","floor":28.0},{"not_picked":["Barrage","Meteor Strike"],"picked":"Chaos+1","floor":30.0},{"not_picked":["Steam+1","Sweeping Beam+1","Streamline+1"],"picked":"Singing Bowl","floor":31},{"not_picked":["Electrodynamics","Reboot","Meteor Strike"],"picked":"Singing Bowl","floor":33},{"not_picked":["Ball Lightning","Steam+1","Hello World+1"],"picked":"Singing Bowl","floor":35},{"not_picked":["Undo+1","Tempest+1","Scrape"],"picked":"Singing Bowl","floor":36},{"not_picked":["Beam Cell+1","Turbo+1","Streamline+1"],"picked":"Singing Bowl","floor":39},{"not_picked":["Conserve Battery+1","Steam+1","Gash"],"picked":"Singing Bowl","floor":40},{"not_picked":["Chaos","Auto Shields"],"picked":"Defragment+1","floor":45},{"not_picked":["Barrage","Leap+1","Doom and Gloom"],"picked":"Singing Bowl","floor":46},{"not_picked":["Leap","Consume","Compile Driver+1"],"picked":"Singing Bowl","floor":47},{"not_picked":["Dark Shackles","Mayhem","Good Instincts"],"picked":"Singing Bowl","floor":48}],"player_experience":1281176,"relics_obtained":[{"floor":6.0,"key":"Turnip"},{"floor":9.0,"key":"Singing Bowl"},{"floor":14.0,"key":"War Paint"},{"floor":26.0,"key":"Smiling Mask"},{"floor":30.0,"key":"Potion Belt"},{"floor":43,"key":"Sundial"},{"floor":45,"key":"The Courier"}],"event_choices":[{"damage_healed":0.0,"max_hp_gain":0.0,"max_hp_loss":0.0,"gold_gain":0.0,"event_name":"Shining Light","player_choice":"Entered Light","floor":10.0,"gold_loss":0.0,"damage_taken":15.0,"cards_upgraded":["Defend_B","Zap"]},{"damage_healed":0.0,"max_hp_gain":0.0,"max_hp_loss":0.0,"gold_gain":99.0,"event_name":"Nest","player_choice":"Stole From Cult","floor":20.0,"gold_loss":0.0,"damage_taken":0.0},{"damage_healed":0.0,"max_hp_gain":0.0,"max_hp_loss":0.0,"gold_gain":0.0,"event_name":"Designer","player_choice":"Upgraded Two","floor":24.0,"gold_loss":40.0,"damage_taken":0.0,"cards_upgraded":["Conserve Battery","Strike_B"]},{"damage_healed":0,"gold_gain":0,"player_choice":"Ignored","damage_taken":0,"max_hp_gain":0,"max_hp_loss":0,"event_name":"Mysterious Sphere","floor":38,"gold_loss":0},{"damage_healed":0,"gold_gain":0,"player_choice":"Memory 1","damage_taken":0,"max_hp_gain":0,"max_hp_loss":0,"event_name":"SensoryStone","floor":48,"gold_loss":0}],"is_beta":false,"boss_relics":[{"not_picked":["Fusion Hammer","Pandora\u0027s Box"],"picked":"White Beast Statue"},{"not_picked":["Snecko Eye","Coffee Dripper"],"picked":"Empty Cage"}],"items_purged_floors":[19,21,37],"is_endless":false,"potions_floor_spawned":[2,14,18,22,27,28,30,31,33,35,36,39,40,45,46,47],"ascension_level":0}