{"gold_per_floor":[212,212,232,245,262,294,294,326,352,387,406,406,421,189,189,284,284,303,95,115,115,133,133,164,164,190,201,201,232,331,345,345,345],"floor_reached":33,"playtime":1128,"items_purged":["Strike_B"],"score":307,"play_id":"16e86e27-2953-4087-a54e-d6d9866a4584","local_time":"20190306183611","is_ascension_mode":false,"campfire_choices":[{"data":"FTL","floor":7.0,"key":"SMITH"},{"data":"Zap","floor":15.0,"key":"SMITH"},{"data":"Rainbow","floor":23.0,"key":"SMITH"},{"data":"Ball Lightning","floor":28.0,"key":"SMITH"},{"data":"Coolheaded","floor":32,"key":"SMITH"}],"neow_cost":"NONE","seed_source_timestamp":1924449049334911,"circlet_count":0,"master_deck":["Strike_B+1","Strike_B","Strike_B+1","Defend_B+1","Defend_B+1","Defend_B","Defend_B","Zap+1","Dualcast+1","Go for the Eyes+1","Undo","FTL+1","Conserve Battery","Ball Lightning+1","Rainbow+1","Glacier+1","Barrage+1","Writhe","Coolheaded+1"],"special_seed":0,"relics":["Cracked Core","Boot","Whetstone","Centennial Puzzle","Ancient Tea Set","Juzu Bracelet","Cursed Key","Runic Capacitor","Symbiotic Virus","War Paint"],"potions_floor_usage":[],"damage_taken":[{"damage":2.0,"enemies":"Small Slimes","floor":1.0,"turns":4.0},{"damage":0.0,"enemies":"Cultist","floor":3.0,"turns":3.0},{"damage":0.0,"enemies":"Jaw Worm","floor":4.0,"turns":3.0},{"damage":0.0,"enemies":"Looter","floor":5.0,"turns":3.0},{"damage":8.0,"enemies":"Lagavulin","floor":6.0,"turns":9.0},{"damage":11.0,"enemies":"3 Sentries","floor":8.0,"turns":8.0},{"damage":3.0,"enemies":"Gremlin Nob","floor":10.0,"turns":4.0},{"damage":1.0,"enemies":"Exordium Wildlife","floor":11.0,"turns":3.0},{"damage":6.0,"enemies":"Exordium Thugs","floor":13.0,"turns":4.0},{"damage":20.0,"enemies":"The Guardian","floor":16.0,"turns":10.0},{"damage":2.0,"enemies":"Shell Parasite","floor":18.0,"turns":4.0},{"damage":7.0,"enemies":"2 Thieves","floor":20.0,"turns":3.0},{"damage":0.0,"enemies":"Snecko","floor":22.0,"turns":6.0},{"damage":16.0,"enemies":"Gremlin Leader","floor":24.0,"turns":7.0},{"damage":0.0,"enemies":"Centurion and Healer","floor":27.0,"turns":4.0},{"damage":15.0,"enemies":"Slavers","floor":29.0,"turns":5.0},{"damage":8,"enemies":"Snake Plant","floor":31,"turns":3},{"damage":30,"enemies":"Champ","floor":33,"turns":8}],"seed_played":"2115695490676288719","potions_obtained":[{"floor":3.0,"key":"FocusPotion"},{"floor":5.0,"key":"Swift Potion"},{"floor":10.0,"key":"Ancient Potion"},{"floor":11.0,"key":"FearPotion"},{"floor":13.0,"key":"Energy Potion"}],"is_trial":false,"path_per_floor":["M","?","M","M","M","E","R","E","T","E","M","?","M","$","R","B",null,"M","$","M","?","M","R","E","$","T","M","R","E","?","M","R","B"],"character_chosen":"DEFECT","items_purchased":["Juzu Bracelet","Runic Capacitor"],"campfire_rested":0,"item_purchase_floors":[14,19],"current_hp_per_floor":[73,73,73,73,73,65,65,54,54,51,50,50,44,44,44,24,75,73,73,66,66,66,66,50,50,50,50,50,35,35,27,27,0],"gold":345,"neow_bonus":"HUNDRED_GOLD","is_prod":false,"is_daily":false,"chose_seed":false,"campfire_upgraded":5,"win_rate":0,"timestamp":1551897371,"path_taken":["M","?","?","M","M","E","R","E","T","E","M","?","M","$","R","BOSS","M","$","M","?","M","R","E","$","T","M","R","E","?","M","R","BOSS"],"build_version":"2019-01-23","purchased_purges":1,"victory":false,"max_hp_per_floor":[75,75,75,75,75,75,75,75,75,75,75,75,75,75,75,75,75,75,75,75,75,75,75,75,75,75,75,75,75,75,75,75,75],"card_choices":[{"not_picked":["Streamline","Steam"],"picked":"Go for the Eyes","floor":1.0},{"not_picked":["Turbo","Barrage","Beam Cell"],"picked":"SKIP","floor":3.0},{"not_picked":["Coolheaded","Consume"],"picked":"Undo","floor":4.0},{"not_picked":["Rebound","Thunder Strike"],"picked":"FTL","floor":5.0},{"not_picked":["Barrage","Redo"],"picked":"Conserve Battery","floor":6.0},{"not_picked":["Cold Snap","Thunder Strike","Sweeping Beam"],"picked":"SKIP","floor":8.0},{"not_picked":["Force Field","Steam","Coolheaded"],"picked":"SKIP","floor":10.0},{"not_picked":["Compile Driver","Barrage"],"picked":"Ball Lightning","floor":11.0},{"not_picked":["Redo","Loop","Tempest"],"picked":"SKIP","floor":13.0},{"not_picked":["Hyperbeam","All For One"],"picked":"Rainbow","floor":16.0},{"not_picked":["Storm","Self Repair","Hologram"],"picked":"SKIP","floor":18.0},{"not_picked":["Chaos","Self Repair","Skim"],"picked":"SKIP","floor":20.0},{"not_picked":["Self Repair+1","Coolheaded+1"],"picked":"Glacier+1","floor":22.0},{"not_picked":["FTL","Stack"],"picked":"Barrage+1","floor":24.0},{"not_picked":["Sweeping Beam+1","Conserve Battery","Leap"],"picked":"SKIP","floor":27.0},{"not_picked":["Lockon+1","Auto Shields"],"picked":"Coolheaded","floor":29},{"not_picked":["Sweeping Beam","Rebound","Recycle"],"picked":"SKIP","floor":31}],"player_experience":1087737,"relics_obtained":[{"floor":6.0,"key":"Boot"},{"floor":8.0,"key":"Whetstone"},{"floor":9.0,"key":"Centennial Puzzle"},{"floor":10.0,"key":"Ancient Tea Set"},{"floor":24.0,"key":"Symbiotic Virus"},{"floor":26.0,"key":"War Paint"}],"event_choices":[{"damage_healed":0.0,"max_hp_gain":0.0,"max_hp_loss":0.0,"gold_gain":0.0,"event_name":"Upgrade Shrine","player_choice":"Upgraded","floor":2.0,"gold_loss":0.0,"damage_taken":0.0,"cards_upgraded":["Go for the Eyes"]},{"damage_healed":0.0,"max_hp_gain":0.0,"max_hp_loss":0.0,"gold_gain":0.0,"event_name":"Living Wall","player_choice":"Grow","floor":12.0,"gold_loss":0.0,"damage_taken":0.0,"cards_upgraded":["Dualcast"]},{"damage_healed":0.0,"max_hp_gain":0.0,"max_hp_loss":0.0,"gold_gain":0.0,"event_name":"Ghosts","player_choice":"Ignored","floor":21.0,"gold_loss":0.0,"damage_taken":0.0},{"damage_healed":0,"gold_gain":99,"player_choice":"Stole From Cult","damage_taken":0,"max_hp_gain":0,"max_hp_loss":0,"event_name":"Nest","floor":30,"gold_loss":0}],"is_beta":false,"boss_relics":[{"not_picked":["Empty Cage","Sozu"],"picked":"Cursed Key"}],"items_purged_floors":[14],"is_endless":false,"potions_floor_spawned":[3,5,10,11,13,18,20,22,29],"killed_by":"Champ","ascension_level":0}