{"gold_per_floor":[118,134,209,223,240,272,272,301,301,301,321,356,306,324,324,420,420,420,22,0,0,0,0,0,0,0,0,0,0,0,0,0,0,0,0,0,0,0,0,0,0,0,0,0,0,0,0,0,0,0,0,0,0,0,0],"floor_reached":55,"playtime":8819,"items_purged":["Defend_B"],"score":930,"play_id":"4cad94f4-c811-4021-923a-f1a0ab10eba0","local_time":"20190505145252","is_ascension_mode":true,"campfire_choices":[{"floor":7.0,"key":"REST"},{"floor":15.0,"key":"RECALL"},{"data":"Hyperbeam","floor":25.0,"key":"SMITH"},{"data":"Melter","floor":27.0,"key":"SMITH"},{"data":"Rebound","floor":29.0,"key":"SMITH"},{"data":"Meteor Strike","floor":32.0,"key":"SMITH"},{"data":"Darkness","floor":41.0,"key":"PURGE"},{"data":"1","floor":49.0,"key":"LIFT"},{"data":"2","floor":52.0,"key":"LIFT"}],"neow_cost":"NONE","seed_source_timestamp":0,"circlet_count":0,"master_deck":["Strike_B","Strike_B","Strike_B","Defend_B","Defend_B","Zap","Dualcast","Melter+1","Hyperbeam+1","BootSequence+1","Skim+1","Leap+1","Hologram+1","Rebound+1","Meteor Strike+1","Core Surge","Jack Of All Trades+1","Chill+1","Conserve Battery+1","Reboot+1","Reinforced Body+1","Aggregate+1","Double Energy+1","Creative AI","Conserve Battery+1","Leap+1","Sunder","Redo+1","Buffer","Melter+1","Writhe","Parasite","Rebound","Hologram+1","Cold Snap","Stack+1"],"special_seed":0,"relics":["Lizard Tail","Toxic Egg 2","Letter Opener","Meat on the Bone","Sundial","Ectoplasm","Vajra","Peace Pipe","Potion Belt","Kunai","Fusion Hammer","Mummified Hand","Girya","Pear","Gambling Chip"],"potions_floor_usage":[55],"damage_taken":[{"damage":3.0,"enemies":"Jaw Worm","floor":1.0,"turns":4.0},{"damage":1.0,"enemies":"2 Louse","floor":2.0,"turns":2.0},{"damage":5.0,"enemies":"Small Slimes","floor":4.0,"turns":3.0},{"damage":4.0,"enemies":"Gremlin Gang","floor":5.0,"turns":3.0},{"damage":36.0,"enemies":"Gremlin Nob","floor":6.0,"turns":5.0},{"damage":7.0,"enemies":"3 Sentries","floor":8.0,"turns":6.0},{"damage":0.0,"enemies":"Large Slime","floor":11.0,"turns":4.0},{"damage":20.0,"enemies":"Gremlin Nob","floor":12.0,"turns":5.0},{"damage":0.0,"enemies":"Looter","floor":14.0,"turns":2.0},{"damage":16.0,"enemies":"Hexaghost","floor":16.0,"turns":7.0},{"damage":0.0,"enemies":"Chosen","floor":18.0,"turns":3.0},{"damage":5.0,"enemies":"2 Thieves","floor":20.0,"turns":3.0},{"damage":11.0,"enemies":"Centurion and Healer","floor":21.0,"turns":5.0},{"damage":0.0,"enemies":"Gremlin Leader","floor":23.0,"turns":7.0},{"damage":0.0,"enemies":"Snake Plant","floor":24.0,"turns":5.0},{"damage":0.0,"enemies":"Slavers","floor":28.0,"turns":4.0},{"damage":5.0,"enemies":"Book of Stabbing","floor":30.0,"turns":6.0},{"damage":0.0,"enemies":"Sentry and Sphere","floor":31.0,"turns":1.0},{"damage":24.0,"enemies":"Automaton","floor":33.0,"turns":10.0},{"damage":5.0,"enemies":"3 Shapes","floor":35.0,"turns":2.0},{"damage":0.0,"enemies":"3 Darklings","floor":36.0,"turns":5.0},{"damage":22.0,"enemies":"Spire Growth","floor":37.0,"turns":5.0},{"damage":14.0,"enemies":"Maw","floor":38.0,"turns":8.0},{"damage":3.0,"enemies":"Sphere and 2 Shapes","floor":39.0,"turns":4.0},{"damage":0.0,"enemies":"Reptomancer","floor":40.0,"turns":9.0},{"damage":20.0,"enemies":"Nemesis","floor":42.0,"turns":8.0},{"damage":0.0,"enemies":"Jaw Worm Horde","floor":44.0,"turns":4.0},{"damage":4.0,"enemies":"Writhing Mass","floor":46.0,"turns":7.0},{"damage":15.0,"enemies":"Transient","floor":47.0,"turns":5.0},{"damage":47.0,"enemies":"Awakened One","floor":50.0,"turns":14.0},{"damage":20,"enemies":"Shield and Spear","floor":54,"turns":5},{"damage":131,"enemies":"The Heart","floor":55,"turns":5}],"seed_played":"8575397428973605708","potions_obtained":[{"floor":2.0,"key":"AttackPotion"},{"floor":4.0,"key":"Ancient Potion"},{"floor":12.0,"key":"EntropicBrew"},{"floor":14.0,"key":"PowerPotion"},{"floor":16.0,"key":"Block Potion"},{"floor":23.0,"key":"Block Potion"},{"floor":24.0,"key":"PowerPotion"},{"floor":30.0,"key":"FocusPotion"},{"floor":36.0,"key":"EssenceOfSteel"},{"floor":37.0,"key":"EssenceOfSteel"},{"floor":39.0,"key":"EssenceOfSteel"},{"floor":44.0,"key":"Energy Potion"},{"floor":46.0,"key":"GamblersBrew"},{"floor":54,"key":"LiquidBronze"}],"is_trial":false,"path_per_floor":["M","M","?","M","M","E","R","E","T","?","M","E","?","M","R","B",null,"M","$","M","M","?","E","M","R","T","R","E","R","E","M","R","B",null,"M","M","M","M","M","E","R","E","T","M","?","M","M","?","R","B",null,"R","$","E","B"],"character_chosen":"DEFECT","items_purchased":["Core Surge","Vajra","Jack Of All Trades+1"],"campfire_rested":1,"item_purchase_floors":[19,19,19],"current_hp_per_floor":[72,71,60,55,51,15,37,30,30,35,47,39,39,51,51,47,80,80,80,75,64,64,64,64,64,64,64,64,64,59,59,59,47,80,75,75,53,51,48,48,48,40,50,50,73,69,54,54,54,19,90,90,90,70,0],"gold":0,"neow_bonus":"BOSS_RELIC","is_prod":false,"is_daily":false,"chose_seed":false,"campfire_upgraded":4,"win_rate":0,"timestamp":1557085972,"path_taken":["M","M","?","M","M","E","R","E","T","?","M","E","?","M","R","BOSS","M","$","M","M","?","E","?","R","T","R","E","R","E","M","R","BOSS","M","M","M","M","M","E","R","E","T","M","?","M","M","?","R","BOSS","R","$","E","BOSS"],"build_version":"2019-01-23","purchased_purges":1,"victory":false,"max_hp_per_floor":[75,75,75,75,75,75,75,75,75,80,80,80,80,80,80,80,80,80,80,80,80,80,80,80,80,80,80,80,80,80,80,80,80,80,80,80,80,80,80,80,80,80,90,90,90,90,90,90,90,90,90,90,90,90,90],"card_choices":[{"not_picked":["Conserve Battery","Beam Cell"],"picked":"Melter","floor":1.0},{"not_picked":["Streamline","Stack"],"picked":"Darkness","floor":2.0},{"not_picked":["Barrage","Compile Driver","Scrape"],"picked":"SKIP","floor":4.0},{"not_picked":["White Noise","Go for the Eyes"],"picked":"Hyperbeam","floor":5.0},{"not_picked":["Reboot","Defragment"],"picked":"BootSequence","floor":6.0},{"not_picked":["Coolheaded+1","Loop"],"picked":"Skim+1","floor":8.0},{"not_picked":["Gash","Glacier+1"],"picked":"Leap+1","floor":11.0},{"not_picked":["Scrape","Lockon"],"picked":"Hologram+1","floor":12.0},{"not_picked":["Redo+1","Stack+1"],"picked":"Rebound","floor":14.0},{"not_picked":["Reboot+1","Electrodynamics"],"picked":"Meteor Strike","floor":16.0},{"not_picked":["Coolheaded+1","Compile Driver","Stack+1"],"picked":"SKIP","floor":18.0},{"not_picked":["Coolheaded+1","Steam+1"],"picked":"Chill+1","floor":20.0},{"not_picked":["Streamline","Steam+1"],"picked":"Conserve Battery+1","floor":21.0},{"not_picked":["Darkness+1","Beam Cell"],"picked":"Reinforced Body+1","floor":23.0},{"not_picked":["Capacitor","Reboot+1","Genetic Algorithm+1"],"picked":"SKIP","floor":24.0},{"not_picked":["Stack+1","Steam Power+1"],"picked":"Aggregate+1","floor":28.0},{"not_picked":["Tempest+1","Cold Snap","Blizzard"],"picked":"SKIP","floor":30.0},{"not_picked":["Scrape","Hologram+1"],"picked":"Double Energy+1","floor":31.0},{"not_picked":["Fission+1","Seek+1"],"picked":"Creative AI","floor":33.0},{"not_picked":["Sweeping Beam+1","Lockon+1"],"picked":"Conserve Battery+1","floor":35.0},{"not_picked":["Barrage","Auto Shields+1"],"picked":"Leap+1","floor":36.0},{"not_picked":["Consume+1","Gash+1"],"picked":"Sunder","floor":37.0},{"not_picked":["Ball Lightning","Hello World"],"picked":"Redo+1","floor":38.0},{"not_picked":["Chill+1","Sweeping Beam","Go for the Eyes"],"picked":"SKIP","floor":39.0},{"not_picked":["Amplify+1","Force Field+1"],"picked":"Buffer","floor":40.0},{"not_picked":["Melter","Darkness+1"],"picked":"Reprogram+1","floor":42.0},{"not_picked":["Glacier+1","Compile Driver"],"picked":"Melter+1","floor":44.0},{"not_picked":["Gash+1","Coolheaded+1"],"picked":"Rebound","floor":46.0},{"not_picked":["Stack+1","Echo Form"],"picked":"Hologram+1","floor":47.0},{"not_picked":["Auto Shields+1","Barrage"],"picked":"Stack+1","floor":54}],"player_experience":71052,"relics_obtained":[{"floor":6.0,"key":"Toxic Egg 2"},{"floor":8.0,"key":"Letter Opener"},{"floor":9.0,"key":"Meat on the Bone"},{"floor":12.0,"key":"Sundial"},{"floor":23.0,"key":"Peace Pipe"},{"floor":28.0,"key":"Potion Belt"},{"floor":30.0,"key":"Kunai"},{"floor":40.0,"key":"Mummified Hand"},{"floor":42.0,"key":"Girya"},{"floor":43.0,"key":"Pear"},{"floor":54,"key":"Gambling Chip"}],"event_choices":[{"damage_healed":0.0,"max_hp_gain":0.0,"max_hp_loss":0.0,"gold_gain":75.0,"event_name":"World of Goop","player_choice":"Gather Gold","floor":3.0,"gold_loss":0.0,"damage_taken":11.0},{"damage_healed":0.0,"max_hp_gain":5.0,"max_hp_loss":0.0,"gold_gain":0.0,"event_name":"Big Fish","player_choice":"Donut","floor":10.0,"gold_loss":0.0,"damage_taken":0.0},{"cards_removed":["Defend_B"],"damage_healed":0.0,"max_hp_gain":0.0,"max_hp_loss":0.0,"gold_gain":0.0,"event_name":"The Cleric","player_choice":"Card Removal","floor":13.0,"gold_loss":50.0,"damage_taken":0.0},{"damage_healed":0.0,"max_hp_gain":0.0,"max_hp_loss":0.0,"gold_gain":0.0,"cards_transformed":["Strike_B"],"event_name":"Transmorgrifier","player_choice":"Transformed","floor":22.0,"gold_loss":0.0,"damage_taken":0.0,"cards_obtained":["Reboot"]},{"damage_healed":23.0,"max_hp_gain":0.0,"max_hp_loss":0.0,"gold_gain":0.0,"event_name":"Winding Halls","player_choice":"Writhe","floor":45.0,"gold_loss":0.0,"damage_taken":0.0,"cards_obtained":["Writhe"]},{"damage_healed":0.0,"max_hp_gain":0.0,"max_hp_loss":0.0,"gold_gain":0.0,"cards_transformed":["Reprogram"],"event_name":"Transmorgrifier","player_choice":"Transformed","floor":48.0,"gold_loss":0.0,"damage_taken":0.0,"cards_obtained":["Cold Snap"]}],"is_beta":false,"boss_relics":[{"not_picked":["Orrery","Eternal Feather"],"picked":"Ectoplasm"},{"not_picked":["Inserter","Sozu"],"picked":"Fusion Hammer"}],"items_purged_floors":[19],"is_endless":false,"potions_floor_spawned":[2,4,12,14,16,18,23,24,30,36,37,39,44,46,54],"killed_by":"The Heart","ascension_level":1}