{"gold_per_floor":[109,109,127,75,75,75,91,124,197,197,197,220,33,58,58,189,189,213,213,213,233,257,298,298,298,298,298,143,156,56,77,77,200,200,215,215,215,142,166,166,179,192,192,192,18,37,37,0,0,0],"floor_reached":51,"playtime":1708,"items_purged":["Defend_B","Defend_B"],"score":765,"play_id":"744391be-db63-429e-80a7-c850dddf173b","local_time":"20190315004122","is_ascension_mode":false,"campfire_choices":[{"data":"Dualcast","floor":6.0,"key":"SMITH"},{"data":"Zap","floor":11.0,"key":"SMITH"},{"data":"Defragment","floor":15.0,"key":"SMITH"},{"data":"Coolheaded","floor":24,"key":"SMITH"},{"data":"Strike_B","floor":32,"key":"SMITH"},{"data":"Defragment","floor":40,"key":"SMITH"},{"data":"Auto Shields","floor":44,"key":"SMITH"},{"data":"Defragment","floor":49,"key":"SMITH"}],"neow_cost":"NONE","seed_source_timestamp":607644095687244,"circlet_count":0,"master_deck":["Strike_B+1","Strike_B","Strike_B","Defend_B+1","Zap+1","Dualcast+1","Auto Shields+1","Coolheaded+1","Conserve Battery","Ball Lightning+1","Defragment+1","Glacier+1","Glacier","Undo+1","White Noise+1","Chaos+1","Defragment+1","Blizzard","Defragment+1","Ball Lightning"],"special_seed":0,"relics":["FrozenCore","Golden Idol","Potion Belt","Matryoshka","Sozu","Vajra","War Paint","Letter Opener","DataDisk","Ornamental Fan","Ancient Tea Set","Red Mask"],"potions_floor_usage":[50,50],"damage_taken":[{"damage":1.0,"enemies":"Cultist","floor":1.0,"turns":4.0},{"damage":0.0,"enemies":"Jaw Worm","floor":3.0,"turns":3.0},{"damage":0.0,"enemies":"Small Slimes","floor":7.0,"turns":2.0},{"damage":4.0,"enemies":"Lagavulin","floor":8.0,"turns":8.0},{"damage":4.0,"enemies":"Exordium Wildlife","floor":12.0,"turns":4.0},{"damage":0.0,"enemies":"Red Slaver","floor":14.0,"turns":3.0},{"damage":9.0,"enemies":"Hexaghost","floor":16.0,"turns":10.0},{"damage":0.0,"enemies":"2 Thieves","floor":18.0,"turns":4.0},{"damage":0.0,"enemies":"3 Byrds","floor":21.0,"turns":5.0},{"damage":0,"enemies":"3 Cultists","floor":22,"turns":8},{"damage":1,"enemies":"Book of Stabbing","floor":23,"turns":7},{"damage":9,"enemies":"Chosen and Byrds","floor":29,"turns":5},{"damage":0,"enemies":"Snake Plant","floor":31,"turns":4},{"damage":0,"enemies":"Collector","floor":33,"turns":19},{"damage":1,"enemies":"3 Darklings","floor":35,"turns":5},{"damage":0,"enemies":"3 Shapes","floor":39,"turns":5},{"damage":0,"enemies":"Sphere and 2 Shapes","floor":41,"turns":7},{"damage":0,"enemies":"Transient","floor":42,"turns":5},{"damage":0,"enemies":"3 Darklings","floor":46,"turns":5},{"damage":20,"enemies":"Awakened One","floor":50,"turns":16}],"seed_played":"4972078698482665804","potions_obtained":[{"floor":8.0,"key":"PowerPotion"},{"floor":12.0,"key":"EssenceOfSteel"},{"floor":16.0,"key":"EssenceOfSteel"}],"is_trial":false,"path_per_floor":["M","?","M","$","?","R","M","E","T","?","R","M","$","M","R","B",null,"M","$","?","M","M","E","R","?","T","?","$","M","$","M","R","B",null,"M","?","?","$","M","R","M","M","T","R","$","M","?","?","R","B",null],"character_chosen":"DEFECT","items_purchased":["Conserve Battery","Defragment","Glacier","DataDisk","Defragment","Blizzard","Defragment","Ball Lightning"],"campfire_rested":0,"item_purchase_floors":[4,13,13,28,38,45,45,45],"current_hp_per_floor":[81,74,74,74,54,54,54,50,50,50,50,46,46,46,46,37,82,82,82,82,82,82,81,81,81,81,81,81,72,72,72,72,72,82,81,81,81,81,81,81,81,81,81,81,81,81,78,78,78,58],"gold":0,"neow_bonus":"TEN_PERCENT_HP_BONUS","is_prod":false,"is_daily":false,"chose_seed":false,"campfire_upgraded":8,"win_rate":0,"timestamp":1552610482,"path_taken":["M","?","M","$","?","R","M","E","T","?","R","M","$","?","R","BOSS","M","$","?","M","M","E","R","?","T","?","$","M","$","M","R","BOSS","M","?","?","$","M","R","M","M","T","R","$","?","?","?","R","BOSS"],"build_version":"2019-01-23","purchased_purges":2,"victory":true,"max_hp_per_floor":[82,82,82,82,82,82,82,82,82,82,82,82,82,82,82,82,82,82,82,82,82,82,82,82,82,82,82,82,82,82,82,82,82,82,82,82,82,82,82,82,82,82,82,82,82,82,78,78,78,78],"card_choices":[{"not_picked":["Steam","Hologram"],"picked":"Auto Shields","floor":1.0},{"not_picked":["Genetic Algorithm","Stack"],"picked":"Coolheaded","floor":3.0},{"not_picked":["Double Energy","Barrage","Lockon"],"picked":"SKIP","floor":7.0},{"not_picked":["Buffer","Machine Learning"],"picked":"Ball Lightning","floor":8.0},{"not_picked":["Sweeping Beam","Stack","Turbo"],"picked":"SKIP","floor":12.0},{"not_picked":["Barrage","Steam"],"picked":"Glacier","floor":14.0},{"not_picked":["Tempest","Barrage"],"picked":"Undo+1","floor":18.0},{"not_picked":["Turbo","Streamline","Rebound+1"],"picked":"SKIP","floor":21},{"not_picked":["Redo","All For One","Barrage"],"picked":"SKIP","floor":22},{"not_picked":["Chill","Ball Lightning"],"picked":"White Noise+1","floor":23},{"not_picked":["Gash+1","Barrage"],"picked":"Chaos+1","floor":29},{"not_picked":["Heatsinks","Streamline+1","Skim"],"picked":"SKIP","floor":31},{"not_picked":["Compile Driver","Streamline","Go for the Eyes"],"picked":"SKIP","floor":35},{"not_picked":["Leap","Hello World+1","Loop+1"],"picked":"SKIP","floor":39},{"not_picked":["Auto Shields+1","Leap","Hologram"],"picked":"SKIP","floor":41},{"not_picked":["Undo+1","Steam+1","Hologram"],"picked":"SKIP","floor":42},{"not_picked":["Rebound+1","Go for the Eyes","Melter+1"],"picked":"SKIP","floor":46}],"player_experience":1112470,"relics_obtained":[{"floor":8.0,"key":"Potion Belt"},{"floor":9.0,"key":"Matryoshka"},{"floor":23,"key":"Vajra"},{"floor":26,"key":"War Paint"},{"floor":26,"key":"Letter Opener"},{"floor":43,"key":"Ornamental Fan"},{"floor":43,"key":"Ancient Tea Set"}],"event_choices":[{"cards_removed":["Defend_B"],"damage_healed":0.0,"max_hp_gain":0.0,"max_hp_loss":0.0,"gold_gain":0.0,"event_name":"Golden Wing","player_choice":"Card Removal","floor":2.0,"gold_loss":0.0,"damage_taken":7.0},{"damage_healed":0.0,"max_hp_gain":0.0,"max_hp_loss":0.0,"gold_gain":0.0,"event_name":"Golden Idol","player_choice":"Take Damage","floor":5.0,"gold_loss":0.0,"damage_taken":20.0,"relics_obtained":["Golden Idol"]},{"damage_healed":0.0,"max_hp_gain":0.0,"max_hp_loss":0.0,"gold_gain":0.0,"event_name":"The Cleric","player_choice":"Leave","floor":10.0,"gold_loss":0.0,"damage_taken":0.0},{"damage_healed":0.0,"max_hp_gain":0.0,"max_hp_loss":0.0,"gold_gain":0.0,"event_name":"Upgrade Shrine","player_choice":"Upgraded","floor":20.0,"gold_loss":0.0,"damage_taken":0.0,"cards_upgraded":["Ball Lightning"]},{"damage_healed":0,"gold_gain":0,"player_choice":"Ignored","damage_taken":0,"max_hp_gain":0,"max_hp_loss":0,"event_name":"Vampires","floor":25,"gold_loss":0},{"damage_healed":0,"gold_gain":0,"player_choice":"Ignored","damage_taken":0,"max_hp_gain":0,"max_hp_loss":0,"event_name":"Ghosts","floor":27,"gold_loss":0},{"cards_removed":["Strike_B"],"damage_healed":0,"gold_gain":0,"player_choice":"Removed Attack","damage_taken":0,"max_hp_gain":0,"max_hp_loss":0,"event_name":"Falling","floor":36,"gold_loss":0},{"damage_healed":0,"gold_gain":0,"player_choice":"Memory 1","damage_taken":0,"max_hp_gain":0,"max_hp_loss":0,"event_name":"SensoryStone","floor":37,"gold_loss":0},{"damage_healed":0,"gold_gain":0,"player_choice":"Max HP","damage_taken":0,"max_hp_gain":0,"max_hp_loss":4,"event_name":"Winding Halls","floor":47,"gold_loss":0},{"damage_healed":0,"gold_gain":0,"player_choice":"Paid","damage_taken":0,"relics_obtained":["Red Mask"],"max_hp_gain":0,"max_hp_loss":0,"event_name":"Tomb of Lord Red Mask","floor":48,"gold_loss":37}],"is_beta":false,"boss_relics":[{"not_picked":["Lizard Tail","Orrery"],"picked":"Sozu"},{"not_picked":["Cursed Key","Tiny House"],"picked":"FrozenCore"}],"items_purged_floors":[13,30],"is_endless":false,"potions_floor_spawned":[8,12,16,22,29,31,42,46],"ascension_level":0}