{"gold_per_floor":[163,176,176,243,254,254,179,214,238,248,298,327,356,421,421,518,518,538,588,608,211,273,273,287,23,95,16,30,30,60,134,134,230,230,244,294,344,48,98,248,280,124,151,151,166,166,177,190,190,190],"floor_reached":50,"playtime":3095,"items_purged":[],"score":660,"play_id":"35b4b8ab-7c94-4926-a75d-612d5a9ad24a","local_time":"20190619234217","is_ascension_mode":true,"campfire_choices":[{"data":"Cloak And Dagger","floor":6,"key":"SMITH"},{"floor":15,"key":"REST"},{"floor":23,"key":"REST"},{"floor":29,"key":"REST"},{"floor":32,"key":"REST"},{"floor":44,"key":"DIG"},{"data":"A Thousand Cuts","floor":46,"key":"SMITH"},{"floor":49,"key":"DIG"}],"neow_cost":"NONE","seed_source_timestamp":190972840130427,"circlet_count":0,"master_deck":["Defend_G","Defend_G","Defend_G","Defend_G","Defend_G","Strike_G","Strike_G","Strike_G","Strike_G+1","Strike_G","Survivor","Neutralize+1","Backstab","Cloak And Dagger+1","Deflect","Backflip","Terror","Footwork+1","Flechettes","Escape Plan","Blade Dance","Accuracy","Night Terror","Well Laid Plans","A Thousand Cuts+1","Infinite Blades","Deflect","Footwork","Footwork","Caltrops+1","Bullet Time","Phantasmal Killer","Cloak And Dagger+1","Blind","Backstab+1","Accuracy+1"],"relics":["Tiny House","SsserpentHead","PreservedInsect","Pen Nib","Lantern","WristBlade","Nloth\u0027s Gift","Bottled Tornado","Shuriken","Darkstone Periapt","Happy Flower","Regal Pillow","Coffee Dripper","Shovel","Pocketwatch","Dream Catcher","Bag of Marbles","Blood Vial","Juzu Bracelet","Boot"],"potions_floor_usage":[8,18,24,30,33,41,45,45,47,50],"damage_taken":[{"damage":3,"enemies":"Small Slimes","floor":1,"turns":4},{"damage":0,"enemies":"Cultist","floor":2,"turns":3},{"damage":0,"enemies":"2 Louse","floor":4,"turns":3},{"damage":1,"enemies":"Gremlin Gang","floor":5,"turns":5},{"damage":7,"enemies":"3 Sentries","floor":8,"turns":9},{"damage":9,"enemies":"Lots of Slimes","floor":10,"turns":4},{"damage":7,"enemies":"Gremlin Nob","floor":12,"turns":3},{"damage":5,"enemies":"3 Sentries","floor":14,"turns":6},{"damage":10,"enemies":"The Guardian","floor":16,"turns":11},{"damage":16,"enemies":"3 Byrds","floor":18,"turns":7},{"damage":21,"enemies":"Spheric Guardian","floor":20,"turns":4},{"damage":12,"enemies":"Centurion and Healer","floor":22,"turns":6},{"damage":7,"enemies":"Snake Plant","floor":24,"turns":4},{"damage":36,"enemies":"Shelled Parasite and Fungi","floor":28,"turns":7},{"damage":9,"enemies":"Gremlin Leader","floor":30,"turns":7},{"damage":32,"enemies":"Automaton","floor":33,"turns":9},{"damage":18,"enemies":"3 Shapes","floor":35,"turns":6},{"damage":13,"enemies":"Mind Bloom Boss Battle","floor":40,"turns":5},{"damage":2,"enemies":"Giant Head","floor":41,"turns":5},{"damage":6,"enemies":"3 Darklings","floor":45,"turns":2},{"damage":9,"enemies":"Spire Growth","floor":47,"turns":5},{"damage":0,"enemies":"Sphere and 2 Shapes","floor":48,"turns":2},{"damage":39,"enemies":"Time Eater","floor":50,"turns":5}],"seed_played":"-1041327441438425284","potions_obtained":[{"floor":0,"key":"Poison Potion"},{"floor":1,"key":"Poison Potion"},{"floor":5,"key":"Explosive Potion"},{"floor":14,"key":"Block Potion"},{"floor":20,"key":"Strength Potion"},{"floor":22,"key":"Block Potion"},{"floor":28,"key":"SteroidPotion"},{"floor":30,"key":"FearPotion"},{"floor":41,"key":"Fire Potion"},{"floor":45,"key":"Block Potion"}],"is_trial":false,"path_per_floor":["M","M","?","M","M","R","$","E","T","M","?","E","?","E","R","B",null,"M","?","M","$","M","R","M","$","T","$","M","R","E","T","R","B",null,"M","?","?","$","?","?","E","$","T","R","M","R","M","M","R","B"],"character_chosen":"THE_SILENT","items_purchased":["Footwork","A Thousand Cuts","Bottled Tornado","Shuriken","Footwork","Footwork","Shovel","Bag of Marbles","Swift Potion"],"campfire_rested":4,"item_purchase_floors":[7,21,21,25,25,27,38,42,42],"current_hp_per_floor":[72,72,72,72,71,71,71,64,64,55,40,33,33,28,50,40,75,59,59,38,38,26,48,41,41,41,41,5,27,18,18,55,23,75,57,57,57,57,57,44,42,42,42,42,38,38,31,33,33,0],"gold":190,"neow_bonus":"BOSS_RELIC","is_prod":false,"is_daily":false,"chose_seed":false,"campfire_upgraded":2,"win_rate":0,"timestamp":1561002137,"path_taken":["M","M","?","?","M","R","$","E","T","M","?","E","?","E","R","BOSS","M","?","M","$","?","R","M","?","T","$","M","R","E","?","R","BOSS","M","?","?","$","?","?","E","?","T","R","M","R","M","M","R","BOSS"],"build_version":"2019-01-23","purchased_purges":0,"victory":false,"max_hp_per_floor":[75,75,75,75,75,75,75,75,75,75,75,75,75,75,75,75,75,75,75,75,75,75,75,75,75,75,75,75,75,75,75,75,75,75,75,75,75,75,71,71,71,71,71,71,71,71,71,71,71,71],"card_choices":[{"not_picked":["Concentrate","Deadly Poison"],"picked":"Backstab","floor":0},{"not_picked":["Eviscerate","Predator"],"picked":"Cloak And Dagger","floor":1},{"not_picked":["Dagger Throw","Accuracy"],"picked":"Deflect","floor":2},{"not_picked":["Dagger Throw","Quick Slash"],"picked":"Backflip","floor":4},{"not_picked":["Caltrops","Predator"],"picked":"Terror","floor":5},{"not_picked":["Acrobatics","Bullet Time"],"picked":"Flechettes","floor":8},{"not_picked":["Dagger Throw","Flying Knee"],"picked":"Escape Plan","floor":10},{"not_picked":["Predator","Poisoned Stab"],"picked":"Blade Dance","floor":12},{"not_picked":["Dash","Expertise"],"picked":"Accuracy","floor":14},{"not_picked":["Corpse Explosion","Doppelganger"],"picked":"Night Terror","floor":16},{"not_picked":["Dagger Throw","Outmaneuver+1","Quick Slash"],"picked":"SKIP","floor":18},{"not_picked":["Acrobatics+1","Dagger Spray"],"picked":"Well Laid Plans","floor":20},{"not_picked":["PiercingWail+1","Riddle With Holes"],"picked":"Infinite Blades","floor":22},{"not_picked":["Die Die Die","Burst"],"picked":"Deflect","floor":24},{"not_picked":["Bane","Calculated Gamble"],"picked":"Caltrops+1","floor":28},{"not_picked":["Leg Sweep","Corpse Explosion"],"picked":"Bullet Time","floor":30},{"not_picked":["Bullet Time","Corpse Explosion"],"picked":"Phantasmal Killer","floor":33},{"not_picked":["PiercingWail","Quick Slash"],"picked":"Cloak And Dagger+1","floor":35},{"not_picked":["Jack Of All Trades","Deep Breath"],"picked":"Blind","floor":36},{"not_picked":["Night Terror","Flying Knee+1"],"picked":"Backstab+1","floor":41},{"not_picked":["Acrobatics+1","Bane","Dagger Spray"],"picked":"SKIP","floor":45},{"not_picked":["Burst","Acrobatics","Corpse Explosion"],"picked":"SKIP","floor":47},{"not_picked":["Distraction","Outmaneuver+1"],"picked":"Accuracy+1","floor":48}],"player_experience":435642,"relics_obtained":[{"floor":8,"key":"PreservedInsect"},{"floor":9,"key":"Pen Nib"},{"floor":12,"key":"Lantern"},{"floor":14,"key":"Tiny Chest"},{"floor":26,"key":"Darkstone Periapt"},{"floor":30,"key":"Happy Flower"},{"floor":31,"key":"Regal Pillow"},{"floor":40,"key":"Pocketwatch"},{"floor":41,"key":"Dream Catcher"},{"floor":43,"key":"Blood Vial"},{"floor":44,"key":"Juzu Bracelet"},{"floor":49,"key":"Boot"}],"event_choices":[{"damage_healed":0,"gold_gain":0,"player_choice":"Trade","damage_taken":0,"relics_obtained":["SsserpentHead"],"max_hp_gain":0,"max_hp_loss":0,"event_name":"FaceTrader","floor":3,"gold_loss":0},{"damage_healed":0,"gold_gain":0,"player_choice":"Entered Light","damage_taken":15,"max_hp_gain":0,"max_hp_loss":0,"event_name":"Shining Light","floor":11,"gold_loss":0,"cards_upgraded":["Strike_G","Footwork"]},{"damage_healed":0,"gold_gain":0,"player_choice":"Left Gold","damage_taken":0,"max_hp_gain":0,"max_hp_loss":0,"event_name":"World of Goop","floor":13,"gold_loss":21},{"damage_healed":0,"gold_gain":0,"player_choice":"Traded Relic","damage_taken":0,"relics_obtained":["Nloth\u0027s Gift"],"max_hp_gain":0,"max_hp_loss":0,"event_name":"N\u0027loth","floor":19,"relics_lost":["Tiny Chest"],"gold_loss":0},{"damage_healed":0,"gold_gain":0,"player_choice":"Memory 1","damage_taken":0,"max_hp_gain":0,"max_hp_loss":0,"event_name":"SensoryStone","floor":36,"gold_loss":0},{"damage_healed":0,"gold_gain":0,"player_choice":"Ignored","damage_taken":0,"max_hp_gain":0,"max_hp_loss":0,"event_name":"Tomb of Lord Red Mask","floor":37,"gold_loss":0},{"damage_healed":0,"gold_gain":0,"player_choice":"Max HP","damage_taken":0,"max_hp_gain":0,"max_hp_loss":4,"event_name":"Winding Halls","floor":39,"gold_loss":0},{"damage_healed":0,"gold_gain":0,"player_choice":"Fight","damage_taken":0,"max_hp_gain":0,"max_hp_loss":0,"event_name":"MindBloom","floor":40,"gold_loss":0}],"is_beta":false,"boss_relics":[{"not_picked":["Fusion Hammer","Busted Crown"],"picked":"WristBlade"},{"not_picked":["Astrolabe","Pandora\u0027s Box"],"picked":"Coffee Dripper"}],"items_purged_floors":[],"is_endless":false,"potions_floor_spawned":[1,5,14,20,22,28,30,41,45],"killed_by":"Time Eater","ascension_level":4}