{"gold_per_floor":[109,121,137,149,119,144,144,144,195,195,212,212,212,222,222,322,322,334,334,351,53,66,101,113,143,155,28,28,41,41,52,52,52],"floor_reached":33,"playtime":2507,"items_purged":["Strike_G"],"score":323,"play_id":"46c7067d-f7d5-4c2c-abb7-0e5b7b2c472f","local_time":"20190619190929","is_ascension_mode":true,"campfire_choices":[{"data":"Cloak And Dagger","floor":7,"key":"SMITH"},{"floor":12,"key":"REST"},{"data":"Crippling Poison","floor":15,"key":"SMITH"},{"floor":24,"key":"REST"},{"floor":32,"key":"REST"}],"neow_cost":"NONE","seed_source_timestamp":175191997355455,"circlet_count":0,"master_deck":["Defend_G","Defend_G","Defend_G","Defend_G","Strike_G","Strike_G","Survivor","Neutralize","Backflip","PiercingWail","Infinite Blades","Cloak And Dagger+1","Catalyst+1","Caltrops","Crippling Poison+1","Deadly Poison","A Thousand Cuts","Deadly Poison","Poisoned Stab","Footwork","Backflip+1","Well Laid Plans","Cloak And Dagger","Corpse Explosion","Blade Dance","After Image"],"relics":["Empty Cage","Pantograph","Orichalcum","Fusion Hammer","Oddly Smooth Stone","MawBank","Letter Opener"],"potions_floor_usage":[23,29,29,30],"damage_taken":[{"damage":2,"enemies":"Jaw Worm","floor":1,"turns":5},{"damage":1,"enemies":"Small Slimes","floor":2,"turns":5},{"damage":2,"enemies":"2 Louse","floor":3,"turns":4},{"damage":11,"enemies":"Exordium Thugs","floor":4,"turns":8},{"damage":1,"enemies":"Looter","floor":5,"turns":4},{"damage":22,"enemies":"3 Sentries","floor":6,"turns":12},{"damage":0,"enemies":"Lots of Slimes","floor":11,"turns":5},{"damage":10,"enemies":"Large Slime","floor":14,"turns":8},{"damage":36,"enemies":"Slime Boss","floor":16,"turns":11},{"damage":0,"enemies":"Chosen","floor":18,"turns":4},{"damage":6,"enemies":"Shell Parasite","floor":20,"turns":3},{"damage":28,"enemies":"Snake Plant","floor":22,"turns":4},{"damage":17,"enemies":"Gremlin Leader","floor":23,"turns":5},{"damage":8,"enemies":"Shelled Parasite and Fungi","floor":25,"turns":4},{"damage":2,"enemies":"Snecko","floor":29,"turns":4},{"damage":20,"enemies":"3 Cultists","floor":31,"turns":4},{"damage":63,"enemies":"Automaton","floor":33,"turns":10}],"seed_played":"6442560375734481344","potions_obtained":[{"floor":1,"key":"EssenceOfSteel"},{"floor":4,"key":"SpeedPotion"},{"floor":6,"key":"Swift Potion"},{"floor":18,"key":"SpeedPotion"},{"floor":23,"key":"FearPotion"},{"floor":30,"key":"GhostInAJar"},{"floor":30,"key":"Fruit Juice"},{"floor":30,"key":"Ancient Potion"}],"is_trial":false,"path_per_floor":["M","M","M","M","M","E","R","?","T","?","M","R","?","M","R","B",null,"M","?","M","$","M","E","R","M","T","$","$","M","?","M","R","B"],"character_chosen":"THE_SILENT","items_purchased":["Footwork","Oddly Smooth Stone","Corpse Explosion"],"campfire_rested":3,"item_purchase_floors":[21,21,27],"current_hp_per_floor":[68,67,65,54,53,31,31,31,31,24,24,45,45,35,35,24,70,70,70,64,64,36,19,40,32,32,32,32,30,35,15,37,0],"gold":52,"neow_bonus":"BOSS_RELIC","is_prod":false,"is_daily":false,"chose_seed":false,"campfire_upgraded":2,"win_rate":0,"timestamp":1560985769,"path_taken":["M","M","M","M","M","E","R","?","T","?","M","R","?","M","R","BOSS","M","?","M","$","M","E","R","M","T","?","$","M","?","M","R","BOSS"],"build_version":"2019-01-23","purchased_purges":1,"victory":false,"max_hp_per_floor":[70,70,70,70,70,70,70,70,70,70,70,70,70,70,70,70,70,70,70,70,70,70,70,70,70,70,70,70,70,75,75,75,75],"card_choices":[{"not_picked":["Bouncing Flask","Quick Slash"],"picked":"Backflip","floor":1},{"not_picked":["Sucker Punch","Dagger Throw"],"picked":"PiercingWail","floor":2},{"not_picked":["Sucker Punch","Riddle With Holes"],"picked":"Infinite Blades","floor":3},{"not_picked":["Quick Slash","Noxious Fumes"],"picked":"Cloak And Dagger","floor":4},{"not_picked":["PiercingWail","Deadly Poison"],"picked":"Catalyst","floor":5},{"not_picked":["Dodge and Roll","Doppelganger"],"picked":"Caltrops","floor":6},{"not_picked":["Tactician","Sucker Punch"],"picked":"Crippling Poison","floor":11},{"not_picked":["Setup","Well Laid Plans"],"picked":"Deadly Poison","floor":14},{"not_picked":["Unload","Doppelganger"],"picked":"A Thousand Cuts","floor":16},{"not_picked":["Tactician","Eviscerate"],"picked":"Deadly Poison","floor":18},{"not_picked":["Slice","Caltrops"],"picked":"Poisoned Stab","floor":20},{"not_picked":["Slice","Accuracy"],"picked":"Backflip+1","floor":22},{"not_picked":["Caltrops","PiercingWail"],"picked":"Well Laid Plans","floor":23},{"not_picked":["Dagger Throw","Choke"],"picked":"Cloak And Dagger","floor":25},{"not_picked":["Flying Knee+1","Underhanded Strike"],"picked":"Blade Dance","floor":29},{"not_picked":["Predator","Slice+1"],"picked":"After Image","floor":31}],"player_experience":428289,"relics_obtained":[{"floor":6,"key":"Pantograph"},{"floor":9,"key":"Orichalcum"},{"floor":23,"key":"MawBank"},{"floor":26,"key":"Letter Opener"}],"event_choices":[{"damage_healed":0,"gold_gain":0,"player_choice":"Ignored","damage_taken":0,"max_hp_gain":0,"max_hp_loss":0,"event_name":"Liars Game","floor":8,"gold_loss":0},{"cards_removed":["Strike_G"],"damage_healed":0,"gold_gain":0,"player_choice":"Card Removal","damage_taken":7,"max_hp_gain":0,"max_hp_loss":0,"event_name":"Golden Wing","floor":10,"gold_loss":0},{"damage_healed":0,"gold_gain":0,"player_choice":"Grow","damage_taken":0,"max_hp_gain":0,"max_hp_loss":0,"event_name":"Living Wall","floor":13,"gold_loss":0,"cards_upgraded":["Catalyst"]},{"damage_healed":0,"gold_gain":0,"player_choice":"Ignored","damage_taken":0,"max_hp_gain":0,"max_hp_loss":0,"event_name":"Cursed Tome","floor":19,"gold_loss":0},{"damage_healed":0,"gold_gain":0,"player_choice":"Got Potions","damage_taken":0,"max_hp_gain":0,"max_hp_loss":0,"event_name":"Lab","floor":30,"gold_loss":0}],"is_beta":false,"boss_relics":[{"not_picked":["Eternal Feather","White Beast Statue"],"picked":"Fusion Hammer"}],"items_purged_floors":[21],"is_endless":false,"potions_floor_spawned":[1,4,6,16,18,20,23,25],"killed_by":"Automaton","ascension_level":4}