{"gold_per_floor":[361,286,286,137,87,87,118,131,131,131,131,147,158,158,158,256,256,268,64,75,86,86,86,103,103,103,138,157,157,175,175,175,273,273,285,303,303,303,330,330,344,66,66,77,87,99,99,99,99,99],"floor_reached":51,"playtime":1668,"items_purged":["Regret","Strike_B","Auto Shields"],"score":742,"play_id":"ac48b7f2-2a85-4530-a149-823005a1990f","local_time":"20190215003457","is_ascension_mode":false,"campfire_choices":[{"data":"Defragment","floor":6.0,"key":"SMITH"},{"data":"Defragment","floor":11.0,"key":"SMITH"},{"data":"Chaos","floor":15.0,"key":"SMITH"},{"data":"Echo Form","floor":23.0,"key":"SMITH"},{"data":"Defragment","floor":25.0,"key":"SMITH"},{"data":"Zap","floor":29.0,"key":"SMITH"},{"floor":32.0,"key":"REST"},{"data":"Coolheaded","floor":40.0,"key":"SMITH"},{"floor":47.0,"key":"REST"},{"floor":49.0,"key":"REST"}],"neow_cost":"CURSE","seed_source_timestamp":0,"circlet_count":0,"master_deck":["Dualcast","Defragment+1","Coolheaded+1","Defragment+1","Chaos+1","Echo Form+1","Auto Shields+1","Capacitor+1","Chaos+1","Compile Driver+1","Defragment+1","Conserve Battery+1","BootSequence+1","Echo Form+1","Capacitor+1","Barrage+1"],"special_seed":0,"relics":["Cracked Core","Pen Nib","Singing Bowl","Cables","Torii","Astrolabe","Frozen Egg 2","StoneCalendar","Turnip","Empty Cage","Bag of Preparation","Runic Capacitor","Blue Candle"],"potions_floor_usage":[50,50],"damage_taken":[{"damage":2.0,"enemies":"Cultist","floor":1.0,"turns":3.0},{"damage":18.0,"enemies":"3 Sentries","floor":7.0,"turns":8.0},{"damage":0.0,"enemies":"2 Louse","floor":8.0,"turns":2.0},{"damage":1.0,"enemies":"Jaw Worm","floor":12.0,"turns":3.0},{"damage":4.0,"enemies":"Looter","floor":13.0,"turns":3.0},{"damage":22.0,"enemies":"The Guardian","floor":16.0,"turns":7.0},{"damage":0.0,"enemies":"Shell Parasite","floor":18.0,"turns":8.0},{"damage":1.0,"enemies":"Chosen","floor":20.0,"turns":3.0},{"damage":1.0,"enemies":"Centurion and Healer","floor":21.0,"turns":7.0},{"damage":1.0,"enemies":"Chosen and Byrds","floor":24.0,"turns":4.0},{"damage":46.0,"enemies":"Slavers","floor":27.0,"turns":6.0},{"damage":9.0,"enemies":"Shelled Parasite and Fungi","floor":28.0,"turns":6.0},{"damage":0.0,"enemies":"Centurion and Healer","floor":30.0,"turns":6.0},{"damage":28.0,"enemies":"Automaton","floor":33.0,"turns":7.0},{"damage":0.0,"enemies":"3 Shapes","floor":35.0,"turns":5.0},{"damage":13.0,"enemies":"3 Darklings","floor":36.0,"turns":5.0},{"damage":20.0,"enemies":"Spire Growth","floor":41.0,"turns":6.0},{"damage":6.0,"enemies":"Maw","floor":44.0,"turns":7.0},{"damage":21.0,"enemies":"4 Shapes","floor":45.0,"turns":5.0},{"damage":0.0,"enemies":"Sphere and 2 Shapes","floor":46.0,"turns":4.0},{"damage":43,"enemies":"Time Eater","floor":50,"turns":7}],"seed_played":"-7194101509047318092","potions_obtained":[{"floor":7.0,"key":"Fruit Juice"},{"floor":8.0,"key":"Ancient Potion"},{"floor":20.0,"key":"Strength Potion"},{"floor":21.0,"key":"Poison Potion"},{"floor":24.0,"key":"Swift Potion"},{"floor":45.0,"key":"FairyPotion"}],"is_trial":false,"path_per_floor":["M","$","?","$","?","R","E","M","T","?","R","M","M","T","R","B",null,"M","$","M","M","?","R","M","R","T","E","M","R","M","?","R","B",null,"M","M","$","?","T","R","M","$","T","M","M","M","R","$","R","B",null],"character_chosen":"DEFECT","items_purchased":["Coolheaded","Defragment","Runic Capacitor","Capacitor+1"],"campfire_rested":3,"item_purchase_floors":[4,19,42,42],"current_hp_per_floor":[73,73,70,70,70,70,57,59,59,59,59,58,56,56,56,34,84,84,84,83,82,82,82,83,83,83,39,32,32,34,16,45,17,97,99,88,88,88,88,88,70,70,70,66,45,47,79,79,107,64],"gold":99,"neow_bonus":"TWO_FIFTY_GOLD","is_prod":false,"is_daily":false,"chose_seed":false,"campfire_upgraded":7,"win_rate":0,"timestamp":1550190897,"path_taken":["M","$","?","$","?","R","E","M","T","?","R","?","M","?","R","BOSS","M","$","M","M","?","R","M","R","T","E","M","R","M","?","R","BOSS","M","M","$","?","?","R","M","?","T","M","?","M","R","$","R","BOSS"],"build_version":"2019-01-23","purchased_purges":3,"victory":true,"max_hp_per_floor":[75,75,75,75,75,75,80,82,82,82,82,82,84,84,84,84,84,84,84,84,84,84,84,86,86,86,88,90,90,92,97,97,97,97,99,101,101,101,101,101,103,103,103,105,105,107,107,107,107,107],"card_choices":[{"not_picked":["BootSequence","Turbo"],"picked":"Defragment","floor":1.0},{"not_picked":["Force Field","Genetic Algorithm"],"picked":"Auto Shields","floor":7.0},{"not_picked":["Coolheaded","Skim","Hello World"],"picked":"Singing Bowl","floor":8.0},{"not_picked":["Rebound","FTL"],"picked":"Chaos","floor":12.0},{"not_picked":["Go for the Eyes","Force Field","Genetic Algorithm"],"picked":"Singing Bowl","floor":13.0},{"not_picked":["Thunder Strike","Core Surge"],"picked":"Echo Form","floor":16.0},{"not_picked":["Gash+1","Melter"],"picked":"Compile Driver+1","floor":18.0},{"not_picked":["Rebound","Go for the Eyes"],"picked":"Conserve Battery+1","floor":20.0},{"not_picked":["Heatsinks+1","Streamline+1"],"picked":"BootSequence+1","floor":21.0},{"not_picked":["Coolheaded+1","Undo","Leap"],"picked":"Singing Bowl","floor":24.0},{"not_picked":["Tempest","Leap","Steam Power"],"picked":"Singing Bowl","floor":27.0},{"not_picked":["Force Field","Ball Lightning","Hello World+1"],"picked":"Singing Bowl","floor":28.0},{"not_picked":["Go for the Eyes+1","Sunder","Rip and Tear+1"],"picked":"Singing Bowl","floor":30.0},{"not_picked":["All For One","Fission"],"picked":"Echo Form+1","floor":33.0},{"not_picked":["Cold Snap","Steam+1","Redo+1"],"picked":"Singing Bowl","floor":35.0},{"not_picked":["Reinforced Body+1","Cold Snap","Consume+1"],"picked":"Singing Bowl","floor":36.0},{"not_picked":["Sunder+1","Redo","Heatsinks+1"],"picked":"Singing Bowl","floor":41.0},{"not_picked":["Recycle","Melter+1","Fusion"],"picked":"Singing Bowl","floor":44.0},{"not_picked":["Rebound+1","Heatsinks+1"],"picked":"Barrage+1","floor":45.0},{"not_picked":["Ball Lightning","Consume","Capacitor+1"],"picked":"Singing Bowl","floor":46.0}],"player_experience":1040832,"relics_obtained":[{"floor":7.0,"key":"Singing Bowl"},{"floor":9.0,"key":"Cables"},{"floor":14.0,"key":"Torii"},{"floor":26.0,"key":"StoneCalendar"},{"floor":27.0,"key":"Turnip"},{"floor":39.0,"key":"Bag of Preparation"},{"floor":43.0,"key":"Blue Candle"}],"event_choices":[{"damage_healed":0.0,"max_hp_gain":0.0,"max_hp_loss":0.0,"gold_gain":0.0,"event_name":"Scrap Ooze","player_choice":"Success","floor":3.0,"gold_loss":0.0,"damage_taken":3.0,"relics_obtained":["Pen Nib"]},{"cards_removed":["Defend_B"],"damage_healed":0.0,"max_hp_gain":0.0,"max_hp_loss":0.0,"gold_gain":0.0,"event_name":"The Cleric","player_choice":"Card Removal","floor":5.0,"gold_loss":50.0,"damage_taken":0.0},{"damage_healed":0.0,"max_hp_gain":0.0,"max_hp_loss":0.0,"gold_gain":0.0,"cards_transformed":["Strike_B"],"event_name":"Transmorgrifier","player_choice":"Transformed","floor":10.0,"gold_loss":0.0,"damage_taken":0.0,"cards_obtained":["Defragment"]},{"damage_healed":0.0,"max_hp_gain":0.0,"max_hp_loss":0.0,"gold_gain":0.0,"event_name":"The Mausoleum","player_choice":"Opened","floor":22.0,"gold_loss":0.0,"damage_taken":0.0,"relics_obtained":["Frozen Egg 2"]},{"damage_healed":0.0,"max_hp_gain":5.0,"max_hp_loss":0.0,"gold_gain":0.0,"event_name":"Forgotten Altar","player_choice":"Shed Blood","floor":31.0,"gold_loss":0.0,"damage_taken":23.0},{"cards_removed":["Zap"],"damage_healed":0.0,"max_hp_gain":0.0,"max_hp_loss":0.0,"gold_gain":0.0,"event_name":"Falling","player_choice":"Removed Skill","floor":38.0,"gold_loss":0.0,"damage_taken":0.0}],"is_beta":false,"boss_relics":[{"not_picked":["Coffee Dripper","Fusion Hammer"],"picked":"Astrolabe"},{"not_picked":["Lizard Tail","Runic Dome"],"picked":"Empty Cage"}],"items_purged_floors":[2,4,19],"is_endless":false,"potions_floor_spawned":[7,8,20,21,24,27,36,44,45,46],"ascension_level":0}