{"gold_per_floor":[19,31,43,218,236,261,277,36,36,36,48,13,28,48,48,147,147,157,157,172,218,218],"floor_reached":22,"playtime":1437,"items_purged":[],"score":244,"play_id":"5c427975-140e-4b5c-b437-5c86219bdfe0","local_time":"20190615233432","is_ascension_mode":true,"campfire_choices":[{"data":"Capacitor","floor":10,"key":"SMITH"},{"floor":15,"key":"REST"}],"neow_cost":"NO_GOLD","seed_source_timestamp":0,"circlet_count":0,"master_deck":["Zap","Dualcast","Double Energy","Gash","Cold Snap","Conserve Battery","Gash","Hologram","Capacitor","Capacitor+1","Chill","Gash","Reinforced Body","Biased Cognition","Buffer","Storm","Reprogram","Echo Form","Scrape","Core Surge","Amplify","Gash","Parasite","Glacier","Streamline"],"special_seed":0,"relics":["Cracked Core","Dead Branch","Nunchaku","DollysMirror","Calipers","Pandora\u0027s Box","Bag of Preparation"],"potions_floor_usage":[13,13,14],"damage_taken":[{"damage":3.0,"enemies":"2 Louse","floor":1.0,"turns":3.0},{"damage":13.0,"enemies":"Jaw Worm","floor":2.0,"turns":5.0},{"damage":0.0,"enemies":"Cultist","floor":3.0,"turns":4.0},{"damage":5.0,"enemies":"Blue Slaver","floor":5.0,"turns":5.0},{"damage":9,"enemies":"3 Sentries","floor":6,"turns":7},{"damage":18,"enemies":"Exordium Wildlife","floor":7,"turns":4},{"damage":19,"enemies":"2 Fungi Beasts","floor":11,"turns":5},{"damage":0,"enemies":"Large Slime","floor":13,"turns":6},{"damage":13,"enemies":"Exordium Thugs","floor":14,"turns":3},{"damage":12,"enemies":"The Guardian","floor":16,"turns":10},{"damage":33,"enemies":"Spheric Guardian","floor":18,"turns":6},{"damage":35,"enemies":"Shell Parasite","floor":20,"turns":4},{"damage":9,"enemies":"Cultist and Chosen","floor":22,"turns":4}],"seed_played":"-2099612667268074201","potions_obtained":[{"floor":1.0,"key":"EssenceOfSteel"},{"floor":3.0,"key":"SmokeBomb"},{"floor":6,"key":"Block Potion"},{"floor":7,"key":"Explosive Potion"},{"floor":14,"key":"SpeedPotion"}],"is_trial":false,"path_per_floor":["M","M","M","?","M","E","M","$","T","R","M","?","M","M","R","B",null,"M","?","M","T","M"],"character_chosen":"DEFECT","items_purchased":["Capacitor","DollysMirror"],"campfire_rested":1,"item_purchase_floors":[8,8],"current_hp_per_floor":[72,59,59,59,54,45,27,27,27,27,8,26,26,13,35,23,75,42,42,7,7,0],"gold":218,"neow_bonus":"ONE_RARE_RELIC","is_prod":false,"is_daily":false,"chose_seed":false,"campfire_upgraded":1,"win_rate":0,"timestamp":1560656072,"path_taken":["M","M","M","?","M","E","M","$","T","R","M","?","M","M","R","BOSS","M","?","M","?","M"],"build_version":"2019-01-23","purchased_purges":0,"victory":false,"max_hp_per_floor":[75,75,75,75,75,75,75,75,75,75,75,75,75,75,75,75,75,75,75,75,75,75],"card_choices":[{"not_picked":["Aggregate","Rebound"],"picked":"Double Energy","floor":1.0},{"not_picked":["Hello World","Go for the Eyes"],"picked":"Gash","floor":2.0},{"not_picked":["Turbo","Go for the Eyes"],"picked":"Cold Snap","floor":3.0},{"not_picked":["Redo","Rip and Tear"],"picked":"Conserve Battery","floor":5.0},{"not_picked":["Ball Lightning","Darkness"],"picked":"Gash","floor":6},{"not_picked":["Thunder Strike","Coolheaded"],"picked":"Hologram","floor":7},{"not_picked":["Lockon","Force Field"],"picked":"Chill","floor":11},{"not_picked":["Turbo","Chaos"],"picked":"Gash","floor":13},{"not_picked":["Go for the Eyes","Redo"],"picked":"Reinforced Body","floor":14},{"not_picked":["Amplify","Reboot"],"picked":"Biased Cognition","floor":16},{"not_picked":["Redo","Cold Snap+1"],"picked":"Gash","floor":18},{"not_picked":["Reprogram","Steam"],"picked":"Streamline","floor":20}],"player_experience":268137,"relics_obtained":[{"floor":6,"key":"Nunchaku"},{"floor":9,"key":"Calipers"},{"floor":21,"key":"Bag of Preparation"}],"event_choices":[{"damage_healed":0.0,"max_hp_gain":0.0,"max_hp_loss":0.0,"gold_gain":175.0,"event_name":"Liars Game","player_choice":"AGREE","floor":4.0,"gold_loss":0.0,"damage_taken":0.0,"cards_obtained":["Doubt"]},{"damage_healed":18,"gold_gain":0,"player_choice":"Healed","damage_taken":0,"max_hp_gain":0,"max_hp_loss":0,"event_name":"The Cleric","floor":12,"gold_loss":35},{"damage_healed":0,"gold_gain":0,"cards_transformed":["Doubt","Compile Driver"],"player_choice":"Became Test Subject","damage_taken":0,"max_hp_gain":0,"max_hp_loss":0,"event_name":"Drug Dealer","floor":19,"gold_loss":0,"cards_obtained":["Parasite","Glacier"]}],"is_beta":false,"boss_relics":[{"not_picked":["White Beast Statue","Philosopher\u0027s Stone"],"picked":"Pandora\u0027s Box"}],"items_purged_floors":[],"is_endless":false,"potions_floor_spawned":[1,3,6,7,14],"killed_by":"Cultist and Chosen","ascension_level":3}