{"gold_per_floor":[18,38,38,51,62,87,87,114,164,164,183,201,214,246,246,345,345,362,378,378,19,30,63,63,90,90,110,110,110,180,196,196,299,299,312,328,378,69,119,119,150,169,241,269,330,357,357,385,385,385,385,385,119,151,151],"floor_reached":55,"playtime":6757,"items_purged":[],"score":1009,"play_id":"1fcc7f64-ca18-4e4f-854b-4fb9d38d0c19","local_time":"20190512190453","is_ascension_mode":true,"campfire_choices":[{"data":"Sucker Punch","floor":7.0,"key":"SMITH"},{"floor":15.0,"key":"RECALL"},{"floor":29.0,"key":"REST"},{"data":"Underhanded Strike","floor":32.0,"key":"SMITH"},{"data":"Wraith Form v2","floor":40.0,"key":"SMITH"},{"data":"Eviscerate","floor":47.0,"key":"SMITH"},{"data":"Tactician","floor":49.0,"key":"SMITH"},{"data":"Underhanded Strike","floor":52.0,"key":"SMITH"}],"neow_cost":"NO_GOLD","seed_source_timestamp":256125815500500,"circlet_count":0,"master_deck":["Defend_G","Defend_G","Defend_G","Defend_G","Defend_G","Strike_G","Strike_G","Strike_G","Strike_G","Strike_G","Survivor","Neutralize","Backstab+1","Flying Knee","Sucker Punch+1","Tactician","Escape Plan","Distraction","Endless Agony","Underhanded Strike+1","Slice","Acrobatics","After Image","Slice","Noxious Fumes+1","Underhanded Strike+1","Violence","Backstab+1","Backflip","Skewer+1","Wraith Form v2+1","Tactician+1","Expertise","Impatience","Panache","Eviscerate+1","Prepared+1","Eviscerate+1","Terror+1","Crippling Poison+1","Infinite Blades"],"special_seed":0,"relics":["Ring of the Snake","Anchor","Gremlin Horn","Bag of Preparation","Centennial Puzzle","HoveringKite","Toy Ornithopter","Bag of Marbles","MutagenicStrength","Mummified Hand","SsserpentHead","WristBlade","Ginger","Art of War","Toxic Egg 2","Strawberry","Potion Belt","Bottled Lightning","Shuriken"],"potions_floor_usage":[54,55,55,55],"damage_taken":[{"damage":2.0,"enemies":"Jaw Worm","floor":1.0,"turns":6.0},{"damage":0.0,"enemies":"2 Louse","floor":2.0,"turns":1.0},{"damage":0.0,"enemies":"Cultist","floor":4.0,"turns":3.0},{"damage":6.0,"enemies":"Lots of Slimes","floor":5.0,"turns":4.0},{"damage":20.0,"enemies":"3 Sentries","floor":6.0,"turns":11.0},{"damage":10.0,"enemies":"Gremlin Nob","floor":8.0,"turns":4.0},{"damage":0.0,"enemies":"2 Fungi Beasts","floor":11.0,"turns":2.0},{"damage":0.0,"enemies":"Gremlin Gang","floor":12.0,"turns":2.0},{"damage":0.0,"enemies":"3 Louse","floor":13.0,"turns":1.0},{"damage":17.0,"enemies":"Lagavulin","floor":14.0,"turns":7.0},{"damage":36.0,"enemies":"The Guardian","floor":16.0,"turns":14.0},{"damage":6.0,"enemies":"2 Thieves","floor":18.0,"turns":4.0},{"damage":15.0,"enemies":"Spheric Guardian","floor":19.0,"turns":4.0},{"damage":7.0,"enemies":"Snecko","floor":22.0,"turns":4.0},{"damage":16.0,"enemies":"Slavers","floor":23.0,"turns":5.0},{"damage":21.0,"enemies":"Book of Stabbing","floor":25.0,"turns":5.0},{"damage":0.0,"enemies":"Snake Plant","floor":27.0,"turns":1.0},{"damage":3.0,"enemies":"3 Cultists","floor":30.0,"turns":4.0},{"damage":0.0,"enemies":"Centurion and Healer","floor":31.0,"turns":2.0},{"damage":26.0,"enemies":"Collector","floor":33.0,"turns":4.0},{"damage":0.0,"enemies":"Orb Walker","floor":35.0,"turns":1.0},{"damage":0.0,"enemies":"3 Shapes","floor":36.0,"turns":1.0},{"damage":5.0,"enemies":"Giant Head","floor":41.0,"turns":5.0},{"damage":0.0,"enemies":"Jaw Worm Horde","floor":42.0,"turns":1.0},{"damage":0.0,"enemies":"Nemesis","floor":44.0,"turns":4.0},{"damage":0.0,"enemies":"Transient","floor":45.0,"turns":5.0},{"damage":0.0,"enemies":"Reptomancer","floor":46.0,"turns":2.0},{"damage":1.0,"enemies":"Nemesis","floor":48.0,"turns":3.0},{"damage":62.0,"enemies":"Donu and Deca","floor":50.0,"turns":9.0},{"damage":13,"enemies":"Shield and Spear","floor":54,"turns":5},{"damage":119,"enemies":"The Heart","floor":55,"turns":8}],"seed_played":"1928446822198280754","potions_obtained":[{"floor":2.0,"key":"SpeedPotion"},{"floor":4.0,"key":"Fire Potion"},{"floor":5.0,"key":"Dexterity Potion"},{"floor":13.0,"key":"FairyPotion"},{"floor":14.0,"key":"Block Potion"},{"floor":16.0,"key":"EssenceOfSteel"},{"floor":19.0,"key":"Ancient Potion"},{"floor":25.0,"key":"Explosive Potion"},{"floor":31.0,"key":"SteroidPotion"},{"floor":33.0,"key":"Ancient Potion"},{"floor":35.0,"key":"EssenceOfSteel"},{"floor":41.0,"key":"Energy Potion"},{"floor":44.0,"key":"Regen Potion"}],"is_trial":false,"path_per_floor":["M","M","?","M","M","E","R","E","T","?","M","M","M","E","R","B",null,"M","M","?","$","M","E","?","E","T","M","?","R","M","M","R","B",null,"M","M","?","$","?","R","E","M","T","E","M","E","R","E","R","B",null,"R","$","E","B"],"character_chosen":"THE_SILENT","items_purchased":["Violence","Toy Ornithopter","Ginger","Block Potion","Dexterity Potion","PowerPotion","Crippling Poison+1","Infinite Blades"],"campfire_rested":1,"item_purchase_floors":[21,21,38,53,53,53,53,53],"current_hp_per_floor":[82,82,87,87,81,61,61,51,51,89,89,89,89,72,72,36,89,83,68,68,68,61,45,45,24,24,24,24,50,47,47,47,26,89,89,89,84,84,84,84,84,84,84,96,96,96,96,95,95,33,96,96,96,83,0],"gold":151,"neow_bonus":"TWENTY_PERCENT_HP_BONUS","is_prod":false,"is_daily":false,"chose_seed":false,"campfire_upgraded":6,"win_rate":0,"timestamp":1557705893,"path_taken":["M","M","?","M","M","E","R","E","T","?","M","M","M","E","R","BOSS","M","M","?","$","?","E","?","E","T","M","?","R","?","M","R","BOSS","M","M","?","$","?","R","E","M","T","E","?","E","R","E","R","BOSS","R","$","E","BOSS"],"build_version":"2019-01-23","purchased_purges":0,"victory":false,"max_hp_per_floor":[84,84,89,89,89,89,89,89,89,89,89,89,89,89,89,89,89,89,89,89,89,89,89,89,89,89,89,89,89,89,89,89,89,89,89,89,89,89,89,89,89,89,89,96,96,96,96,96,96,96,96,96,96,96,96],"card_choices":[{"not_picked":["Prepared","Catalyst"],"picked":"Backstab","floor":1.0},{"not_picked":["Outmaneuver","Blade Dance"],"picked":"Flying Knee","floor":2.0},{"not_picked":["Escape Plan","Acrobatics"],"picked":"Sucker Punch","floor":4.0},{"not_picked":["Prepared","Doppelganger"],"picked":"Tactician","floor":5.0},{"not_picked":["Poisoned Stab","Deadly Poison"],"picked":"Escape Plan","floor":6.0},{"not_picked":["Escape Plan","Crippling Poison"],"picked":"Distraction","floor":8.0},{"not_picked":["Deflect","Sucker Punch"],"picked":"Endless Agony","floor":11.0},{"not_picked":["Backflip","Outmaneuver"],"picked":"Underhanded Strike","floor":12.0},{"not_picked":["Dodge and Roll","Underhanded Strike"],"picked":"Slice","floor":13.0},{"not_picked":["Doppelganger","PiercingWail"],"picked":"Acrobatics","floor":14.0},{"not_picked":["Die Die Die","Grand Finale"],"picked":"After Image","floor":16.0},{"not_picked":["Prepared","Bouncing Flask"],"picked":"Slice","floor":18.0},{"not_picked":["Flying Knee","Distraction"],"picked":"Noxious Fumes+1","floor":19.0},{"not_picked":["Catalyst+1","Well Laid Plans"],"picked":"Backstab+1","floor":22.0},{"not_picked":["Quick Slash+1","Escape Plan"],"picked":"Backflip","floor":23.0},{"not_picked":["Phantasmal Killer","Dodge and Roll","Outmaneuver+1"],"picked":"SKIP","floor":25.0},{"not_picked":["Cloak And Dagger","Noxious Fumes","Escape Plan"],"picked":"SKIP","floor":27.0},{"not_picked":["Prepared","PiercingWail","Concentrate+1"],"picked":"SKIP","floor":30.0},{"not_picked":["Flying Knee","Outmaneuver+1"],"picked":"Skewer+1","floor":31.0},{"not_picked":["Grand Finale","Phantasmal Killer"],"picked":"Wraith Form v2","floor":33.0},{"not_picked":["Quick Slash","Noxious Fumes+1"],"picked":"Tactician","floor":35.0},{"not_picked":["Deadly Poison+1","Dodge and Roll+1"],"picked":"Expertise","floor":36.0},{"not_picked":["HandOfGreed","PanicButton"],"picked":"Impatience","floor":37.0},{"not_picked":["Jack Of All Trades","Trip"],"picked":"Panache","floor":37.0},{"not_picked":["Dodge and Roll+1","Terror+1","Sucker Punch+1"],"picked":"SKIP","floor":41.0},{"not_picked":["Calculated Gamble+1","Crippling Poison+1","Deadly Poison"],"picked":"SKIP","floor":42.0},{"not_picked":["Slice+1","Unload"],"picked":"Eviscerate+1","floor":44.0},{"not_picked":["PiercingWail+1","Outmaneuver+1"],"picked":"Prepared+1","floor":45.0},{"not_picked":["Slice+1","Poisoned Stab+1"],"picked":"Eviscerate","floor":46.0},{"not_picked":["Dagger Throw+1","Prepared+1"],"picked":"Terror+1","floor":48.0},{"not_picked":["Deadly Poison+1","Terror+1","Bouncing Flask+1"],"picked":"SKIP","floor":54}],"player_experience":106260,"relics_obtained":[{"floor":6.0,"key":"Anchor"},{"floor":8.0,"key":"Gremlin Horn"},{"floor":9.0,"key":"Bag of Preparation"},{"floor":14.0,"key":"Centennial Puzzle"},{"floor":23.0,"key":"Bag of Marbles"},{"floor":25.0,"key":"Mummified Hand"},{"floor":41.0,"key":"Art of War"},{"floor":43.0,"key":"Toxic Egg 2"},{"floor":44.0,"key":"Strawberry"},{"floor":46.0,"key":"Potion Belt"},{"floor":48.0,"key":"Bottled Lightning"},{"floor":54,"key":"Shuriken"}],"event_choices":[{"damage_healed":0.0,"max_hp_gain":5.0,"max_hp_loss":0.0,"gold_gain":0.0,"event_name":"Big Fish","player_choice":"Donut","floor":3.0,"gold_loss":0.0,"damage_taken":0.0},{"damage_healed":38.0,"max_hp_gain":0.0,"max_hp_loss":0.0,"gold_gain":0.0,"event_name":"Wheel of Change","player_choice":"Full Heal","floor":10.0,"gold_loss":0.0,"damage_taken":0.0},{"damage_healed":0.0,"max_hp_gain":0.0,"max_hp_loss":0.0,"gold_gain":0.0,"event_name":"Duplicator","player_choice":"Copied","floor":20.0,"gold_loss":0.0,"damage_taken":0.0,"cards_obtained":["Underhanded Strike"]},{"damage_healed":0.0,"max_hp_gain":0.0,"max_hp_loss":0.0,"gold_gain":0.0,"event_name":"Drug Dealer","player_choice":"Inject Mutagens","floor":24.0,"gold_loss":0.0,"damage_taken":0.0,"relics_obtained":["MutagenicStrength"]},{"damage_healed":0.0,"max_hp_gain":0.0,"max_hp_loss":0.0,"gold_gain":0.0,"event_name":"FaceTrader","player_choice":"Trade","floor":28.0,"gold_loss":0.0,"damage_taken":0.0,"relics_obtained":["SsserpentHead"]},{"damage_healed":0.0,"max_hp_gain":0.0,"max_hp_loss":0.0,"gold_gain":0.0,"event_name":"SensoryStone","player_choice":"Memory 2","floor":37.0,"gold_loss":0.0,"damage_taken":5.0},{"damage_healed":0.0,"max_hp_gain":0.0,"max_hp_loss":0.0,"gold_gain":0.0,"event_name":"Upgrade Shrine","player_choice":"Upgraded","floor":39.0,"gold_loss":0.0,"damage_taken":0.0,"cards_upgraded":["Backstab"]}],"is_beta":false,"boss_relics":[{"not_picked":["Astrolabe","White Beast Statue"],"picked":"HoveringKite"},{"not_picked":["Cursed Key","Pandora\u0027s Box"],"picked":"WristBlade"}],"items_purged_floors":[],"is_endless":false,"potions_floor_spawned":[2,4,5,13,14,16,19,25,31,33,35,41,44,45],"killed_by":"The Heart","ascension_level":2}