{"gold_per_floor":[117,117,137,148,168,168,195,195,195,213,138,138,154,54,54,149,149,159,34,45,58,73,73,89,89,89,21,34,63,13,13,13,115,115,128,26,26,44,44,44,79,79,79,97,97,97,97,108,108,108],"floor_reached":51,"playtime":3140,"items_purged":["Strike_B","Strike_B","Pain","Doubt","Injury"],"score":697,"play_id":"d2a08c72-a834-43d8-a770-43c725ae7d37","local_time":"20190619191313","is_ascension_mode":false,"campfire_choices":[{"data":"Dualcast","floor":6.0,"key":"SMITH"},{"data":"Zap","floor":8.0,"key":"SMITH"},{"floor":12.0,"key":"DIG"},{"floor":15.0,"key":"DIG"},{"data":"Go for the Eyes","floor":23.0,"key":"SMITH"},{"data":"Electrodynamics","floor":25.0,"key":"SMITH"},{"data":"Defragment","floor":32.0,"key":"SMITH"},{"data":"Defend_B","floor":40.0,"key":"SMITH"},{"data":"Buffer","floor":42.0,"key":"SMITH"},{"data":"Defend_B","floor":47,"key":"SMITH"},{"data":"Defend_B","floor":49,"key":"SMITH"}],"neow_cost":"NONE","seed_source_timestamp":368826928811588,"circlet_count":0,"master_deck":["Defend_B+1","Defend_B+1","Defend_B+1","Defend_B","Dualcast+1","Ball Lightning","Ball Lightning","Undo","Ball Lightning","Electrodynamics+1","Go for the Eyes+1","BootSequence","Buffer+1","Defragment+1","Conserve Battery","Conserve Battery","Coolheaded+1"],"special_seed":0,"relics":["Cracked Core","Torii","Shovel","Mango","Anchor","Calling Bell","Centennial Puzzle","Sundial","Thread and Needle","Calipers","Smiling Mask","Cursed Key","Ginger"],"potions_floor_usage":[50,50,50],"damage_taken":[{"damage":0.0,"enemies":"2 Louse","floor":1.0,"turns":2.0},{"damage":1.0,"enemies":"Cultist","floor":3.0,"turns":3.0},{"damage":0.0,"enemies":"Small Slimes","floor":4.0,"turns":2.0},{"damage":0.0,"enemies":"Exordium Thugs","floor":5.0,"turns":3.0},{"damage":22.0,"enemies":"3 Sentries","floor":7.0,"turns":6.0},{"damage":0.0,"enemies":"3 Louse","floor":10.0,"turns":2.0},{"damage":0.0,"enemies":"Looter","floor":13.0,"turns":3.0},{"damage":25.0,"enemies":"The Guardian","floor":16.0,"turns":8.0},{"damage":3.0,"enemies":"Chosen","floor":18.0,"turns":3.0},{"damage":1.0,"enemies":"Shell Parasite","floor":20.0,"turns":6.0},{"damage":1.0,"enemies":"Snake Plant","floor":21.0,"turns":3.0},{"damage":1.0,"enemies":"Shelled Parasite and Fungi","floor":22.0,"turns":5.0},{"damage":0.0,"enemies":"Centurion and Healer","floor":24.0,"turns":6.0},{"damage":0.0,"enemies":"Snake Plant","floor":28.0,"turns":4.0},{"damage":1.0,"enemies":"Slavers","floor":29.0,"turns":3.0},{"damage":23.0,"enemies":"Automaton","floor":33.0,"turns":9.0},{"damage":0.0,"enemies":"3 Shapes","floor":35.0,"turns":2.0},{"damage":1.0,"enemies":"Orb Walker","floor":38.0,"turns":4.0},{"damage":21.0,"enemies":"Reptomancer","floor":41.0,"turns":8.0},{"damage":0,"enemies":"Sphere and 2 Shapes","floor":44,"turns":6},{"damage":0,"enemies":"3 Darklings","floor":48,"turns":3},{"damage":18,"enemies":"Awakened One","floor":50,"turns":22}],"seed_played":"1214817235159671857","potions_obtained":[{"floor":1.0,"key":"Strength Potion"},{"floor":7.0,"key":"FearPotion"},{"floor":13.0,"key":"PowerPotion"},{"floor":18.0,"key":"Energy Potion"},{"floor":41.0,"key":"LiquidBronze"}],"is_trial":false,"path_per_floor":["M","?","M","M","M","R","E","R","T","M","$","R","M","$","R","B",null,"M","$","M","M","M","R","M","R","T","$","M","E","$","?","R","B",null,"M","$","?","M","$","R","E","R","T","M","?","?","R","M","R","B",null],"character_chosen":"DEFECT","items_purchased":["BootSequence","Conserve Battery"],"campfire_rested":0,"item_purchase_floors":[27,36],"current_hp_per_floor":[82,82,81,81,81,81,59,59,59,59,59,73,73,73,73,48,96,93,93,92,91,90,90,90,90,90,90,90,89,89,89,89,66,96,96,96,96,95,95,95,74,74,74,74,74,74,74,74,74,56],"gold":108,"neow_bonus":"TEN_PERCENT_HP_BONUS","is_prod":false,"is_daily":false,"chose_seed":false,"campfire_upgraded":9,"win_rate":0,"timestamp":1560967993,"path_taken":["M","?","M","M","M","R","E","R","T","?","$","R","M","$","R","BOSS","M","$","M","M","M","R","M","R","T","$","M","E","$","?","R","BOSS","M","$","?","M","?","R","E","R","T","M","?","?","R","M","R","BOSS"],"build_version":"2019-01-23","purchased_purges":5,"victory":true,"max_hp_per_floor":[82,82,82,82,82,82,82,82,82,82,82,96,96,96,96,96,96,96,96,96,96,96,96,96,96,96,96,96,96,96,96,96,96,96,96,96,96,96,96,96,96,96,96,96,96,96,96,96,96,96],"card_choices":[{"not_picked":["Hello World","Chaos"],"picked":"Ball Lightning","floor":1.0},{"not_picked":["Steam Power","Gash"],"picked":"Ball Lightning","floor":3.0},{"not_picked":["Rip and Tear","Compile Driver","Steam"],"picked":"SKIP","floor":4.0},{"not_picked":["Barrage","Streamline","Beam Cell"],"picked":"SKIP","floor":5.0},{"not_picked":["Steam","Stack"],"picked":"Undo","floor":7.0},{"not_picked":["Scrape","Leap"],"picked":"Ball Lightning","floor":10.0},{"not_picked":["Redo","Gash","Sweeping Beam"],"picked":"SKIP","floor":13.0},{"not_picked":["Machine Learning","All For One"],"picked":"Electrodynamics","floor":16.0},{"not_picked":["Force Field","Rebound+1"],"picked":"Go for the Eyes","floor":18.0},{"not_picked":["Recycle","Heatsinks","Redo"],"picked":"SKIP","floor":20.0},{"not_picked":["Stack","Storm","Rip and Tear"],"picked":"SKIP","floor":21.0},{"not_picked":["Darkness+1","Streamline","Cold Snap"],"picked":"SKIP","floor":22.0},{"not_picked":["Gash","Scrape","Biased Cognition"],"picked":"SKIP","floor":24.0},{"not_picked":["Steam","Barrage","Ball Lightning"],"picked":"SKIP","floor":28.0},{"not_picked":["Redo","Hello World"],"picked":"Buffer","floor":29.0},{"not_picked":["Stack","Barrage","Sweeping Beam+1"],"picked":"SKIP","floor":35.0},{"not_picked":["Hologram","Gash"],"picked":"Conserve Battery","floor":38.0},{"not_picked":["Compile Driver+1","Rebound","Streamline"],"picked":"SKIP","floor":41.0},{"not_picked":["Scrape","Gash+1","Machine Learning"],"picked":"SKIP","floor":44},{"not_picked":["Rebound+1","Cold Snap"],"picked":"Coolheaded+1","floor":48}],"player_experience":1300139,"relics_obtained":[{"floor":7.0,"key":"Torii"},{"floor":9.0,"key":"Shovel"},{"floor":12.0,"key":"Mango"},{"floor":15.0,"key":"Anchor"},{"floor":17.0,"key":"Centennial Puzzle"},{"floor":17.0,"key":"Sundial"},{"floor":17.0,"key":"Thread and Needle"},{"floor":26.0,"key":"Calipers"},{"floor":29.0,"key":"Smiling Mask"},{"floor":41.0,"key":"Ginger"}],"event_choices":[{"cards_removed":["Strike_B"],"damage_healed":0.0,"max_hp_gain":0.0,"max_hp_loss":0.0,"gold_gain":0.0,"event_name":"Purifier","player_choice":"Purged","floor":2.0,"gold_loss":0.0,"damage_taken":0.0},{"damage_healed":0.0,"max_hp_gain":0.0,"max_hp_loss":0.0,"gold_gain":0.0,"event_name":"The Library","player_choice":"Read","floor":31.0,"gold_loss":0.0,"damage_taken":0.0,"cards_obtained":["Defragment"]},{"cards_removed":["Strike_B"],"damage_healed":0.0,"max_hp_gain":0.0,"max_hp_loss":0.0,"gold_gain":0.0,"event_name":"Bonfire Elementals","player_choice":"Offered Basic","floor":37.0,"gold_loss":0.0,"damage_taken":0.0},{"cards_removed":["Zap"],"damage_healed":0,"gold_gain":0,"player_choice":"Removed Skill","damage_taken":0,"max_hp_gain":0,"max_hp_loss":0,"event_name":"Falling","floor":45,"gold_loss":0},{"damage_healed":0,"gold_gain":0,"player_choice":"Ignored","damage_taken":0,"max_hp_gain":0,"max_hp_loss":0,"event_name":"Mysterious Sphere","floor":46,"gold_loss":0}],"is_beta":false,"boss_relics":[{"not_picked":["Fusion Hammer","Runic Pyramid"],"picked":"Calling Bell"},{"not_picked":["Sozu","Empty Cage"],"picked":"Cursed Key"}],"items_purged_floors":[11,14,19,30,36],"is_endless":false,"potions_floor_spawned":[1,7,13,18,24,29,41,44],"ascension_level":0}