{"gold_per_floor":[111,123,123,137,157,175,187,187,210,239,239,263,292,304,304,304],"floor_reached":16,"playtime":636,"items_purged":[],"score":177,"play_id":"f52a6a54-c067-47b0-85e1-f7be910b65a2","local_time":"20190620121704","is_ascension_mode":true,"campfire_choices":[{"data":"Perfected Strike","floor":8.0,"key":"SMITH"},{"data":"Offering","floor":11.0,"key":"SMITH"},{"data":"Bash","floor":15.0,"key":"SMITH"}],"neow_cost":"NONE","seed_source_timestamp":482425268676116,"circlet_count":0,"master_deck":["AscendersBane","Strike_R","Strike_R","Strike_R","Strike_R","Strike_R","Defend_R","Defend_R","Defend_R","Defend_R","Bash+1","Headbutt","Twin Strike","Pommel Strike","Perfected Strike+1","Impervious","Offering+1","Ghostly Armor"],"special_seed":0,"relics":["Burning Blood","Dream Catcher","Potion Belt","Blood Vial","Smiling Mask","Odd Mushroom","Art of War"],"potions_floor_usage":[16],"damage_taken":[{"damage":10.0,"enemies":"Small Slimes","floor":1.0,"turns":4.0},{"damage":6.0,"enemies":"Cultist","floor":2.0,"turns":3.0},{"damage":6.0,"enemies":"2 Louse","floor":4.0,"turns":3.0},{"damage":16.0,"enemies":"Blue Slaver","floor":5.0,"turns":4.0},{"damage":18.0,"enemies":"Lots of Slimes","floor":6.0,"turns":4.0},{"damage":0.0,"enemies":"Gremlin Gang","floor":7.0,"turns":2.0},{"damage":20.0,"enemies":"3 Sentries","floor":10.0,"turns":7.0},{"damage":9.0,"enemies":"The Mushroom Lair","floor":12.0,"turns":4.0},{"damage":31.0,"enemies":"Lagavulin","floor":13.0,"turns":5.0},{"damage":0.0,"enemies":"2 Fungi Beasts","floor":14.0,"turns":2.0},{"damage":27,"enemies":"Hexaghost","floor":16,"turns":8}],"seed_played":"2479813710387165752","potions_obtained":[{"floor":6.0,"key":"Explosive Potion"},{"floor":7.0,"key":"Ancient Potion"},{"floor":10.0,"key":"Fire Potion"},{"floor":12.0,"key":"SmokeBomb"},{"floor":14.0,"key":"Energy Potion"}],"is_trial":false,"path_per_floor":["M","M","?","M","M","M","M","R","T","E","R","?","E","M","R","B"],"character_chosen":"IRONCLAD","items_purchased":[],"campfire_rested":0,"item_purchase_floors":[],"current_hp_per_floor":[68,68,68,68,58,46,52,52,52,40,40,39,16,24,24,0],"gold":304,"neow_bonus":"RANDOM_COMMON_RELIC","is_prod":false,"is_daily":false,"chose_seed":false,"campfire_upgraded":3,"win_rate":0,"timestamp":1561051024,"path_taken":["M","M","?","?","M","M","M","R","T","E","R","?","E","M","R","BOSS"],"build_version":"2019-01-23","purchased_purges":0,"victory":false,"max_hp_per_floor":[80,80,80,80,80,80,80,80,80,80,80,80,80,80,80,80],"card_choices":[{"not_picked":["Wild Strike","Perfected Strike"],"picked":"Twin Strike","floor":1.0},{"not_picked":["Rage","Second Wind"],"picked":"Headbutt","floor":2.0},{"not_picked":["Armaments","Carnage"],"picked":"Twin Strike","floor":4.0},{"not_picked":["Wild Strike","Evolve"],"picked":"Pommel Strike","floor":5.0},{"not_picked":["Havoc","Wild Strike"],"picked":"Perfected Strike","floor":6.0},{"not_picked":["Combust","Cleave"],"picked":"Impervious","floor":7.0},{"not_picked":["Body Slam","Headbutt"],"picked":"Offering","floor":10.0},{"not_picked":["Headbutt","Dropkick"],"picked":"Ghostly Armor","floor":12.0},{"not_picked":["Sword Boomerang","Flex","Havoc"],"picked":"SKIP","floor":13.0},{"not_picked":["Flex","Searing Blow","Second Wind"],"picked":"SKIP","floor":14.0}],"player_experience":96881,"relics_obtained":[{"floor":9.0,"key":"Blood Vial"},{"floor":10.0,"key":"Smiling Mask"},{"floor":12.0,"key":"Odd Mushroom"},{"floor":13.0,"key":"Art of War"}],"event_choices":[{"cards_removed":["Twin Strike"],"damage_healed":0.0,"max_hp_gain":0.0,"max_hp_loss":0.0,"gold_gain":0.0,"event_name":"WeMeetAgain","player_choice":"Gave Card","floor":3.0,"gold_loss":0.0,"damage_taken":0.0,"relics_obtained":["Potion Belt"]},{"damage_healed":0.0,"max_hp_gain":0.0,"max_hp_loss":0.0,"gold_gain":0.0,"event_name":"Mushrooms","player_choice":"Fought Mushrooms","floor":12.0,"gold_loss":0.0,"damage_taken":0.0}],"is_beta":false,"boss_relics":[],"items_purged_floors":[],"is_endless":false,"potions_floor_spawned":[6,7,10,12,14],"killed_by":"Hexaghost","ascension_level":11}