{"gold_per_floor":[17,29,47,222,242,242,267,100,124,124,89,105,130,143,143,241,241,254,264,283,294,307,336,336,352,377,410,420,420,445,445,445,548,548,559,610,628,628,640,671,671,689,689,689,708,708,320,334,334,334],"floor_reached":51,"playtime":5829,"items_purged":["Doubt"],"score":753,"play_id":"ccd0717f-cea7-4771-afa0-42c02ec59a5a","local_time":"20190504011959","is_ascension_mode":false,"campfire_choices":[{"data":"Perfected Strike","floor":6.0,"key":"SMITH"},{"data":"Discovery","floor":10.0,"key":"SMITH"},{"data":"Spot Weakness","floor":15.0,"key":"SMITH"},{"floor":24.0,"key":"REST"},{"floor":29.0,"key":"REST"},{"data":"Shrug It Off","floor":32.0,"key":"SMITH"},{"floor":41.0,"key":"REST"},{"data":"Perfected Strike","floor":44.0,"key":"SMITH"},{"data":"Perfected Strike","floor":49.0,"key":"SMITH"}],"neow_cost":"NO_GOLD","seed_source_timestamp":0,"circlet_count":0,"master_deck":["Strike_R+1","Strike_R+1","Strike_R+1","Strike_R+1","Strike_R+1","Defend_R+1","Defend_R+1","Defend_R+1","Defend_R+1","Bash+1","Iron Wave","Perfected Strike+1","Shockwave","Flex","Cleave","Discovery+1","Feel No Pain","Reaper","Spot Weakness+1","Juggernaut","Shrug It Off+1","Blood for Blood","Carnage","Entrench","Uppercut","Clothesline","Heavy Blade","Entrench","Bludgeon","Heavy Blade","Spot Weakness+1","Blood for Blood+1","Bludgeon","Perfected Strike+1","Reaper","Perfected Strike+1","Carnage+1","Heavy Blade"],"special_seed":0,"relics":["Burning Blood","Whetstone","Happy Flower","Strawberry","Snecko Eye","Omamori","Pen Nib","Centennial Puzzle","Question Card","Mark of Pain","Ginger","Darkstone Periapt","Sundial","Bronze Scales","Gremlin Horn"],"potions_floor_usage":[50,50,50],"damage_taken":[{"damage":5.0,"enemies":"Cultist","floor":1.0,"turns":4.0},{"damage":1.0,"enemies":"Jaw Worm","floor":2.0,"turns":4.0},{"damage":0.0,"enemies":"2 Louse","floor":3.0,"turns":2.0},{"damage":18.0,"enemies":"Exordium Wildlife","floor":5.0,"turns":6.0},{"damage":45.0,"enemies":"Lagavulin","floor":7.0,"turns":7.0},{"damage":7.0,"enemies":"Blue Slaver","floor":12.0,"turns":2.0},{"damage":6.0,"enemies":"Gremlin Nob","floor":13.0,"turns":3.0},{"damage":11.0,"enemies":"Large Slime","floor":14.0,"turns":5.0},{"damage":30.0,"enemies":"Hexaghost","floor":16.0,"turns":8.0},{"damage":7.0,"enemies":"Spheric Guardian","floor":18.0,"turns":3.0},{"damage":17.0,"enemies":"2 Thieves","floor":19.0,"turns":3.0},{"damage":21.0,"enemies":"Sentry and Sphere","floor":20.0,"turns":7.0},{"damage":24.0,"enemies":"Snake Plant","floor":21.0,"turns":3.0},{"damage":16.0,"enemies":"Snecko","floor":22.0,"turns":4.0},{"damage":31.0,"enemies":"Slavers","floor":23.0,"turns":6.0},{"damage":0.0,"enemies":"Sentry and Sphere","floor":25.0,"turns":3.0},{"damage":34.0,"enemies":"Book of Stabbing","floor":27.0,"turns":4.0},{"damage":26.0,"enemies":"Shelled Parasite and Fungi","floor":28.0,"turns":3.0},{"damage":27.0,"enemies":"Gremlin Leader","floor":30.0,"turns":3.0},{"damage":62.0,"enemies":"Champ","floor":33.0,"turns":13.0},{"damage":10.0,"enemies":"Orb Walker","floor":35.0,"turns":2.0},{"damage":27.0,"enemies":"2 Orb Walkers","floor":36.0,"turns":4.0},{"damage":21.0,"enemies":"3 Darklings","floor":37.0,"turns":5.0},{"damage":5.0,"enemies":"Spire Growth","floor":39.0,"turns":3.0},{"damage":20.0,"enemies":"Reptomancer","floor":40.0,"turns":3.0},{"damage":14.0,"enemies":"Writhing Mass","floor":42.0,"turns":3.0},{"damage":43.0,"enemies":"4 Shapes","floor":45.0,"turns":3.0},{"damage":22.0,"enemies":"Maw","floor":48.0,"turns":3.0},{"damage":53,"enemies":"Donu and Deca","floor":50,"turns":5}],"seed_played":"-2919862653012474481","potions_obtained":[{"floor":2.0,"key":"PowerPotion"},{"floor":5.0,"key":"Dexterity Potion"},{"floor":12.0,"key":"PowerPotion"},{"floor":16.0,"key":"Block Potion"},{"floor":20.0,"key":"SpeedPotion"},{"floor":21.0,"key":"GamblersBrew"},{"floor":23.0,"key":"LiquidBronze"},{"floor":28.0,"key":"Ancient Potion"},{"floor":33.0,"key":"BloodPotion"},{"floor":37.0,"key":"Strength Potion"},{"floor":45.0,"key":"Fire Potion"},{"floor":48.0,"key":"AttackPotion"}],"is_trial":false,"path_per_floor":["M","M","M","?","M","R","E","$","T","R","?","M","E","M","R","B",null,"M","M","M","M","M","E","R","M","T","E","M","R","E","?","R","B",null,"M","?","M","?","M","E","R","M","T","R","M","?","$","M","R","B",null],"character_chosen":"IRONCLAD","items_purchased":["Discovery","Bronze Scales","Gremlin Horn"],"campfire_rested":3,"item_purchase_floors":[8,47,47],"current_hp_per_floor":[96,96,96,96,84,84,45,45,45,45,45,44,51,50,50,44,103,102,102,95,85,75,50,80,90,90,74,54,84,75,75,75,35,103,99,78,67,67,68,54,84,76,76,76,87,103,103,99,99,83],"gold":334,"neow_bonus":"TWENTY_PERCENT_HP_BONUS","is_prod":false,"is_daily":false,"chose_seed":false,"campfire_upgraded":6,"win_rate":0.0,"timestamp":1556950799,"path_taken":["M","M","?","?","M","R","E","$","T","R","?","M","E","M","R","BOSS","M","M","M","M","M","E","R","M","T","E","M","R","E","?","R","BOSS","M","?","M","?","?","E","R","M","T","R","M","?","$","M","R","BOSS"],"build_version":"2019-01-23","purchased_purges":1,"victory":true,"max_hp_per_floor":[96,96,96,96,96,96,96,96,96,96,96,96,103,103,103,103,103,103,103,103,103,103,103,103,103,103,103,103,103,103,103,103,103,103,103,103,103,103,103,103,103,103,103,103,103,103,103,103,103,103],"card_choices":[{"not_picked":["Warcry","Shrug It Off"],"picked":"Iron Wave","floor":1.0},{"not_picked":["Clothesline","Twin Strike"],"picked":"Perfected Strike","floor":2.0},{"not_picked":["Twin Strike","Searing Blow"],"picked":"Shockwave","floor":3.0},{"not_picked":["Body Slam","Headbutt"],"picked":"Flex","floor":5.0},{"not_picked":["Wild Strike","Clash"],"picked":"Cleave","floor":7.0},{"not_picked":["Thunderclap","Power Through"],"picked":"Feel No Pain","floor":12.0},{"not_picked":["Pommel Strike","Armaments"],"picked":"Reaper","floor":13.0},{"not_picked":["Clothesline","Twin Strike"],"picked":"Spot Weakness","floor":14.0},{"not_picked":["Reaper","Limit Break"],"picked":"Juggernaut","floor":16.0},{"not_picked":["Reckless Charge","Warcry","True Grit"],"picked":"SKIP","floor":18.0},{"not_picked":["Cleave","Wild Strike"],"picked":"Shrug It Off","floor":19.0},{"not_picked":["Body Slam","Armaments"],"picked":"Blood for Blood","floor":20.0},{"not_picked":["Warcry","Clash+1"],"picked":"Carnage","floor":21.0},{"not_picked":["Iron Wave+1","Searing Blow"],"picked":"Entrench","floor":22.0},{"not_picked":["Power Through","Armaments+1"],"picked":"Uppercut","floor":23.0},{"not_picked":["Sword Boomerang","Disarm"],"picked":"Clothesline","floor":25.0},{"not_picked":["Infernal Blade+1","Feed"],"picked":"Heavy Blade","floor":27.0},{"not_picked":["Sword Boomerang+1","Twin Strike","Flex"],"picked":"SKIP","floor":28.0},{"not_picked":["Twin Strike","Wild Strike"],"picked":"Entrench","floor":30.0},{"not_picked":["Fiend Fire","Berserk","Limit Break"],"picked":"Bludgeon","floor":33.0},{"not_picked":["Intimidate","Power Through","Wild Strike+1"],"picked":"Heavy Blade","floor":35.0},{"not_picked":["Fire Breathing+1","Seeing Red+1","Iron Wave"],"picked":"Spot Weakness+1","floor":36.0},{"not_picked":["Seeing Red","Flex","Cleave"],"picked":"Blood for Blood+1","floor":37.0},{"not_picked":["Cleave","Entrench+1","Wild Strike"],"picked":"Perfected Strike","floor":39.0},{"not_picked":["Headbutt+1","Cleave","Carnage"],"picked":"Reaper","floor":40.0},{"not_picked":["Rampage","Cleave","Warcry+1"],"picked":"Perfected Strike","floor":42.0},{"not_picked":["Sword Boomerang","Reaper","Rage"],"picked":"Carnage+1","floor":45.0},{"not_picked":["Pummel+1","Clothesline+1","Infernal Blade+1"],"picked":"Heavy Blade","floor":48.0}],"player_experience":44047,"relics_obtained":[{"floor":7.0,"key":"Whetstone"},{"floor":9.0,"key":"Happy Flower"},{"floor":13.0,"key":"Strawberry"},{"floor":23.0,"key":"Omamori"},{"floor":26.0,"key":"Pen Nib"},{"floor":27.0,"key":"Centennial Puzzle"},{"floor":30.0,"key":"Question Card"},{"floor":36.0,"key":"Ginger"},{"floor":40.0,"key":"Darkstone Periapt"},{"floor":43.0,"key":"Sundial"}],"event_choices":[{"damage_healed":0.0,"max_hp_gain":0.0,"max_hp_loss":0.0,"gold_gain":175.0,"event_name":"Liars Game","player_choice":"AGREE","floor":4.0,"gold_loss":0.0,"damage_taken":0.0,"cards_obtained":["Doubt"]},{"damage_healed":0.0,"max_hp_gain":0.0,"max_hp_loss":0.0,"gold_gain":0.0,"event_name":"World of Goop","player_choice":"Left Gold","floor":11.0,"gold_loss":35.0,"damage_taken":0.0},{"damage_healed":0.0,"max_hp_gain":0.0,"max_hp_loss":0.0,"gold_gain":0.0,"event_name":"Back to Basics","player_choice":"Simplicity","floor":31.0,"gold_loss":0.0,"damage_taken":0.0,"cards_upgraded":["Strike_R","Strike_R","Strike_R","Strike_R","Defend_R","Defend_R","Defend_R","Defend_R"]},{"damage_healed":0.0,"max_hp_gain":0.0,"max_hp_loss":0.0,"gold_gain":0.0,"event_name":"Mysterious Sphere","player_choice":"Fight","floor":36.0,"gold_loss":0.0,"damage_taken":0.0},{"damage_healed":0.0,"max_hp_gain":0.0,"max_hp_loss":0.0,"gold_gain":0.0,"event_name":"Duplicator","player_choice":"Copied","floor":38.0,"gold_loss":0.0,"damage_taken":0.0,"cards_obtained":["Bludgeon"]},{"damage_healed":26.0,"max_hp_gain":0.0,"max_hp_loss":0.0,"gold_gain":0.0,"event_name":"Winding Halls","player_choice":"Writhe","floor":46.0,"gold_loss":0.0,"damage_taken":0.0,"cards_obtained":["Writhe"]}],"is_beta":false,"boss_relics":[{"not_picked":["Eternal Feather","Tiny House"],"picked":"Snecko Eye"},{"not_picked":["Empty Cage","Astrolabe"],"picked":"Mark of Pain"}],"items_purged_floors":[8],"is_endless":false,"potions_floor_spawned":[2,5,12,13,16,20,21,23,28,33,37,45,48],"ascension_level":0}