{"gold_per_floor":[118,131,131,142,68,68,102,102,102,137,137,112,112,126,126,224,224,236,10,10,110,110,137,137,63,63,63,63,91,91,103,103,200,200,218,72,72,72,91,91,111,111,111,11,11,11,11,28,28,28],"floor_reached":51,"playtime":1237,"items_purged":["Strike_B","Strike_B"],"score":785,"play_id":"12b9105c-7aa6-44db-90ab-3f9622f6e8ca","local_time":"20190312002335","is_ascension_mode":false,"campfire_choices":[{"data":"Defragment","floor":6.0,"key":"SMITH"},{"data":"Zap","floor":8.0,"key":"SMITH"},{"data":"Ball Lightning","floor":15.0,"key":"SMITH"},{"data":"Rainbow","floor":24.0,"key":"SMITH"},{"data":"Capacitor","floor":27.0,"key":"SMITH"},{"floor":30.0,"key":"REST"},{"data":"Electrodynamics","floor":32.0,"key":"SMITH"},{"data":"Echo Form","floor":40.0,"key":"SMITH"},{"data":"Defend_B","floor":45,"key":"SMITH"},{"data":"Defend_B","floor":47,"key":"SMITH"},{"data":"Defend_B","floor":49,"key":"SMITH"}],"neow_cost":"PERCENT_DAMAGE","seed_source_timestamp":347866671950177,"circlet_count":0,"master_deck":["Strike_B","Defend_B+1","Defend_B+1","Defend_B+1","Defend_B+1","Zap+1","Dualcast+1","Ball Lightning+1","Ball Lightning","Defragment+1","Conserve Battery","Conserve Battery","Rainbow+1","Electrodynamics+1","Undo","Coolheaded+1","Capacitor+1","Conserve Battery+1","Echo Form+1","Glacier","Defragment+1"],"special_seed":0,"relics":["Cracked Core","Symbiotic Virus","Pear","FossilizedHelix","Cursed Key","Shovel","Kunai","Mango","Pocketwatch","White Beast Statue"],"potions_floor_usage":[50],"damage_taken":[{"damage":2.0,"enemies":"2 Louse","floor":1.0,"turns":2.0},{"damage":0.0,"enemies":"Cultist","floor":2.0,"turns":2.0},{"damage":0.0,"enemies":"Small Slimes","floor":4.0,"turns":2.0},{"damage":30.0,"enemies":"3 Sentries","floor":7.0,"turns":5.0},{"damage":13.0,"enemies":"Gremlin Nob","floor":10.0,"turns":3.0},{"damage":0.0,"enemies":"Blue Slaver","floor":14.0,"turns":2.0},{"damage":20.0,"enemies":"Hexaghost","floor":16.0,"turns":7.0},{"damage":0.0,"enemies":"Chosen","floor":18.0,"turns":4.0},{"damage":3.0,"enemies":"Colosseum Slavers","floor":21.0,"turns":4.0},{"damage":31.0,"enemies":"Colosseum Nobs","floor":21.0,"turns":4.0},{"damage":11.0,"enemies":"Gremlin Leader","floor":23.0,"turns":5.0},{"damage":7.0,"enemies":"Slavers","floor":29.0,"turns":4.0},{"damage":0.0,"enemies":"2 Thieves","floor":31.0,"turns":2.0},{"damage":4.0,"enemies":"Automaton","floor":33.0,"turns":9.0},{"damage":0.0,"enemies":"3 Shapes","floor":35.0,"turns":4.0},{"damage":0.0,"enemies":"3 Darklings","floor":39.0,"turns":2.0},{"damage":0.0,"enemies":"Transient","floor":41.0,"turns":5.0},{"damage":0,"enemies":"Writhing Mass","floor":48,"turns":5},{"damage":0,"enemies":"Time Eater","floor":50,"turns":13}],"seed_played":"9163401681936964432","potions_obtained":[{"floor":7.0,"key":"SteroidPotion"},{"floor":10.0,"key":"EssenceOfSteel"},{"floor":14.0,"key":"FocusPotion"},{"floor":16.0,"key":"Regen Potion"},{"floor":18.0,"key":"Energy Potion"},{"floor":23.0,"key":"SkillPotion"},{"floor":31.0,"key":"Regen Potion"}],"is_trial":false,"path_per_floor":["M","M","?","M","$","R","E","R","T","E","?","$","?","M","R","B",null,"M","$","?","?","?","E","R","$","T","R","$","E","R","M","R","B",null,"M","$","?","$","M","R","M","?","T","$","R","?","R","M","R","B",null],"character_chosen":"DEFECT","items_purchased":["Defragment","Conserve Battery","Electrodynamics","Undo","Capacitor","Glacier"],"campfire_rested":1,"item_purchase_floors":[5,12,19,19,25,36],"current_hp_per_floor":[66,66,66,66,66,66,36,36,46,33,33,33,38,38,38,18,104,104,104,83,49,49,52,52,52,52,52,52,45,81,81,81,77,123,123,123,123,123,123,123,123,123,123,123,123,123,123,123,123,123],"gold":28,"neow_bonus":"TWENTY_PERCENT_HP_BONUS","is_prod":false,"is_daily":false,"chose_seed":false,"campfire_upgraded":10,"win_rate":0,"timestamp":1552350215,"path_taken":["M","M","?","?","$","R","E","R","T","E","?","$","?","M","R","BOSS","M","$","?","?","?","E","R","?","T","R","$","E","R","M","R","BOSS","M","$","?","$","M","R","M","?","T","$","R","?","R","?","R","BOSS"],"build_version":"2019-01-23","purchased_purges":2,"victory":true,"max_hp_per_floor":[89,89,89,89,89,89,89,89,99,99,99,99,104,104,104,104,104,104,104,109,109,109,123,123,123,123,123,123,123,123,123,123,123,123,123,123,123,123,123,123,123,123,123,123,123,123,123,123,123,123],"card_choices":[{"not_picked":["Rebound","Streamline"],"picked":"Ball Lightning","floor":1.0},{"not_picked":["Recycle","Beam Cell"],"picked":"Ball Lightning","floor":2.0},{"not_picked":["Gash","Stack","Reinforced Body"],"picked":"SKIP","floor":4.0},{"not_picked":["Fusion","Double Energy","Streamline"],"picked":"SKIP","floor":7.0},{"not_picked":["Rebound","Hyperbeam"],"picked":"Conserve Battery","floor":10.0},{"not_picked":["Hologram","Turbo","Sweeping Beam"],"picked":"SKIP","floor":14.0},{"not_picked":["Hyperbeam","Meteor Strike"],"picked":"Rainbow","floor":16.0},{"not_picked":["Darkness","Rebound","Steam Power"],"picked":"SKIP","floor":18.0},{"not_picked":["Compile Driver","Storm"],"picked":"Coolheaded+1","floor":23.0},{"not_picked":["Ball Lightning","Hologram","Cold Snap"],"picked":"SKIP","floor":29.0},{"not_picked":["Turbo+1","Hologram"],"picked":"Conserve Battery+1","floor":31.0},{"not_picked":["Fission","Biased Cognition"],"picked":"Echo Form","floor":33.0},{"not_picked":["Rip and Tear+1","Beam Cell+1","Conserve Battery"],"picked":"SKIP","floor":35.0},{"not_picked":["Barrage","Fusion","Conserve Battery+1"],"picked":"SKIP","floor":39.0},{"not_picked":["Beam Cell","Cold Snap"],"picked":"Defragment+1","floor":41.0},{"not_picked":["Storm+1","Recycle","Hyperbeam"],"picked":"SKIP","floor":48}],"player_experience":1104523,"relics_obtained":[{"floor":7.0,"key":"Symbiotic Virus"},{"floor":9.0,"key":"Pear"},{"floor":10.0,"key":"FossilizedHelix"},{"floor":21.0,"key":"Shovel"},{"floor":21.0,"key":"Kunai"},{"floor":23.0,"key":"Mango"},{"floor":29.0,"key":"Pocketwatch"}],"event_choices":[{"damage_healed":0.0,"max_hp_gain":0.0,"max_hp_loss":0.0,"gold_gain":0.0,"event_name":"Upgrade Shrine","player_choice":"Upgraded","floor":3.0,"gold_loss":0.0,"damage_taken":0.0,"cards_upgraded":["Dualcast"]},{"damage_healed":0.0,"max_hp_gain":0.0,"max_hp_loss":0.0,"gold_gain":0.0,"event_name":"Golden Wing","player_choice":"Ignored","floor":11.0,"gold_loss":0.0,"damage_taken":0.0},{"damage_healed":0.0,"max_hp_gain":5.0,"max_hp_loss":0.0,"gold_gain":0.0,"event_name":"Big Fish","player_choice":"Donut","floor":13.0,"gold_loss":0.0,"damage_taken":0.0},{"damage_healed":0.0,"max_hp_gain":5.0,"max_hp_loss":0.0,"gold_gain":0.0,"event_name":"Forgotten Altar","player_choice":"Shed Blood","floor":20.0,"gold_loss":0.0,"damage_taken":26.0},{"damage_healed":0.0,"max_hp_gain":0.0,"max_hp_loss":0.0,"gold_gain":0.0,"event_name":"Colosseum","player_choice":"Fight","floor":21.0,"gold_loss":0.0,"damage_taken":0.0},{"damage_healed":0.0,"max_hp_gain":0.0,"max_hp_loss":0.0,"gold_gain":0.0,"event_name":"Colosseum","player_choice":"Fought Nobs","floor":21.0,"gold_loss":0.0,"damage_taken":0.0},{"damage_healed":0.0,"max_hp_gain":0.0,"max_hp_loss":0.0,"gold_gain":0.0,"event_name":"Beggar","player_choice":"Ignored","floor":22.0,"gold_loss":0.0,"damage_taken":0.0},{"cards_removed":["Strike_B"],"damage_healed":0.0,"max_hp_gain":0.0,"max_hp_loss":0.0,"gold_gain":0.0,"event_name":"Falling","player_choice":"Removed Attack","floor":37.0,"gold_loss":0.0,"damage_taken":0.0},{"damage_healed":0.0,"max_hp_gain":0.0,"max_hp_loss":0.0,"gold_gain":0.0,"event_name":"Tomb of Lord Red Mask","player_choice":"Ignored","floor":42.0,"gold_loss":0.0,"damage_taken":0.0},{"damage_healed":0,"gold_gain":0,"player_choice":"Upgraded","damage_taken":0,"max_hp_gain":0,"max_hp_loss":0,"event_name":"Upgrade Shrine","floor":46,"gold_loss":0,"cards_upgraded":["Defend_B"]}],"is_beta":false,"boss_relics":[{"not_picked":["Tiny House","Calling Bell"],"picked":"Cursed Key"},{"not_picked":["Coffee Dripper","Busted Crown"],"picked":"White Beast Statue"}],"items_purged_floors":[36,44],"is_endless":false,"potions_floor_spawned":[7,10,14,16,18,21,23,31,33,35,39,41,48],"ascension_level":0}