{"gold_per_floor":[109,127,143,156,167,167,192,192,192,192,206,235,246,276,276,371,421,438,20,20,34,134,161,161,161],"floor_reached":25,"playtime":1144,"items_purged":[],"score":305,"play_id":"62ca8c80-a716-48f0-8e08-7aee9a697f25","local_time":"20190620101451","is_ascension_mode":true,"campfire_choices":[{"data":"Dagger Spray","floor":6,"key":"SMITH"},{"floor":15,"key":"REST"},{"floor":24,"key":"REST"}],"neow_cost":"NONE","seed_source_timestamp":230880949131358,"circlet_count":0,"master_deck":["Defend_G","Defend_G","Defend_G","Defend_G","Defend_G","Strike_G","Strike_G","Strike_G","Strike_G+1","Strike_G","Survivor","Neutralize","Poisoned Stab","Dodge and Roll","Footwork","Dagger Spray+1","Footwork","Decay","Quick Slash","Riddle With Holes","Predator","Dodge and Roll","After Image","Noxious Fumes","Terror","Violence","Shame","Endless Agony","Prepared+1"],"relics":["Philosopher\u0027s Stone","Shuriken","Darkstone Periapt","Pantograph","Tiny House","Frozen Egg 2","Letter Opener","Molten Egg 2"],"potions_floor_usage":[7,23,23],"damage_taken":[{"damage":4,"enemies":"Jaw Worm","floor":1,"turns":4},{"damage":0,"enemies":"Cultist","floor":2,"turns":3},{"damage":4,"enemies":"Small Slimes","floor":3,"turns":3},{"damage":5,"enemies":"Blue Slaver","floor":4,"turns":5},{"damage":8,"enemies":"Red Slaver","floor":5,"turns":4},{"damage":17,"enemies":"Gremlin Nob","floor":7,"turns":5},{"damage":1,"enemies":"3 Louse","floor":11,"turns":2},{"damage":6,"enemies":"3 Sentries","floor":12,"turns":8},{"damage":9,"enemies":"2 Fungi Beasts","floor":13,"turns":3},{"damage":13,"enemies":"Slime Boss","floor":16,"turns":10},{"damage":15,"enemies":"Spheric Guardian","floor":18,"turns":7},{"damage":17,"enemies":"Chosen","floor":21,"turns":5},{"damage":22,"enemies":"Gremlin Leader","floor":23,"turns":7},{"damage":66,"enemies":"Slavers","floor":25,"turns":3}],"seed_played":"4576185408672474015","potions_obtained":[{"floor":2,"key":"AttackPotion"},{"floor":11,"key":"Explosive Potion"},{"floor":12,"key":"SteroidPotion"},{"floor":16,"key":"AttackPotion"}],"is_trial":false,"path_per_floor":["M","M","M","M","M","R","E","?","T","?","M","E","M","?","R","B",null,"M","$","?","M","?","E","R","E"],"character_chosen":"THE_SILENT","items_purchased":["Violence","Frozen Egg 2"],"campfire_rested":2,"item_purchase_floors":[19,19],"current_hp_per_floor":[66,66,62,57,49,49,32,32,32,38,37,31,22,22,44,56,81,66,66,72,55,55,33,59,0],"gold":161,"neow_bonus":"BOSS_RELIC","is_prod":false,"is_daily":false,"chose_seed":false,"campfire_upgraded":1,"win_rate":0,"timestamp":1561040091,"path_taken":["M","M","M","M","M","R","E","?","T","?","?","E","M","?","R","BOSS","M","$","?","M","?","E","R","E"],"build_version":"2019-01-23","purchased_purges":0,"victory":false,"max_hp_per_floor":[70,70,70,70,70,70,70,70,70,76,76,76,76,76,76,76,81,81,81,87,87,87,87,87,87],"card_choices":[{"not_picked":["Deadly Poison","Tactician"],"picked":"Poisoned Stab","floor":1},{"not_picked":["Calculated Gamble","Skewer"],"picked":"Dodge and Roll","floor":2},{"not_picked":["Slice","Escape Plan"],"picked":"Footwork","floor":3},{"not_picked":["Bane","Concentrate"],"picked":"Dagger Spray","floor":4},{"not_picked":["Poisoned Stab","Cloak And Dagger"],"picked":"Footwork","floor":5},{"not_picked":["Distraction","Acrobatics","PiercingWail"],"picked":"SKIP","floor":7},{"not_picked":["Slice","Underhanded Strike"],"picked":"Riddle With Holes","floor":11},{"not_picked":["Night Terror","Setup"],"picked":"Predator","floor":12},{"not_picked":["Backstab","Sucker Punch"],"picked":"Dodge and Roll","floor":13},{"not_picked":["Malaise","Wraith Form v2"],"picked":"After Image","floor":16},{"not_picked":["Underhanded Strike","Setup"],"picked":"Noxious Fumes","floor":17},{"not_picked":["Sucker Punch+1","Crippling Poison"],"picked":"Terror","floor":18},{"not_picked":["Flying Knee","Concentrate"],"picked":"Endless Agony","floor":21},{"not_picked":["Burst","Dodge and Roll"],"picked":"Prepared+1","floor":23}],"player_experience":438737,"relics_obtained":[{"floor":7,"key":"Shuriken"},{"floor":9,"key":"Darkstone Periapt"},{"floor":12,"key":"Pantograph"},{"floor":23,"key":"Molten Egg 2"}],"event_choices":[{"damage_healed":0,"gold_gain":0,"player_choice":"Ignored","damage_taken":0,"max_hp_gain":0,"max_hp_loss":0,"event_name":"Liars Game","floor":8,"gold_loss":0},{"damage_healed":0,"gold_gain":0,"player_choice":"2 cards matched","damage_taken":0,"max_hp_gain":0,"max_hp_loss":0,"event_name":"Match and Keep!","floor":10,"gold_loss":0,"cards_obtained":["Decay","Quick Slash"]},{"damage_healed":0,"gold_gain":30,"player_choice":"Searched \u00272\u0027 times","damage_taken":0,"max_hp_gain":0,"max_hp_loss":0,"event_name":"Dead Adventurer","floor":14,"gold_loss":0},{"damage_healed":0,"gold_gain":0,"player_choice":"Stole Relic","damage_taken":0,"relics_obtained":["Letter Opener"],"max_hp_gain":0,"max_hp_loss":0,"event_name":"Addict","floor":20,"gold_loss":0,"cards_obtained":["Shame"]},{"damage_healed":0,"gold_gain":100,"player_choice":"Pray","damage_taken":0,"max_hp_gain":0,"max_hp_loss":0,"event_name":"Golden Shrine","floor":22,"gold_loss":0}],"is_beta":false,"boss_relics":[{"not_picked":["White Beast Statue","WristBlade"],"picked":"Tiny House"}],"items_purged_floors":[],"is_endless":false,"potions_floor_spawned":[2,11,12,16],"killed_by":"Slavers","ascension_level":4}