{"gold_per_floor":[119,135,150,150,170,196,196,146,171,206,262,281,315,377,377,480,480,480,480,480,480,0,0],"floor_reached":23,"playtime":2143,"items_purged":["Defend_G"],"score":232,"play_id":"92252595-debd-4eb8-ba68-113c75815678","local_time":"20190618161058","is_ascension_mode":true,"campfire_choices":[{"floor":7.0,"key":"REST"},{"floor":15.0,"key":"REST"}],"neow_cost":"NONE","seed_source_timestamp":0,"circlet_count":0,"master_deck":["Defend_G","Defend_G","Defend_G","Strike_G","Strike_G","Strike_G","Strike_G","Strike_G","Survivor","Neutralize","Heel Hook","Outmaneuver","Masterful Stab","Well Laid Plans","All Out Attack","Poisoned Stab","Corpse Explosion","Unload","Sucker Punch","Phantasmal Killer","Poisoned Stab+1","PiercingWail","Noxious Fumes","Skewer","Envenom","Flash of Steel+1"],"special_seed":0,"relics":["Ring of the Snake","Potion Belt","Orichalcum","Strawberry","Gremlin Horn","Regal Pillow","Ectoplasm","Red Mask","Molten Egg 2"],"potions_floor_usage":[21],"damage_taken":[{"damage":3.0,"enemies":"Cultist","floor":1.0,"turns":5.0},{"damage":0.0,"enemies":"Small Slimes","floor":2.0,"turns":4.0},{"damage":2.0,"enemies":"2 Louse","floor":3.0,"turns":3.0},{"damage":1.0,"enemies":"2 Fungi Beasts","floor":5.0,"turns":4.0},{"damage":31.0,"enemies":"Lagavulin","floor":6.0,"turns":10.0},{"damage":23.0,"enemies":"3 Sentries","floor":10.0,"turns":8.0},{"damage":1.0,"enemies":"Exordium Wildlife","floor":12.0,"turns":4.0},{"damage":19.0,"enemies":"Lagavulin","floor":13.0,"turns":8.0},{"damage":14.0,"enemies":"Gremlin Nob","floor":14.0,"turns":4.0},{"damage":31.0,"enemies":"Slime Boss","floor":16.0,"turns":8.0},{"damage":19.0,"enemies":"Chosen","floor":18.0,"turns":5.0},{"damage":27,"enemies":"Shell Parasite","floor":19,"turns":5},{"damage":0,"enemies":"3 Cultists","floor":20,"turns":2},{"damage":19,"enemies":"Masked Bandits","floor":21,"turns":3},{"damage":24,"enemies":"Slavers","floor":23,"turns":4}],"seed_played":"-2126439103796475120","potions_obtained":[{"floor":1.0,"key":"GamblersBrew"},{"floor":2.0,"key":"SkillPotion"},{"floor":10.0,"key":"Block Potion"},{"floor":18.0,"key":"SkillPotion"}],"is_trial":false,"path_per_floor":["M","M","M","?","M","E","R","?","T","E","?","M","E","?","R","B",null,"M","M","M","?","$","E"],"character_chosen":"THE_SILENT","items_purchased":["Envenom","Molten Egg 2","Flash of Steel+1"],"campfire_rested":2,"item_purchase_floors":[22,22,22],"current_hp_per_floor":[74,74,72,69,68,37,60,60,60,44,44,43,24,10,50,19,84,65,38,38,19,19,0],"gold":0,"neow_bonus":"TEN_PERCENT_HP_BONUS","is_prod":false,"is_daily":false,"chose_seed":false,"campfire_upgraded":0,"win_rate":0,"timestamp":1560892258,"path_taken":["M","M","M","?","M","E","R","?","T","E","?","M","E","?","R","BOSS","M","M","M","?","$","E"],"build_version":"2019-01-23","purchased_purges":1,"victory":false,"max_hp_per_floor":[77,77,77,77,77,77,77,77,77,84,84,84,84,84,84,84,84,84,84,84,84,84,84],"card_choices":[{"not_picked":["Flying Knee","Backflip"],"picked":"Heel Hook","floor":1.0},{"not_picked":["All Out Attack","Endless Agony"],"picked":"Outmaneuver","floor":2.0},{"not_picked":["Deflect","Terror"],"picked":"Masterful Stab","floor":3.0},{"not_picked":["Cloak And Dagger","Dodge and Roll"],"picked":"Well Laid Plans","floor":5.0},{"not_picked":["Backflip","Cloak And Dagger"],"picked":"All Out Attack","floor":6.0},{"not_picked":["Concentrate","Tactician"],"picked":"Poisoned Stab","floor":10.0},{"not_picked":["Crippling Poison","Dagger Spray"],"picked":"Corpse Explosion","floor":12.0},{"not_picked":["Blade Dance","Escape Plan"],"picked":"Unload","floor":13.0},{"not_picked":["Backflip","Accuracy"],"picked":"Sucker Punch","floor":14.0},{"not_picked":["Wraith Form v2","Tools of the Trade"],"picked":"Phantasmal Killer","floor":16.0},{"not_picked":["Outmaneuver","Sucker Punch"],"picked":"Poisoned Stab+1","floor":18.0},{"not_picked":["Prepared+1","Well Laid Plans"],"picked":"PiercingWail","floor":19},{"not_picked":["Outmaneuver","Sucker Punch"],"picked":"Noxious Fumes","floor":20},{"not_picked":["Setup","Infinite Blades+1"],"picked":"Skewer","floor":21}],"player_experience":117463,"relics_obtained":[{"floor":6.0,"key":"Orichalcum"},{"floor":10.0,"key":"Strawberry"},{"floor":13.0,"key":"Gremlin Horn"},{"floor":14.0,"key":"Regal Pillow"},{"floor":21,"key":"Red Mask"}],"event_choices":[{"damage_healed":0.0,"max_hp_gain":0.0,"max_hp_loss":0.0,"gold_gain":0.0,"event_name":"Scrap Ooze","player_choice":"Success","floor":4.0,"gold_loss":0.0,"damage_taken":3.0,"relics_obtained":["Potion Belt"]},{"cards_removed":["Defend_G"],"damage_healed":0.0,"max_hp_gain":0.0,"max_hp_loss":0.0,"gold_gain":0.0,"event_name":"The Cleric","player_choice":"Card Removal","floor":8.0,"gold_loss":50.0,"damage_taken":0.0},{"damage_healed":0.0,"max_hp_gain":0.0,"max_hp_loss":0.0,"gold_gain":56.0,"event_name":"Golden Wing","player_choice":"Gained Gold","floor":11.0,"gold_loss":0.0,"damage_taken":0.0},{"damage_healed":0.0,"max_hp_gain":0.0,"max_hp_loss":0.0,"gold_gain":0.0,"event_name":"Dead Adventurer","player_choice":"Searched \u00271\u0027 times","floor":14.0,"gold_loss":0.0,"damage_taken":0.0},{"damage_healed":0,"gold_gain":0,"player_choice":"Fought Bandits","damage_taken":0,"max_hp_gain":0,"max_hp_loss":0,"event_name":"Masked Bandits","floor":21,"gold_loss":0}],"is_beta":false,"boss_relics":[{"not_picked":["HoveringKite","Coffee Dripper"],"picked":"Ectoplasm"}],"items_purged_floors":[22],"is_endless":false,"potions_floor_spawned":[1,2,10,18],"killed_by":"Slavers","ascension_level":2}