{"gold_per_floor":[110,64,81,81,81,93,205,231,243,255,291,303,335,361,373,480,492,432,432,347,347,143,143,143,143,143,143,143,143,143,68,68,68,68,68,0,0,0],"floor_reached":38,"playtime":1027,"items_purged":["Strike_B"],"score":461,"play_id":"bd69d857-864a-4275-b67d-26bd17d884d5","local_time":"20190527021431","is_ascension_mode":false,"campfire_choices":[{"data":"Dualcast","floor":6.0,"key":"SMITH"},{"data":"Zap","floor":10.0,"key":"SMITH"},{"data":"Go for the Eyes","floor":12.0,"key":"SMITH"},{"data":"Echo Form","floor":15.0,"key":"SMITH"},{"floor":24.0,"key":"REST"},{"data":"Defragment","floor":29.0,"key":"SMITH"},{"floor":32.0,"key":"REST"}],"neow_cost":"NONE","seed_source_timestamp":0,"circlet_count":0,"master_deck":["Defend_B","Defend_B","Defend_B","Defend_B","Zap+1","Dualcast+1","White Noise","Ball Lightning","Conserve Battery","Coolheaded","Go for the Eyes+1","Echo Form+1","Electrodynamics","Undo","FTL+1","Defragment+1","Rainbow","Thunder Strike","White Noise+1","Meteor Strike+1","Melter+1"],"special_seed":0,"relics":["Cracked Core","MawBank","Ice Cream","Ectoplasm","Thread and Needle","Runic Capacitor","Pocketwatch","Gremlin Horn","Astrolabe","Red Mask"],"potions_floor_usage":[],"damage_taken":[{"damage":6.0,"enemies":"Cultist","floor":1.0,"turns":3.0},{"damage":0.0,"enemies":"2 Louse","floor":3.0,"turns":2.0},{"damage":0.0,"enemies":"Jaw Worm","floor":8.0,"turns":3.0},{"damage":7.0,"enemies":"2 Fungi Beasts","floor":11.0,"turns":4.0},{"damage":0.0,"enemies":"Exordium Wildlife","floor":13.0,"turns":3.0},{"damage":10.0,"enemies":"Looter","floor":14.0,"turns":3.0},{"damage":36.0,"enemies":"Hexaghost","floor":16.0,"turns":9.0},{"damage":20.0,"enemies":"2 Thieves","floor":18.0,"turns":3.0},{"damage":0.0,"enemies":"Chosen","floor":19.0,"turns":4.0},{"damage":16.0,"enemies":"Centurion and Healer","floor":21.0,"turns":5.0},{"damage":0.0,"enemies":"Gremlin Leader","floor":23.0,"turns":6.0},{"damage":0.0,"enemies":"3 Cultists","floor":25.0,"turns":5.0},{"damage":2.0,"enemies":"Snake Plant","floor":27.0,"turns":4.0},{"damage":0.0,"enemies":"Snecko","floor":28.0,"turns":5.0},{"damage":0.0,"enemies":"Champ","floor":33.0,"turns":7.0},{"damage":29,"enemies":"3 Darklings","floor":35,"turns":4},{"damage":3,"enemies":"3 Shapes","floor":38,"turns":3}],"seed_played":"4975480683450717411","potions_obtained":[{"floor":1.0,"key":"FearPotion"},{"floor":8.0,"key":"SkillPotion"},{"floor":18.0,"key":"Dexterity Potion"}],"is_trial":false,"path_per_floor":["M","$","M","$","T","R","?","M","T","R","M","R","M","M","R","B",null,"M","M","?","M","$","E","R","M","T","M","M","R","?","$","R","B",null,"M","?","$","M"],"character_chosen":"DEFECT","items_purchased":["Ball Lightning","Runic Capacitor"],"campfire_rested":2,"item_purchase_floors":[2,22],"current_hp_per_floor":[69,69,69,69,69,69,69,69,69,69,62,62,62,52,52,16,75,55,55,55,39,39,39,61,61,61,59,59,59,45,45,69,69,80,51,51,51,48],"gold":0,"neow_bonus":"THREE_CARDS","is_prod":false,"is_daily":false,"chose_seed":false,"campfire_upgraded":5,"win_rate":0,"timestamp":1558919671,"path_taken":["M","$","M","$","?","R","?","M","T","R","?","R","M","M","R","BOSS","M","M","?","M","$","E","R","M","T","M","M","R","?","$","R","BOSS","M","?","$","M"],"build_version":"2019-01-23","purchased_purges":1,"victory":false,"max_hp_per_floor":[75,75,75,75,75,75,75,75,75,75,75,75,75,75,75,75,75,75,75,75,75,75,75,75,75,75,75,75,75,80,80,80,80,80,80,80,80,80],"card_choices":[{"not_picked":["Heatsinks","Gash"],"picked":"White Noise","floor":0.0},{"not_picked":["Skim","Genetic Algorithm","Self Repair"],"picked":"SKIP","floor":1.0},{"not_picked":["Rebound","Consume"],"picked":"Conserve Battery","floor":3.0},{"not_picked":["Doom and Gloom","Ball Lightning"],"picked":"Coolheaded","floor":8.0},{"not_picked":["Sweeping Beam","Conserve Battery"],"picked":"Go for the Eyes","floor":11.0},{"not_picked":["Reprogram","Streamline"],"picked":"Echo Form","floor":13.0},{"not_picked":["Rebound","Redo","Fusion"],"picked":"SKIP","floor":14.0},{"not_picked":["All For One","Biased Cognition"],"picked":"Electrodynamics","floor":16.0},{"not_picked":["Compile Driver","Redo"],"picked":"Undo","floor":18.0},{"not_picked":["Ball Lightning","Leap+1","Turbo+1"],"picked":"SKIP","floor":19.0},{"not_picked":["Ball Lightning","Streamline","Turbo"],"picked":"SKIP","floor":21.0},{"not_picked":["Go for the Eyes","Coolheaded+1"],"picked":"FTL+1","floor":23.0},{"not_picked":["Redo","Go for the Eyes+1"],"picked":"Defragment","floor":25.0},{"not_picked":["Steam","Blizzard"],"picked":"Rainbow","floor":27.0},{"not_picked":["Recycle","Cold Snap","Gash"],"picked":"SKIP","floor":28.0},{"not_picked":["Machine Learning","Reboot"],"picked":"Thunder Strike","floor":33.0},{"not_picked":["Genetic Algorithm+1","Rebound+1","Static Discharge"],"picked":"SKIP","floor":35}],"player_experience":1260519,"relics_obtained":[{"floor":5.0,"key":"MawBank"},{"floor":9.0,"key":"Ice Cream"},{"floor":23.0,"key":"Pocketwatch"},{"floor":26.0,"key":"Gremlin Horn"}],"event_choices":[{"damage_healed":0.0,"max_hp_gain":0.0,"max_hp_loss":0.0,"gold_gain":100.0,"event_name":"Golden Shrine","player_choice":"Pray","floor":7.0,"gold_loss":0.0,"damage_taken":0.0},{"damage_healed":0.0,"max_hp_gain":0.0,"max_hp_loss":0.0,"gold_gain":0.0,"event_name":"Addict","player_choice":"Obtained Relic","floor":20.0,"gold_loss":85.0,"damage_taken":0.0,"relics_obtained":["Thread and Needle"]},{"damage_healed":0.0,"max_hp_gain":5.0,"max_hp_loss":0.0,"gold_gain":0.0,"event_name":"Forgotten Altar","player_choice":"Shed Blood","floor":30.0,"gold_loss":0.0,"damage_taken":19.0},{"damage_healed":0,"gold_gain":0,"player_choice":"Paid","damage_taken":0,"relics_obtained":["Red Mask"],"max_hp_gain":0,"max_hp_loss":0,"event_name":"Tomb of Lord Red Mask","floor":36,"gold_loss":68}],"is_beta":false,"boss_relics":[{"not_picked":["Snecko Eye","Coffee Dripper"],"picked":"Ectoplasm"},{"not_picked":["Busted Crown","Cursed Key"],"picked":"Astrolabe"}],"items_purged_floors":[31],"is_endless":false,"potions_floor_spawned":[1,8,18,19,27,35],"killed_by":"3 Shapes","ascension_level":0}