{"gold_per_floor":[210,140,158,134,144,144,170,170,170,170,190,190,201,211,211,306,356,366,378,378,378,324,324,344,344,344,355,366,366,385,397,397,492,492,506,518,443,459,459,459,477,224,224,224,237,255,82,101,101,101],"floor_reached":51,"playtime":1622,"items_purged":["Strike_B","Strike_B","Strike_B"],"score":655,"play_id":"696658e2-9689-4244-b493-8b4484b869fb","local_time":"20190512005734","is_ascension_mode":false,"campfire_choices":[{"data":"Defragment","floor":6.0,"key":"SMITH"},{"data":"Dualcast","floor":8.0,"key":"SMITH"},{"data":"Zap","floor":10.0,"key":"SMITH"},{"data":"Cold Snap","floor":15.0,"key":"SMITH"},{"data":"Blizzard","floor":23.0,"key":"SMITH"},{"data":"Electrodynamics","floor":25.0,"key":"SMITH"},{"data":"Capacitor","floor":29.0,"key":"SMITH"},{"data":"Glacier","floor":32.0,"key":"SMITH"},{"data":"Echo Form","floor":40.0,"key":"SMITH"},{"data":"Seek","floor":44,"key":"SMITH"},{"floor":49,"key":"REST"}],"neow_cost":"NONE","seed_source_timestamp":0,"circlet_count":0,"master_deck":["Strike_B","Defend_B+1","Defend_B","Defend_B+1","Defend_B","Zap+1","Dualcast+1","BootSequence+1","Defragment+1","Cold Snap+1","Coolheaded+1","Chill","Electrodynamics+1","Blizzard+1","Glacier+1","Conserve Battery","Capacitor+1","Echo Form+1","Seek+1","Glacier"],"special_seed":0,"relics":["Cracked Core","Calipers","Darkstone Periapt","Tiny House","War Paint","Cursed Key","DataDisk"],"potions_floor_usage":[50,50,50],"damage_taken":[{"damage":1.0,"enemies":"Cultist","floor":1.0,"turns":3.0},{"damage":0.0,"enemies":"Small Slimes","floor":3.0,"turns":3.0},{"damage":0.0,"enemies":"Jaw Worm","floor":5.0,"turns":3.0},{"damage":12.0,"enemies":"Lagavulin","floor":7.0,"turns":7.0},{"damage":0.0,"enemies":"3 Louse","floor":11.0,"turns":3.0},{"damage":0.0,"enemies":"2 Fungi Beasts","floor":13.0,"turns":4.0},{"damage":0.0,"enemies":"Looter","floor":14.0,"turns":3.0},{"damage":36.0,"enemies":"Slime Boss","floor":16.0,"turns":16.0},{"damage":0.0,"enemies":"3 Byrds","floor":18.0,"turns":3.0},{"damage":11.0,"enemies":"Chosen","floor":19.0,"turns":6.0},{"damage":0.0,"enemies":"Snecko","floor":24.0,"turns":7.0},{"damage":6.0,"enemies":"Sentry and Sphere","floor":27.0,"turns":9.0},{"damage":15.0,"enemies":"Snake Plant","floor":28.0,"turns":5.0},{"damage":10.0,"enemies":"Snecko","floor":30.0,"turns":7.0},{"damage":0.0,"enemies":"Centurion and Healer","floor":31.0,"turns":6.0},{"damage":19.0,"enemies":"Collector","floor":33.0,"turns":13.0},{"damage":0.0,"enemies":"3 Shapes","floor":35.0,"turns":2.0},{"damage":0.0,"enemies":"Orb Walker","floor":36.0,"turns":6.0},{"damage":16.0,"enemies":"Writhing Mass","floor":38.0,"turns":10.0},{"damage":27.0,"enemies":"Transient","floor":41.0,"turns":5.0},{"damage":0,"enemies":"Jaw Worm Horde","floor":45,"turns":3},{"damage":0,"enemies":"Spire Growth","floor":46,"turns":5},{"damage":0,"enemies":"Transient","floor":48,"turns":5},{"damage":20,"enemies":"Donu and Deca","floor":50,"turns":9}],"seed_played":"-7104360236555885652","potions_obtained":[{"floor":11.0,"key":"LiquidBronze"},{"floor":13.0,"key":"SmokeBomb"},{"floor":14.0,"key":"Weak Potion"},{"floor":24.0,"key":"EssenceOfSteel"},{"floor":38.0,"key":"Fruit Juice"}],"is_trial":false,"path_per_floor":["M","$","M","$","M","R","E","R","T","R","M","?","M","M","R","B",null,"M","M","?","?","$","R","M","R","T","M","M","R","M","M","R","B",null,"M","M","$","M","T","R","M","$","T","R","M","M","$","M","R","B",null],"character_chosen":"DEFECT","items_purchased":["Defragment","Coolheaded","Conserve Battery","DataDisk","Explosive Potion"],"campfire_rested":1,"item_purchase_floors":[2,4,22,42,47],"current_hp_per_floor":[74,74,74,74,74,74,62,62,62,62,62,62,62,62,62,26,80,80,69,69,69,69,69,69,69,69,63,48,48,38,38,38,19,80,80,80,80,69,69,69,42,42,42,42,42,42,42,42,67,47],"gold":101,"neow_bonus":"HUNDRED_GOLD","is_prod":false,"is_daily":false,"chose_seed":false,"campfire_upgraded":10,"win_rate":0,"timestamp":1557619054,"path_taken":["M","$","M","$","M","R","E","R","T","R","M","?","?","M","R","BOSS","M","M","?","?","$","R","M","R","T","?","M","R","M","?","R","BOSS","M","M","$","M","?","R","M","$","T","R","M","M","$","M","R","BOSS"],"build_version":"2019-01-23","purchased_purges":3,"victory":true,"max_hp_per_floor":[75,75,75,75,75,75,75,75,75,75,75,75,75,75,75,75,80,80,80,80,80,80,80,80,80,80,80,80,80,80,80,80,80,80,80,80,80,85,85,85,85,85,85,85,85,85,85,85,85,85],"card_choices":[{"not_picked":["Hologram","Turbo"],"picked":"BootSequence","floor":1.0},{"not_picked":["Redo","Sweeping Beam"],"picked":"Cold Snap","floor":3.0},{"not_picked":["Recycle","Beam Cell","Lockon"],"picked":"SKIP","floor":5.0},{"not_picked":["Streamline","Tempest","Multi-Cast"],"picked":"SKIP","floor":7.0},{"not_picked":["Turbo","Skim","Beam Cell"],"picked":"SKIP","floor":11.0},{"not_picked":["Stack","Coolheaded"],"picked":"Chill","floor":13.0},{"not_picked":["Gash","Steam","Barrage"],"picked":"SKIP","floor":14.0},{"not_picked":["Rainbow","All For One"],"picked":"Electrodynamics","floor":16.0},{"not_picked":["Redo+1","Rebound","Sweeping Beam"],"picked":"SKIP","floor":18.0},{"not_picked":["Redo","Go for the Eyes+1"],"picked":"Blizzard","floor":19.0},{"not_picked":["Steam+1","Conserve Battery","Beam Cell"],"picked":"SKIP","floor":24.0},{"not_picked":["Streamline","Beam Cell","Go for the Eyes"],"picked":"SKIP","floor":27.0},{"not_picked":["Turbo","Compile Driver"],"picked":"Capacitor","floor":28.0},{"not_picked":["Self Repair","Sweeping Beam+1","Melter"],"picked":"SKIP","floor":30.0},{"not_picked":["Consume","Static Discharge+1","Leap"],"picked":"SKIP","floor":31.0},{"not_picked":["Core Surge","Seek"],"picked":"Echo Form","floor":33.0},{"not_picked":["Self Repair+1","Steam Power+1","Coolheaded+1"],"picked":"SKIP","floor":35.0},{"not_picked":["Hologram+1","Undo","Ball Lightning"],"picked":"SKIP","floor":36.0},{"not_picked":["Cold Snap","Steam","Ball Lightning"],"picked":"SKIP","floor":38.0},{"not_picked":["BootSequence+1","Aggregate+1"],"picked":"Seek","floor":41.0},{"not_picked":["Double Energy","Steam+1","Hello World"],"picked":"SKIP","floor":45},{"not_picked":["Darkness+1","Aggregate","Go for the Eyes"],"picked":"SKIP","floor":46},{"not_picked":["Chill+1","Leap"],"picked":"Glacier","floor":48}],"player_experience":1232597,"relics_obtained":[{"floor":7.0,"key":"Calipers"},{"floor":9.0,"key":"Darkstone Periapt"},{"floor":26.0,"key":"War Paint"}],"event_choices":[{"damage_healed":0.0,"max_hp_gain":0.0,"max_hp_loss":0.0,"gold_gain":0.0,"event_name":"Accursed Blacksmith","player_choice":"Forge","floor":12.0,"gold_loss":0.0,"damage_taken":0.0,"cards_upgraded":["Coolheaded"]},{"damage_healed":0.0,"max_hp_gain":0.0,"max_hp_loss":0.0,"gold_gain":0.0,"event_name":"The Library","player_choice":"Read","floor":20.0,"gold_loss":0.0,"damage_taken":0.0,"cards_obtained":["Glacier"]},{"damage_healed":0.0,"max_hp_gain":0.0,"max_hp_loss":0.0,"gold_gain":0.0,"event_name":"The Woman in Blue","player_choice":"Bought 0 Potions","floor":21.0,"gold_loss":0.0,"damage_taken":0.0}],"is_beta":false,"boss_relics":[{"not_picked":["Lizard Tail","Coffee Dripper"],"picked":"Tiny House"},{"not_picked":["Empty Cage","FrozenCore"],"picked":"Cursed Key"}],"items_purged_floors":[37,42,47],"is_endless":false,"potions_floor_spawned":[11,13,14,24,27,33,35,36,38],"ascension_level":0}