{"gold_per_floor":[213,231,248,248,268,268,268,268,318,328,181,197,197,1,1,97,97,111,71,71,82,6,6,18,18,18,43,72,72,86,106,106,203,203,217,217,317,317,267,296,307,318,318,318,114,114,125,125,125,125],"floor_reached":51,"playtime":1456,"items_purged":["Strike_B","Strike_B","Defend_B"],"score":685,"play_id":"9b3444fb-6d29-48c4-b0a7-9d26d1690969","local_time":"20190523195739","is_ascension_mode":false,"campfire_choices":[{"data":"Dualcast","floor":6.0,"key":"SMITH"},{"data":"Zap","floor":8.0,"key":"SMITH"},{"data":"Defragment","floor":13.0,"key":"SMITH"},{"data":"Defragment","floor":15.0,"key":"SMITH"},{"data":"Conserve Battery","floor":23.0,"key":"SMITH"},{"data":"Auto Shields","floor":25.0,"key":"SMITH"},{"data":"Creative AI","floor":32.0,"key":"SMITH"},{"floor":44,"key":"REST"},{"floor":46,"key":"REST"},{"floor":49,"key":"REST"}],"neow_cost":"NONE","seed_source_timestamp":0,"circlet_count":0,"master_deck":["Strike_B+1","Strike_B+1","Defend_B","Defend_B","Defend_B","Zap+1","Dualcast+1","Ball Lightning+1","BootSequence","Defragment+1","Defragment+1","Conserve Battery+1","Auto Shields+1","Glacier","FTL+1","Creative AI+1","Buffer","Defragment","Conserve Battery+1"],"special_seed":0,"relics":["Cracked Core","Centennial Puzzle","DataDisk","Black Star","Smiling Mask","Juzu Bracelet","Pen Nib","Omamori","Sozu","Mango","Ice Cream","Torii","Whetstone"],"potions_floor_usage":[50,50,50],"damage_taken":[{"damage":1.0,"enemies":"Jaw Worm","floor":1.0,"turns":3.0},{"damage":0.0,"enemies":"Cultist","floor":2.0,"turns":4.0},{"damage":0.0,"enemies":"Small Slimes","floor":3.0,"turns":2.0},{"damage":17.0,"enemies":"Exordium Thugs","floor":5.0,"turns":4.0},{"damage":1.0,"enemies":"Large Slime","floor":10.0,"turns":3.0},{"damage":0.0,"enemies":"Looter","floor":12.0,"turns":2.0},{"damage":36.0,"enemies":"Hexaghost","floor":16.0,"turns":8.0},{"damage":3.0,"enemies":"Spheric Guardian","floor":18.0,"turns":3.0},{"damage":13.0,"enemies":"2 Thieves","floor":21.0,"turns":4.0},{"damage":0.0,"enemies":"Sentry and Sphere","floor":24.0,"turns":8.0},{"damage":10.0,"enemies":"Slavers","floor":28.0,"turns":6.0},{"damage":0.0,"enemies":"Centurion and Healer","floor":30.0,"turns":7.0},{"damage":0.0,"enemies":"Cultist and Chosen","floor":31.0,"turns":5.0},{"damage":43.0,"enemies":"Champ","floor":33.0,"turns":9.0},{"damage":2.0,"enemies":"3 Darklings","floor":35.0,"turns":8.0},{"damage":22.0,"enemies":"Mind Bloom Boss Battle","floor":37.0,"turns":8.0},{"damage":30.0,"enemies":"Nemesis","floor":40.0,"turns":10.0},{"damage":8.0,"enemies":"Orb Walker","floor":41.0,"turns":3.0},{"damage":21.0,"enemies":"4 Shapes","floor":42.0,"turns":4.0},{"damage":0,"enemies":"Transient","floor":47,"turns":5},{"damage":7,"enemies":"Time Eater","floor":50,"turns":14}],"seed_played":"-4313463679447742924","potions_obtained":[{"floor":3.0,"key":"FearPotion"},{"floor":5.0,"key":"SkillPotion"},{"floor":10.0,"key":"PowerPotion"},{"floor":21.0,"key":"Block Potion"},{"floor":28.0,"key":"FocusPotion"}],"is_trial":false,"path_per_floor":["M","M","M","?","M","R","$","R","T","M","$","M","R","$","R","B",null,"M","?","$","M","$","R","M","R","T","T","E","?","M","M","R","B",null,"M","?","?","?","$","E","M","M","T","R","$","R","M","?","R","B",null],"character_chosen":"DEFECT","items_purchased":["DataDisk","Defragment","Conserve Battery","Glacier","Whetstone"],"campfire_rested":3,"item_purchase_floors":[11,14,14,22,45],"current_hp_per_floor":[74,74,74,74,57,57,57,57,57,56,56,56,56,56,56,20,75,72,72,72,59,59,59,59,59,59,59,49,49,49,49,49,6,75,73,73,65,65,65,35,27,6,6,32,32,58,58,58,84,77],"gold":125,"neow_bonus":"HUNDRED_GOLD","is_prod":false,"is_daily":false,"chose_seed":false,"campfire_upgraded":7,"win_rate":0,"timestamp":1558637859,"path_taken":["M","M","M","?","M","R","$","R","T","M","$","M","R","?","R","BOSS","M","?","$","M","$","R","?","R","T","?","E","?","M","M","R","BOSS","M","?","?","?","$","E","M","M","T","R","$","R","M","?","R","BOSS"],"build_version":"2019-01-23","purchased_purges":3,"victory":true,"max_hp_per_floor":[75,75,75,75,75,75,75,75,75,75,75,75,75,75,75,75,75,75,75,75,75,75,75,75,75,75,75,75,75,75,75,75,75,75,75,75,89,89,89,89,89,89,89,89,89,89,89,89,89,89],"card_choices":[{"not_picked":["Turbo","Lockon","Beam Cell"],"picked":"SKIP","floor":1.0},{"not_picked":["Rebound","Beam Cell","Leap"],"picked":"SKIP","floor":2.0},{"not_picked":["Cold Snap","Stack"],"picked":"Ball Lightning","floor":3.0},{"not_picked":["Lockon","Steam Power"],"picked":"BootSequence","floor":5.0},{"not_picked":["Aggregate","Steam","Biased Cognition"],"picked":"SKIP","floor":10.0},{"not_picked":["Cold Snap","Gash"],"picked":"Defragment","floor":12.0},{"not_picked":["Sweeping Beam","Stack","Ball Lightning"],"picked":"SKIP","floor":18.0},{"not_picked":["FTL+1","Redo+1"],"picked":"Auto Shields","floor":21.0},{"not_picked":["Recycle","Auto Shields"],"picked":"FTL+1","floor":24.0},{"not_picked":["Streamline","Stack+1","Barrage"],"picked":"SKIP","floor":28.0},{"not_picked":["Compile Driver","Leap+1","FTL"],"picked":"SKIP","floor":30.0},{"not_picked":["BootSequence","Conserve Battery"],"picked":"Creative AI","floor":31.0},{"not_picked":["Multi-Cast","Biased Cognition"],"picked":"Buffer","floor":33.0},{"not_picked":["Sweeping Beam","Force Field"],"picked":"Defragment","floor":35.0},{"not_picked":["Stack+1","Beam Cell","Rebound"],"picked":"SKIP","floor":40.0},{"not_picked":["Compile Driver+1","Static Discharge","Rebound+1"],"picked":"SKIP","floor":41.0},{"not_picked":["Stack","Sweeping Beam+1","Reinforced Body+1"],"picked":"SKIP","floor":42.0},{"not_picked":["Lockon","Stack"],"picked":"Conserve Battery+1","floor":47}],"player_experience":1252375,"relics_obtained":[{"floor":9.0,"key":"Centennial Puzzle"},{"floor":26.0,"key":"Smiling Mask"},{"floor":27.0,"key":"Juzu Bracelet"},{"floor":28.0,"key":"Pen Nib"},{"floor":28.0,"key":"Omamori"},{"floor":37.0,"key":"Mango"},{"floor":40.0,"key":"Ice Cream"},{"floor":40.0,"key":"Torii"}],"event_choices":[{"damage_healed":0.0,"max_hp_gain":0.0,"max_hp_loss":0.0,"gold_gain":0.0,"event_name":"The Woman in Blue","player_choice":"Bought 0 Potions","floor":4.0,"gold_loss":0.0,"damage_taken":0.0},{"damage_healed":0.0,"max_hp_gain":0.0,"max_hp_loss":0.0,"gold_gain":0.0,"event_name":"Designer","player_choice":"Upgrade","floor":19.0,"gold_loss":40.0,"damage_taken":0.0,"cards_upgraded":["Ball Lightning"]},{"damage_healed":0.0,"max_hp_gain":0.0,"max_hp_loss":0.0,"gold_gain":0.0,"event_name":"Vampires","player_choice":"Ignored","floor":29.0,"gold_loss":0.0,"damage_taken":0.0},{"damage_healed":0.0,"max_hp_gain":0.0,"max_hp_loss":0.0,"gold_gain":0.0,"event_name":"NoteForYourself","player_choice":"Ignored","floor":36.0,"gold_loss":0.0,"damage_taken":0.0},{"damage_healed":0.0,"max_hp_gain":0.0,"max_hp_loss":0.0,"gold_gain":0.0,"event_name":"MindBloom","player_choice":"Fight","floor":37.0,"gold_loss":0.0,"damage_taken":0.0},{"damage_healed":0.0,"max_hp_gain":0.0,"max_hp_loss":0.0,"gold_gain":0.0,"event_name":"SecretPortal","player_choice":"Ignored","floor":38.0,"gold_loss":0.0,"damage_taken":0.0},{"damage_healed":0,"gold_gain":0,"player_choice":"Ignored","damage_taken":0,"max_hp_gain":0,"max_hp_loss":0,"event_name":"Mysterious Sphere","floor":48,"gold_loss":0}],"is_beta":false,"boss_relics":[{"not_picked":["Fusion Hammer","Ectoplasm"],"picked":"Black Star"},{"not_picked":["Velvet Choker","Philosopher\u0027s Stone"],"picked":"Sozu"}],"items_purged_floors":[14,39,45],"is_endless":false,"potions_floor_spawned":[3,5,10,12,21,28,31,40,47],"ascension_level":0}