{"gold_per_floor":[213,224,236,253,328,328,253,253,298,353,365,397,409,436,448,563,575,606,518,518,518,530,530,548,213,213,213,223,254,254,274,274,377,377,390,403,403],"floor_reached":37,"playtime":1169,"items_purged":["Strike_B","Strike_B","Strike_B"],"score":431,"play_id":"b9b60d9d-98d0-4ded-abc6-d17cbbc5da52","local_time":"20190215202231","is_ascension_mode":false,"campfire_choices":[{"data":"Defragment","floor":6.0,"key":"SMITH"},{"data":"Buffer","floor":8.0,"key":"SMITH"},{"data":"Dualcast","floor":11.0,"key":"SMITH"},{"data":"Zap","floor":13.0,"key":"SMITH"},{"data":"Cold Snap","floor":15.0,"key":"SMITH"},{"data":"Electrodynamics","floor":23,"key":"SMITH"},{"data":"Defend_B","floor":27,"key":"SMITH"},{"floor":32,"key":"REST"}],"neow_cost":"NONE","seed_source_timestamp":289096889326030,"circlet_count":0,"master_deck":["Strike_B","Defend_B+1","Defend_B","Defend_B","Defend_B","Zap+1","Dualcast+1","Defragment+1","Buffer+1","Cold Snap+1","BootSequence","Ball Lightning","Electrodynamics+1","Capacitor+1","Barrage+1","Echo Form"],"special_seed":0,"relics":["Cracked Core","Omamori","MawBank","Cursed Key","Runic Capacitor","Blood Vial","Smiling Mask","Sozu"],"potions_floor_usage":[31],"damage_taken":[{"damage":4.0,"enemies":"Cultist","floor":1.0,"turns":4.0},{"damage":1.0,"enemies":"Jaw Worm","floor":2.0,"turns":3.0},{"damage":0.0,"enemies":"2 Louse","floor":3.0,"turns":2.0},{"damage":12.0,"enemies":"2 Fungi Beasts","floor":4.0,"turns":6.0},{"damage":3.0,"enemies":"Gremlin Gang","floor":12.0,"turns":6.0},{"damage":0.0,"enemies":"3 Louse","floor":14.0,"turns":4.0},{"damage":0.0,"enemies":"Slime Boss","floor":16.0,"turns":8.0},{"damage":0.0,"enemies":"Chosen","floor":18.0,"turns":4.0},{"damage":0,"enemies":"Spheric Guardian","floor":22,"turns":5},{"damage":0,"enemies":"Snecko","floor":24,"turns":5},{"damage":13,"enemies":"Snake Plant","floor":28,"turns":4},{"damage":27,"enemies":"Book of Stabbing","floor":29,"turns":7},{"damage":0,"enemies":"3 Cultists","floor":31,"turns":3},{"damage":2,"enemies":"Champ","floor":33,"turns":9},{"damage":3,"enemies":"3 Darklings","floor":35,"turns":4},{"damage":16,"enemies":"Orb Walker","floor":36,"turns":4},{"damage":18,"enemies":"Sphere and 2 Shapes","floor":37,"turns":4}],"seed_played":"2753589605869295959","potions_obtained":[{"floor":1.0,"key":"Ancient Potion"},{"floor":2.0,"key":"SteroidPotion"},{"floor":4.0,"key":"SkillPotion"},{"floor":22,"key":"FocusPotion"},{"floor":33,"key":"GamblersBrew"}],"is_trial":false,"path_per_floor":["M","M","M","M","?","R","$","R","T","T","R","M","R","M","R","B",null,"M","$","?","?","M","R","M","$","T","R","M","E","?","M","R","B",null,"M","M","M"],"character_chosen":"DEFECT","items_purchased":["Runic Capacitor"],"campfire_rested":1,"item_purchase_floors":[25],"current_hp_per_floor":[71,70,70,58,47,47,47,47,47,47,47,44,44,44,44,44,75,75,75,75,75,75,75,75,75,75,75,62,37,37,39,61,61,75,72,58,42],"gold":403,"neow_bonus":"HUNDRED_GOLD","is_prod":false,"is_daily":false,"chose_seed":false,"campfire_upgraded":7,"win_rate":0,"timestamp":1550262151,"path_taken":["M","?","M","M","?","R","$","R","T","?","R","?","R","M","R","BOSS","M","$","?","?","M","R","?","$","T","R","M","E","?","M","R","BOSS","M","M","M"],"build_version":"2019-01-23","purchased_purges":3,"victory":false,"max_hp_per_floor":[75,75,75,75,75,75,75,75,75,75,75,75,75,75,75,75,75,75,75,75,75,75,75,75,75,75,75,75,75,75,75,75,75,75,75,75,75],"card_choices":[{"not_picked":["Reprogram","Skim","Barrage"],"picked":"SKIP","floor":1.0},{"not_picked":["Ball Lightning","Sweeping Beam"],"picked":"Defragment","floor":2.0},{"not_picked":["Redo","Darkness"],"picked":"Buffer","floor":3.0},{"not_picked":["Leap","Barrage"],"picked":"Cold Snap","floor":4.0},{"not_picked":["Tempest","Loop"],"picked":"BootSequence","floor":12.0},{"not_picked":["Auto Shields","Chaos"],"picked":"Ball Lightning","floor":14.0},{"not_picked":["Thunder Strike","Hyperbeam"],"picked":"Electrodynamics","floor":16.0},{"not_picked":["Ball Lightning+1","Redo"],"picked":"Capacitor+1","floor":18.0},{"not_picked":["Recycle","Rip and Tear","Redo+1"],"picked":"SKIP","floor":22},{"not_picked":["Stack+1","Streamline","Beam Cell+1"],"picked":"SKIP","floor":24},{"not_picked":["Sunder+1","Darkness","Sweeping Beam+1"],"picked":"SKIP","floor":28},{"not_picked":["Rip and Tear","Static Discharge"],"picked":"Barrage+1","floor":29},{"not_picked":["Self Repair","Double Energy","Leap"],"picked":"SKIP","floor":31},{"not_picked":["Hyperbeam","Amplify"],"picked":"Echo Form","floor":33},{"not_picked":["Heatsinks","Leap","Steam"],"picked":"SKIP","floor":35},{"not_picked":["Double Energy","Redo+1","Sweeping Beam"],"picked":"SKIP","floor":36}],"player_experience":1042500,"relics_obtained":[{"floor":9.0,"key":"Omamori"},{"floor":10.0,"key":"MawBank"},{"floor":26,"key":"Blood Vial"},{"floor":29,"key":"Smiling Mask"}],"event_choices":[{"damage_healed":0.0,"max_hp_gain":0.0,"max_hp_loss":0.0,"gold_gain":75.0,"event_name":"World of Goop","player_choice":"Gather Gold","floor":5.0,"gold_loss":0.0,"damage_taken":11.0},{"damage_healed":0.0,"max_hp_gain":0.0,"max_hp_loss":0.0,"gold_gain":0.0,"event_name":"Vampires","player_choice":"Ignored","floor":20.0,"gold_loss":0.0,"damage_taken":0.0},{"damage_healed":0,"gold_gain":0,"player_choice":"Ignored","damage_taken":0,"max_hp_gain":0,"max_hp_loss":0,"event_name":"N\u0027loth","floor":21,"gold_loss":0},{"damage_healed":0,"gold_gain":0,"player_choice":"Smashed Altar","damage_taken":0,"max_hp_gain":0,"max_hp_loss":0,"event_name":"Forgotten Altar","floor":30,"gold_loss":0,"cards_obtained":["Decay"]}],"is_beta":false,"boss_relics":[{"not_picked":["Busted Crown","Runic Dome"],"picked":"Cursed Key"},{"not_picked":["Velvet Choker","White Beast Statue"],"picked":"Sozu"}],"items_purged_floors":[7,19,25],"is_endless":false,"potions_floor_spawned":[1,2,4,14,22,28,33,35],"killed_by":"Sphere and 2 Shapes","ascension_level":0}