{"gold_per_floor":[113,38,38,48,59,59,73,73,73,91,144,144,44,55,55,159,159,114,114,114,114,114,114,114,114,114,114,114,114,114,114,114,114],"floor_reached":33,"playtime":837,"items_purged":["Strike_B","Dualcast"],"score":263,"play_id":"b3d58ee0-854f-474a-bd92-884962930b14","local_time":"20190505211004","is_ascension_mode":false,"campfire_choices":[{"data":"Sunder","floor":6.0,"key":"SMITH"},{"data":"Hyperbeam","floor":8.0,"key":"SMITH"},{"data":"Defend_B","floor":12.0,"key":"SMITH"},{"data":"Ball Lightning","floor":15.0,"key":"SMITH"},{"data":"Defend_B","floor":23,"key":"SMITH"},{"data":"Defend_B","floor":27,"key":"SMITH"},{"floor":32,"key":"REST"}],"neow_cost":"NONE","seed_source_timestamp":1293607382522480,"circlet_count":0,"master_deck":["Strike_B","Strike_B","Defend_B+1","Defend_B+1","Defend_B+1","Defend_B","Zap","Sunder+1","Ball Lightning+1","Hyperbeam+1","Auto Shields","Reboot","Conserve Battery+1","Reboot","Beam Cell","Undo"],"special_seed":0,"relics":["Cracked Core","Blue Candle","Regal Pillow","Ectoplasm","Old Coin","Centennial Puzzle"],"potions_floor_usage":[33],"damage_taken":[{"damage":0.0,"enemies":"Cultist","floor":1.0,"turns":3.0},{"damage":11.0,"enemies":"Jaw Worm","floor":4.0,"turns":3.0},{"damage":8.0,"enemies":"Small Slimes","floor":5.0,"turns":2.0},{"damage":4.0,"enemies":"Gremlin Gang","floor":7.0,"turns":3.0},{"damage":5.0,"enemies":"Lots of Slimes","floor":10.0,"turns":2.0},{"damage":0.0,"enemies":"Exordium Wildlife","floor":14.0,"turns":2.0},{"damage":40.0,"enemies":"Hexaghost","floor":16.0,"turns":12.0},{"damage":4,"enemies":"2 Thieves","floor":18,"turns":3},{"damage":2,"enemies":"Chosen","floor":20,"turns":3},{"damage":15,"enemies":"Snecko","floor":22,"turns":4},{"damage":5,"enemies":"Gremlin Leader","floor":24,"turns":6},{"damage":13,"enemies":"Snake Plant","floor":25,"turns":3},{"damage":4,"enemies":"Centurion and Healer","floor":28,"turns":4},{"damage":0,"enemies":"Cultist and Chosen","floor":29,"turns":4},{"damage":5,"enemies":"Snake Plant","floor":30,"turns":3},{"damage":0,"enemies":"3 Cultists","floor":31,"turns":3},{"damage":60,"enemies":"Automaton","floor":33,"turns":12}],"seed_played":"-3802817213083204919","potions_obtained":[{"floor":1.0,"key":"PowerPotion"},{"floor":7.0,"key":"SpeedPotion"},{"floor":10.0,"key":"Ancient Potion"}],"is_trial":false,"path_per_floor":["M","$","?","M","M","R","M","R","T","M","T","R","$","M","R","B",null,"M","?","M","$","M","R","E","M","T","R","M","M","M","M","R","B"],"character_chosen":"DEFECT","items_purchased":[],"campfire_rested":1,"item_purchase_floors":[],"current_hp_per_floor":[75,75,75,64,56,56,52,52,52,47,47,47,47,47,47,7,75,71,71,69,69,54,54,49,36,36,36,32,32,27,27,64,4],"gold":114,"neow_bonus":"TRANSFORM_CARD","is_prod":false,"is_daily":false,"chose_seed":false,"campfire_upgraded":6,"win_rate":0,"timestamp":1557087004,"path_taken":["M","$","?","M","M","R","M","R","T","M","?","R","$","M","R","BOSS","M","?","?","$","M","R","E","M","T","R","M","?","M","M","R","BOSS"],"build_version":"2019-01-23","purchased_purges":2,"victory":false,"max_hp_per_floor":[75,75,75,75,75,75,75,75,75,75,75,75,75,75,75,75,75,75,75,75,75,75,75,75,75,75,75,75,75,75,75,75,75],"card_choices":[{"not_picked":["Loop","Heatsinks"],"picked":"Ball Lightning","floor":1.0},{"not_picked":["Darkness","Tempest","Stack"],"picked":"SKIP","floor":4.0},{"not_picked":["Steam","Barrage","Rebound"],"picked":"SKIP","floor":5.0},{"not_picked":["Beam Cell","Redo"],"picked":"Hyperbeam","floor":7.0},{"not_picked":["Heatsinks","Rip and Tear"],"picked":"Auto Shields","floor":10.0},{"not_picked":["Steam","Genetic Algorithm","Stack"],"picked":"SKIP","floor":14.0},{"not_picked":["Creative AI","Meteor Strike"],"picked":"Reboot","floor":16.0},{"not_picked":["Reinforced Body","Genetic Algorithm","Skim"],"picked":"SKIP","floor":18},{"not_picked":["Stack","Steam","Sweeping Beam"],"picked":"SKIP","floor":20},{"not_picked":["Leap","Gash+1","Hologram"],"picked":"SKIP","floor":22},{"not_picked":["Double Energy","Steam+1"],"picked":"Conserve Battery+1","floor":24},{"not_picked":["Beam Cell","Compile Driver+1","Reboot"],"picked":"SKIP","floor":25},{"not_picked":["Beam Cell","Compile Driver+1"],"picked":"Reboot","floor":25},{"not_picked":["Conserve Battery","Gash"],"picked":"Beam Cell","floor":28},{"not_picked":["Blizzard","Gash","Capacitor"],"picked":"SKIP","floor":29},{"not_picked":["Blizzard","Aggregate","Fusion"],"picked":"SKIP","floor":30},{"not_picked":["Turbo","Steam"],"picked":"Undo","floor":31}],"player_experience":1218096,"relics_obtained":[{"floor":9.0,"key":"Blue Candle"},{"floor":11.0,"key":"Regal Pillow"},{"floor":24,"key":"Old Coin"},{"floor":26,"key":"Centennial Puzzle"}],"event_choices":[{"damage_healed":0.0,"max_hp_gain":0.0,"max_hp_loss":0.0,"gold_gain":0.0,"event_name":"The Cleric","player_choice":"Leave","floor":3.0,"gold_loss":0.0,"damage_taken":0.0},{"damage_healed":0,"gold_gain":0,"player_choice":"Ignored","damage_taken":0,"max_hp_gain":0,"max_hp_loss":0,"event_name":"NoteForYourself","floor":19,"gold_loss":0}],"is_beta":false,"boss_relics":[{"not_picked":["Runic Dome","Fusion Hammer"],"picked":"Ectoplasm"}],"items_purged_floors":[2,13],"is_endless":false,"potions_floor_spawned":[1,7,10,16,18,20,28,30],"killed_by":"Automaton","ascension_level":0}