{"gold_per_floor":[113,131,142,142,156,156,191,191,216,243,243,243],"floor_reached":12,"playtime":814,"items_purged":[],"score":97,"play_id":"b75950d0-b1ca-4045-a0ab-7e29af67508f","local_time":"20190617005929","is_ascension_mode":true,"campfire_choices":[{"data":"Gash","floor":6,"key":"SMITH"},{"floor":8,"key":"REST"}],"neow_cost":"NONE","seed_source_timestamp":98949016032700,"circlet_count":0,"master_deck":["Strike_B","Strike_B","Strike_B","Strike_B","Defend_B","Defend_B","Defend_B","Zap","Dualcast","Heatsinks","Gash+1","Go for the Eyes","BootSequence","Melter","Beam Cell"],"relics":["Cracked Core","Omamori","Lantern"],"potions_floor_usage":[2,7],"damage_taken":[{"damage":12,"enemies":"Small Slimes","floor":1,"turns":2},{"damage":3,"enemies":"2 Louse","floor":2,"turns":2},{"damage":6,"enemies":"Cultist","floor":3,"turns":3},{"damage":26,"enemies":"Large Slime","floor":5,"turns":7},{"damage":16,"enemies":"Gremlin Nob","floor":7,"turns":3},{"damage":35,"enemies":"Lagavulin","floor":10,"turns":6},{"damage":37,"enemies":"3 Sentries","floor":12,"turns":6}],"seed_played":"8096400817442502872","potions_obtained":[{"floor":2,"key":"Fruit Juice"},{"floor":3,"key":"SteroidPotion"}],"is_trial":false,"path_per_floor":["M","M","M","?","M","R","E","R","T","E","?","E"],"character_chosen":"DEFECT","items_purchased":[],"campfire_rested":1,"item_purchase_floors":[],"current_hp_per_floor":[63,65,59,59,33,33,17,41,41,6,32,0],"gold":243,"neow_bonus":"TRANSFORM_CARD","is_prod":false,"is_daily":false,"chose_seed":false,"campfire_upgraded":1,"win_rate":0,"timestamp":1560751169,"path_taken":["M","M","M","?","M","R","E","R","T","E","?","E"],"build_version":"2019-01-23","purchased_purges":0,"victory":false,"max_hp_per_floor":[75,80,80,80,80,80,80,80,80,80,80,80],"card_choices":[{"not_picked":["Barrage","Reprogram"],"picked":"Gash","floor":1},{"not_picked":["Streamline","Compile Driver"],"picked":"Go for the Eyes","floor":2},{"not_picked":["Skim","Go for the Eyes"],"picked":"BootSequence","floor":3},{"not_picked":["Scrape","Hello World"],"picked":"Melter","floor":5},{"not_picked":["Turbo","Chaos"],"picked":"Beam Cell","floor":7},{"not_picked":["Reprogram","Turbo","Sweeping Beam"],"picked":"SKIP","floor":10}],"player_experience":115310,"relics_obtained":[{"floor":7,"key":"Omamori"},{"floor":10,"key":"Lantern"}],"event_choices":[{"damage_healed":0,"gold_gain":0,"player_choice":"Ignored","damage_taken":0,"max_hp_gain":0,"max_hp_loss":0,"event_name":"Liars Game","floor":4,"gold_loss":0},{"damage_healed":26,"gold_gain":0,"player_choice":"Banana","damage_taken":0,"max_hp_gain":0,"max_hp_loss":0,"event_name":"Big Fish","floor":11,"gold_loss":0}],"is_beta":false,"boss_relics":[],"items_purged_floors":[],"is_endless":false,"potions_floor_spawned":[2,3],"killed_by":"3 Sentries","ascension_level":2}