{"gold_per_floor":[117,117,132,207,217,217,243,255,267,279,308,88,88,88,88,190,190,205,217,167,185,122,122,140,140,140,140,140,165,165,184,184,285,285,296,296,296,296,396,396,396,409,409,438,454,454,454,299,299,299],"floor_reached":51,"playtime":1728,"items_purged":["Strike_B","Strike_B","Defend_B"],"score":714,"play_id":"3797b2b9-03a6-4a74-a218-a846a19d6390","local_time":"20190312211744","is_ascension_mode":false,"campfire_choices":[{"data":"Dualcast","floor":6.0,"key":"SMITH"},{"data":"Zap","floor":8.0,"key":"SMITH"},{"data":"Go for the Eyes","floor":10.0,"key":"SMITH"},{"data":"Strike_B","floor":15.0,"key":"SMITH"},{"data":"Conserve Battery","floor":23.0,"key":"SMITH"},{"data":"Undo","floor":28.0,"key":"SMITH"},{"data":"Conserve Battery","floor":30.0,"key":"SMITH"},{"data":"Core Surge","floor":32.0,"key":"SMITH"},{"data":"Ball Lightning","floor":40.0,"key":"SMITH"},{"data":"BootSequence","floor":46,"key":"SMITH"},{"data":"Blizzard","floor":49,"key":"SMITH"}],"neow_cost":"NONE","seed_source_timestamp":422588693126632,"circlet_count":0,"master_deck":["Strike_B+1","Dualcast+1","Go for the Eyes+1","Conserve Battery+1","Core Surge+1","Rainbow+1","Chaos+1","Hologram+1","Conserve Battery+1","Coolheaded+1","Undo+1","Chill+1","Ball Lightning+1","Melter+1","BootSequence+1","White Noise+1","Capacitor","Blizzard+1"],"special_seed":0,"relics":["Cracked Core","Potion Belt","MawBank","Cables","Membership Card","Astrolabe","Mercury Hourglass","Bag of Marbles","Symbiotic Virus","War Paint","Oddly Smooth Stone"],"potions_floor_usage":[50,50,50,50,50],"damage_taken":[{"damage":1.0,"enemies":"Jaw Worm","floor":1.0,"turns":4.0},{"damage":0.0,"enemies":"2 Louse","floor":3.0,"turns":2.0},{"damage":0.0,"enemies":"Cultist","floor":5.0,"turns":4.0},{"damage":34.0,"enemies":"3 Sentries","floor":7.0,"turns":10.0},{"damage":0.0,"enemies":"Blue Slaver","floor":11.0,"turns":3.0},{"damage":2.0,"enemies":"Hexaghost","floor":16.0,"turns":9.0},{"damage":1.0,"enemies":"Shell Parasite","floor":18.0,"turns":3.0},{"damage":0.0,"enemies":"Spheric Guardian","floor":19.0,"turns":3.0},{"damage":3.0,"enemies":"Snecko","floor":21.0,"turns":4.0},{"damage":16.0,"enemies":"Shelled Parasite and Fungi","floor":24.0,"turns":5.0},{"damage":0.0,"enemies":"Colosseum Slavers","floor":27.0,"turns":3.0},{"damage":0.0,"enemies":"Gremlin Leader","floor":29.0,"turns":6.0},{"damage":0.0,"enemies":"Sentry and Sphere","floor":31.0,"turns":5.0},{"damage":31.0,"enemies":"Collector","floor":33.0,"turns":11.0},{"damage":0.0,"enemies":"Orb Walker","floor":35.0,"turns":3.0},{"damage":1.0,"enemies":"Mind Bloom Boss Battle","floor":39.0,"turns":7.0},{"damage":11,"enemies":"Transient","floor":42,"turns":5},{"damage":28,"enemies":"Giant Head","floor":44,"turns":11},{"damage":0,"enemies":"4 Shapes","floor":45,"turns":5},{"damage":21,"enemies":"Donu and Deca","floor":50,"turns":7}],"seed_played":"-4230795006769877704","potions_obtained":[{"floor":5.0,"key":"PowerPotion"},{"floor":7.0,"key":"LiquidBronze"},{"floor":11.0,"key":"Dexterity Potion"},{"floor":14.0,"key":"GamblersBrew"},{"floor":14.0,"key":"SpeedPotion"},{"floor":19.0,"key":"Poison Potion"},{"floor":44,"key":"SkillPotion"}],"is_trial":false,"path_per_floor":["M","$","M","?","M","R","E","R","T","R","M","$","?","?","R","B",null,"M","M","$","M","$","R","M","$","T","?","R","E","R","M","R","B",null,"M","?","?","?","?","R","$","M","T","E","M","R","?","$","R","B",null],"character_chosen":"DEFECT","items_purchased":["Membership Card","Capacitor","Oddly Smooth Stone","Blizzard"],"campfire_rested":0,"item_purchase_floors":[12,48,48,48],"current_hp_per_floor":[74,74,74,63,63,63,29,29,29,29,29,29,22,22,22,20,75,74,74,74,71,71,71,55,55,55,55,55,55,55,55,55,24,75,75,75,75,75,74,74,74,63,63,35,35,35,35,35,35,14],"gold":299,"neow_bonus":"RANDOM_COMMON_RELIC","is_prod":false,"is_daily":false,"chose_seed":false,"campfire_upgraded":11,"win_rate":0,"timestamp":1552425464,"path_taken":["M","$","M","?","M","R","E","R","T","R","M","$","?","?","R","BOSS","M","M","?","M","$","R","M","$","T","?","R","E","R","M","R","BOSS","M","?","?","?","?","R","$","M","T","E","M","R","?","$","R","BOSS"],"build_version":"2019-01-23","purchased_purges":3,"victory":true,"max_hp_per_floor":[75,75,75,75,75,75,75,75,75,75,75,75,75,75,75,75,75,75,75,75,75,75,75,75,75,75,75,75,75,75,75,75,75,75,75,75,75,75,75,75,75,75,75,75,75,75,75,75,75,75],"card_choices":[{"not_picked":["Stack","Storm","Beam Cell"],"picked":"SKIP","floor":1.0},{"not_picked":["Doom and Gloom","Gash"],"picked":"Go for the Eyes","floor":3.0},{"not_picked":["Cold Snap","Barrage","Redo"],"picked":"SKIP","floor":5.0},{"not_picked":["Redo","Hologram"],"picked":"Conserve Battery","floor":7.0},{"not_picked":["Self Repair","Streamline","Amplify"],"picked":"SKIP","floor":11.0},{"not_picked":["Multi-Cast","Hyperbeam"],"picked":"Core Surge","floor":16.0},{"not_picked":["Compile Driver","Sweeping Beam"],"picked":"Conserve Battery","floor":18.0},{"not_picked":["Hologram","Heatsinks"],"picked":"Coolheaded+1","floor":19.0},{"not_picked":["Melter","Turbo"],"picked":"Undo","floor":21.0},{"not_picked":["Streamline","Steam"],"picked":"Chill","floor":24.0},{"not_picked":["Reboot","All For One","Sweeping Beam"],"picked":"SKIP","floor":29.0},{"not_picked":["Reprogram","FTL","Rip and Tear"],"picked":"SKIP","floor":31.0},{"not_picked":["Hologram+1","Streamline+1"],"picked":"Ball Lightning","floor":35.0},{"not_picked":["Compile Driver","Go for the Eyes"],"picked":"Melter+1","floor":39.0},{"not_picked":["Sweeping Beam+1","Leap","Rebound+1"],"picked":"SKIP","floor":42},{"not_picked":["Genetic Algorithm","Scrape+1"],"picked":"BootSequence","floor":44},{"not_picked":["Hello World","Stack+1"],"picked":"White Noise+1","floor":45}],"player_experience":1106237,"relics_obtained":[{"floor":7.0,"key":"MawBank"},{"floor":9.0,"key":"Cables"},{"floor":26.0,"key":"Mercury Hourglass"},{"floor":29.0,"key":"Bag of Marbles"},{"floor":43,"key":"Symbiotic Virus"},{"floor":44,"key":"War Paint"}],"event_choices":[{"damage_healed":0.0,"max_hp_gain":0.0,"max_hp_loss":0.0,"gold_gain":75.0,"event_name":"World of Goop","player_choice":"Gather Gold","floor":4.0,"gold_loss":0.0,"damage_taken":11.0},{"cards_removed":["Defend_B"],"damage_healed":0.0,"max_hp_gain":0.0,"max_hp_loss":0.0,"gold_gain":0.0,"event_name":"Golden Wing","player_choice":"Card Removal","floor":13.0,"gold_loss":0.0,"damage_taken":7.0},{"damage_healed":0.0,"max_hp_gain":0.0,"max_hp_loss":0.0,"gold_gain":0.0,"event_name":"Lab","player_choice":"Got Potions","floor":14.0,"gold_loss":0.0,"damage_taken":0.0},{"damage_healed":0.0,"max_hp_gain":0.0,"max_hp_loss":0.0,"gold_gain":0.0,"event_name":"Colosseum","player_choice":"Fight","floor":27.0,"gold_loss":0.0,"damage_taken":0.0},{"damage_healed":0.0,"max_hp_gain":0.0,"max_hp_loss":0.0,"gold_gain":0.0,"event_name":"Colosseum","player_choice":"Fled From Nobs","floor":27.0,"gold_loss":0.0,"damage_taken":0.0},{"damage_healed":0.0,"max_hp_gain":0.0,"max_hp_loss":0.0,"gold_gain":0.0,"event_name":"Mysterious Sphere","player_choice":"Ignored","floor":36.0,"gold_loss":0.0,"damage_taken":0.0},{"damage_healed":0.0,"max_hp_gain":0.0,"max_hp_loss":0.0,"gold_gain":0.0,"event_name":"SensoryStone","player_choice":"Memory 1","floor":37.0,"gold_loss":0.0,"damage_taken":0.0},{"damage_healed":0.0,"max_hp_gain":0.0,"max_hp_loss":0.0,"gold_gain":0.0,"event_name":"Tomb of Lord Red Mask","player_choice":"Ignored","floor":38.0,"gold_loss":0.0,"damage_taken":0.0},{"damage_healed":0.0,"max_hp_gain":0.0,"max_hp_loss":0.0,"gold_gain":0.0,"event_name":"MindBloom","player_choice":"Fight","floor":39.0,"gold_loss":0.0,"damage_taken":0.0},{"cards_removed":["Zap"],"damage_healed":0,"gold_gain":0,"player_choice":"Removed Skill","damage_taken":0,"max_hp_gain":0,"max_hp_loss":0,"event_name":"Falling","floor":47,"gold_loss":0}],"is_beta":false,"boss_relics":[{"not_picked":["Black Star","Runic Pyramid"],"picked":"Astrolabe"},{"not_picked":["Calling Bell","Snecko Eye","Busted Crown"]}],"items_purged_floors":[12,20,22],"is_endless":false,"potions_floor_spawned":[5,7,11,19,21,27,39,44],"ascension_level":0}