{"gold_per_floor":[116,126,126,137,155,185,185,212,280,280,293,293,368,543,543,644,644,662,311,311,330,156,156,156,255,255,255,330,355,370,388,388,490,490,508,383,396,415,425,425,455,466,493,493,513,363,382,482,482,482],"floor_reached":51,"playtime":2129,"items_purged":["Doubt","Strike_B","Strike_B","Defend_B"],"score":907,"play_id":"afc7d5df-1e79-45c2-9758-526cfe3a417e","local_time":"20190516220552","is_ascension_mode":false,"campfire_choices":[{"data":"Zap","floor":7.0,"key":"SMITH"},{"data":"Conserve Battery","floor":10.0,"key":"SMITH"},{"data":"Conserve Battery","floor":12.0,"key":"SMITH"},{"data":"Strike_B","floor":15.0,"key":"SMITH"},{"data":"Blizzard","floor":23.0,"key":"SMITH"},{"data":"Echo Form","floor":27.0,"key":"SMITH"},{"data":"Echo Form","floor":32.0,"key":"SMITH"},{"data":"Coolheaded","floor":40.0,"key":"SMITH"},{"floor":49,"key":"REST"}],"neow_cost":"NONE","seed_source_timestamp":2246038198952854,"circlet_count":0,"master_deck":["Strike_B","Defend_B+1","Defend_B","Defend_B+1","Zap+1","Dualcast+1","Conserve Battery+1","Chill","Conserve Battery+1","Glacier","Echo Form+1","Melter","Blizzard+1","Coolheaded+1","Echo Form+1","Seek","Darkness+1","Creative AI"],"special_seed":0,"relics":["Cracked Core","FossilizedHelix","Incense Burner","Symbiotic Virus","Nuclear Battery","Runic Capacitor","Singing Bowl","Omamori","Sozu","Dodecahedron","War Paint"],"potions_floor_usage":[50,50],"damage_taken":[{"damage":0.0,"enemies":"2 Louse","floor":1.0,"turns":3.0},{"damage":1.0,"enemies":"Cultist","floor":2.0,"turns":4.0},{"damage":1.0,"enemies":"Small Slimes","floor":4.0,"turns":3.0},{"damage":0.0,"enemies":"2 Fungi Beasts","floor":5.0,"turns":3.0},{"damage":40.0,"enemies":"Gremlin Nob","floor":6.0,"turns":6.0},{"damage":7.0,"enemies":"Lagavulin","floor":8.0,"turns":7.0},{"damage":0.0,"enemies":"3 Louse","floor":11.0,"turns":3.0},{"damage":0.0,"enemies":"Slime Boss","floor":16.0,"turns":10.0},{"damage":4.0,"enemies":"3 Byrds","floor":18.0,"turns":5.0},{"damage":0.0,"enemies":"Spheric Guardian","floor":21.0,"turns":1.0},{"damage":0.0,"enemies":"Book of Stabbing","floor":29.0,"turns":7.0},{"damage":0.0,"enemies":"3 Cultists","floor":30.0,"turns":4.0},{"damage":5.0,"enemies":"Chosen and Byrds","floor":31.0,"turns":10.0},{"damage":0.0,"enemies":"Champ","floor":33.0,"turns":10.0},{"damage":0.0,"enemies":"3 Shapes","floor":35.0,"turns":5.0},{"damage":14.0,"enemies":"3 Darklings","floor":37.0,"turns":5.0},{"damage":0.0,"enemies":"Jaw Worm Horde","floor":38.0,"turns":6.0},{"damage":0.0,"enemies":"Transient","floor":39.0,"turns":5.0},{"damage":26.0,"enemies":"Reptomancer","floor":41.0,"turns":8.0},{"damage":0.0,"enemies":"4 Shapes","floor":42.0,"turns":5.0},{"damage":5.0,"enemies":"3 Darklings","floor":45.0,"turns":4.0},{"damage":0.0,"enemies":"Jaw Worm Horde","floor":47.0,"turns":5.0},{"damage":0.0,"enemies":"Mind Bloom Boss Battle","floor":48.0,"turns":7.0},{"damage":9,"enemies":"Awakened One","floor":50,"turns":15}],"seed_played":"-3850705382662570607","potions_obtained":[{"floor":2.0,"key":"Ancient Potion"},{"floor":6.0,"key":"SteroidPotion"},{"floor":11.0,"key":"Ancient Potion"}],"is_trial":false,"path_per_floor":["M","M","?","M","M","E","R","E","T","R","M","R","?","?","R","B",null,"M","$","?","M","$","R","?","?","T","R","?","E","M","M","R","B",null,"M","$","M","M","M","R","E","M","T","?","M","$","M","?","R","B",null],"character_chosen":"DEFECT","items_purchased":["Runic Capacitor","Melter","Blizzard"],"campfire_rested":1,"item_purchase_floors":[19,19,22],"current_hp_per_floor":[75,74,74,73,73,33,33,26,26,26,26,26,15,15,15,15,75,71,71,71,71,71,71,71,71,71,71,64,66,68,63,63,63,79,81,81,67,69,71,71,47,47,47,47,44,44,46,48,75,66],"gold":482,"neow_bonus":"UPGRADE_CARD","is_prod":false,"is_daily":false,"chose_seed":false,"campfire_upgraded":8,"win_rate":0,"timestamp":1558040752,"path_taken":["M","M","?","?","M","E","R","E","T","R","M","R","?","?","R","BOSS","M","$","?","M","$","R","?","?","T","R","?","E","?","M","R","BOSS","M","$","M","M","M","R","E","M","T","?","M","$","M","?","R","BOSS"],"build_version":"2019-01-23","purchased_purges":4,"victory":true,"max_hp_per_floor":[75,75,75,75,75,75,75,75,75,75,75,75,75,75,75,75,75,75,75,75,75,75,75,75,75,75,75,75,77,79,79,79,79,79,81,81,81,83,85,85,87,87,87,87,89,89,91,93,93,93],"card_choices":[{"not_picked":["Gash","Hologram"],"picked":"Conserve Battery","floor":1.0},{"not_picked":["Force Field","Beam Cell"],"picked":"Chill","floor":2.0},{"not_picked":["Leap","Steam Power"],"picked":"Conserve Battery","floor":4.0},{"not_picked":["Darkness","Go for the Eyes"],"picked":"Glacier","floor":5.0},{"not_picked":["FTL","Hologram","Double Energy"],"picked":"SKIP","floor":6.0},{"not_picked":["Turbo","Skim","Barrage"],"picked":"SKIP","floor":8.0},{"not_picked":["Auto Shields","Fusion","Conserve Battery"],"picked":"SKIP","floor":11.0},{"not_picked":["Buffer","Reboot"],"picked":"Echo Form","floor":16.0},{"not_picked":["Steam","Hello World+1","Beam Cell"],"picked":"SKIP","floor":18.0},{"not_picked":["Barrage","Conserve Battery","Streamline"],"picked":"SKIP","floor":21.0},{"not_picked":["Go for the Eyes+1","Steam","Tempest"],"picked":"Singing Bowl","floor":29.0},{"not_picked":["Steam","Rebound","Hologram"],"picked":"Singing Bowl","floor":30.0},{"not_picked":["Aggregate","Compile Driver"],"picked":"Echo Form","floor":31.0},{"not_picked":["Multi-Cast","Reboot"],"picked":"Seek","floor":33.0},{"not_picked":["Rebound+1","Lockon+1","Cold Snap"],"picked":"Singing Bowl","floor":35.0},{"not_picked":["Self Repair","Auto Shields+1"],"picked":"Darkness+1","floor":37.0},{"not_picked":["Undo","Rebound+1","Genetic Algorithm"],"picked":"Singing Bowl","floor":38.0},{"not_picked":["Conserve Battery+1","Redo+1","Melter+1"],"picked":"Singing Bowl","floor":39.0},{"not_picked":["Rebound+1","Go for the Eyes+1","Static Discharge"],"picked":"Singing Bowl","floor":41.0},{"not_picked":["Coolheaded+1","Storm+1"],"picked":"Creative AI","floor":42.0},{"not_picked":["Conserve Battery","Streamline","Leap+1"],"picked":"Singing Bowl","floor":45.0},{"not_picked":["Rebound","Stack+1","Turbo+1"],"picked":"Singing Bowl","floor":47.0},{"not_picked":["Skim+1","Sunder+1","Go for the Eyes+1"],"picked":"Singing Bowl","floor":48}],"player_experience":1239641,"relics_obtained":[{"floor":6.0,"key":"FossilizedHelix"},{"floor":8.0,"key":"Incense Burner"},{"floor":9.0,"key":"Symbiotic Virus"},{"floor":26.0,"key":"Singing Bowl"},{"floor":29.0,"key":"Omamori"},{"floor":41.0,"key":"Dodecahedron"},{"floor":43.0,"key":"War Paint"}],"event_choices":[{"damage_healed":0.0,"max_hp_gain":0.0,"max_hp_loss":0.0,"gold_gain":0.0,"event_name":"The Woman in Blue","player_choice":"Bought 0 Potions","floor":3.0,"gold_loss":0.0,"damage_taken":0.0},{"damage_healed":0.0,"max_hp_gain":0.0,"max_hp_loss":0.0,"gold_gain":75.0,"event_name":"World of Goop","player_choice":"Gather Gold","floor":13.0,"gold_loss":0.0,"damage_taken":11.0},{"damage_healed":0.0,"max_hp_gain":0.0,"max_hp_loss":0.0,"gold_gain":175.0,"event_name":"Liars Game","player_choice":"AGREE","floor":14.0,"gold_loss":0.0,"damage_taken":0.0,"cards_obtained":["Doubt"]},{"damage_healed":0.0,"max_hp_gain":0.0,"max_hp_loss":0.0,"gold_gain":0.0,"event_name":"Vampires","player_choice":"Ignored","floor":20.0,"gold_loss":0.0,"damage_taken":0.0},{"damage_healed":0.0,"max_hp_gain":0.0,"max_hp_loss":0.0,"gold_gain":0.0,"event_name":"The Library","player_choice":"Read","floor":24.0,"gold_loss":0.0,"damage_taken":0.0,"cards_obtained":["Coolheaded"]},{"damage_healed":0.0,"max_hp_gain":0.0,"max_hp_loss":0.0,"gold_gain":99.0,"event_name":"Nest","player_choice":"Stole From Cult","floor":25.0,"gold_loss":0.0,"damage_taken":0.0},{"damage_healed":0.0,"max_hp_gain":0.0,"max_hp_loss":0.0,"gold_gain":75.0,"event_name":"FaceTrader","player_choice":"Touch","floor":28.0,"gold_loss":0.0,"damage_taken":7.0},{"cards_removed":["Strike_B"],"damage_healed":0.0,"max_hp_gain":0.0,"max_hp_loss":0.0,"gold_gain":0.0,"event_name":"Falling","player_choice":"Removed Attack","floor":44.0,"gold_loss":0.0,"damage_taken":0.0},{"damage_healed":0.0,"max_hp_gain":0.0,"max_hp_loss":0.0,"gold_gain":0.0,"event_name":"MindBloom","player_choice":"Fight","floor":48.0,"gold_loss":0.0,"damage_taken":0.0}],"is_beta":false,"boss_relics":[{"not_picked":["FrozenCore","Runic Dome"],"picked":"Nuclear Battery"},{"not_picked":["Velvet Choker","Fusion Hammer"],"picked":"Sozu"}],"items_purged_floors":[19,22,36,46],"is_endless":false,"potions_floor_spawned":[2,6,11,18,39,42,45],"ascension_level":0}