{"gold_per_floor":[113,61,72,72,83,112,112,112,112,112,112,112,128,142,142,246,246,259,259,273,80,80,80,5,24,70,96,114,139,139,139,139,237,237,251,267,285,185,185,185,216,216,243,243,243,262,262,280,280,280],"floor_reached":51,"playtime":1721,"items_purged":["Strike_B","Strike_B"],"score":963,"play_id":"dc3834a9-a610-4dd5-8501-57c36a8199b2","local_time":"20190314194655","is_ascension_mode":false,"campfire_choices":[{"data":"Defragment","floor":8.0,"key":"SMITH"},{"data":"Conserve Battery","floor":12.0,"key":"SMITH"},{"data":"Coolheaded","floor":15.0,"key":"SMITH"},{"data":"Electrodynamics","floor":23.0,"key":"SMITH"},{"data":"Capacitor","floor":30.0,"key":"SMITH"},{"data":"Capacitor","floor":32.0,"key":"SMITH"},{"data":"Echo Form","floor":40.0,"key":"SMITH"},{"data":"Echo Form","floor":42.0,"key":"SMITH"},{"data":"Defend_B","floor":47.0,"key":"SMITH"},{"floor":49,"key":"REST"}],"neow_cost":"NONE","seed_source_timestamp":590018593496682,"circlet_count":0,"master_deck":["Strike_B","Defend_B","Defend_B+1","Defend_B+1","Defend_B+1","Zap+1","Dualcast+1","Ball Lightning+1","Conserve Battery+1","Defragment+1","Coolheaded+1","Chill+1","Electrodynamics+1","Defragment+1","Capacitor+1","Capacitor+1","Echo Form+1","Blizzard+1","Echo Form+1","Glacier+1","BootSequence"],"special_seed":0,"relics":["FrozenCore","Singing Bowl","Velvet Choker","DollysMirror","Dream Catcher","Bag of Marbles","Orichalcum","FossilizedHelix","Oddly Smooth Stone","War Paint"],"potions_floor_usage":[50,50,50],"damage_taken":[{"damage":0.0,"enemies":"Cultist","floor":1.0,"turns":4.0},{"damage":1.0,"enemies":"Jaw Worm","floor":3.0,"turns":3.0},{"damage":3.0,"enemies":"Small Slimes","floor":5.0,"turns":2.0},{"damage":26.0,"enemies":"3 Sentries","floor":6.0,"turns":7.0},{"damage":0.0,"enemies":"2 Fungi Beasts","floor":13.0,"turns":2.0},{"damage":0.0,"enemies":"Looter","floor":14.0,"turns":3.0},{"damage":0.0,"enemies":"Hexaghost","floor":16.0,"turns":9.0},{"damage":4.0,"enemies":"2 Thieves","floor":18.0,"turns":3.0},{"damage":0.0,"enemies":"Spheric Guardian","floor":20.0,"turns":4.0},{"damage":10.0,"enemies":"Centurion and Healer","floor":25.0,"turns":3.0},{"damage":0.0,"enemies":"Gremlin Leader","floor":27.0,"turns":5.0},{"damage":0.0,"enemies":"Snake Plant","floor":28.0,"turns":3.0},{"damage":20.0,"enemies":"Book of Stabbing","floor":29.0,"turns":5.0},{"damage":0.0,"enemies":"Champ","floor":33.0,"turns":10.0},{"damage":0.0,"enemies":"Orb Walker","floor":35.0,"turns":4.0},{"damage":0.0,"enemies":"3 Darklings","floor":36.0,"turns":3.0},{"damage":0.0,"enemies":"Sphere and 2 Shapes","floor":37.0,"turns":3.0},{"damage":0.0,"enemies":"Nemesis","floor":41.0,"turns":7.0},{"damage":7.0,"enemies":"4 Shapes","floor":46.0,"turns":4.0},{"damage":4.0,"enemies":"Spire Growth","floor":48.0,"turns":6.0},{"damage":0,"enemies":"Donu and Deca","floor":50,"turns":10}],"seed_played":"3097061299536869911","potions_obtained":[{"floor":1.0,"key":"FearPotion"},{"floor":6.0,"key":"EssenceOfSteel"},{"floor":14.0,"key":"FocusPotion"},{"floor":16.0,"key":"PowerPotion"},{"floor":18.0,"key":"Dexterity Potion"},{"floor":28.0,"key":"Block Potion"}],"is_trial":false,"path_per_floor":["M","$","M","?","M","E","$","R","T","?","?","R","M","M","R","B",null,"M","?","M","$","?","R","$","M","T","E","M","E","R","T","R","B",null,"M","M","M","$","?","R","E","R","T","?","?","M","R","M","R","B",null],"character_chosen":"DEFECT","items_purchased":["Conserve Battery","DollysMirror"],"campfire_rested":1,"item_purchase_floors":[2,21],"current_hp_per_floor":[75,75,74,74,71,45,45,45,45,30,30,30,30,30,30,30,75,73,73,75,75,75,75,75,65,65,65,67,49,49,49,49,49,83,85,85,87,87,87,87,87,87,87,83,83,78,78,74,85,85],"gold":280,"neow_bonus":"UPGRADE_CARD","is_prod":false,"is_daily":false,"chose_seed":false,"campfire_upgraded":9,"win_rate":0,"timestamp":1552592815,"path_taken":["M","$","M","?","M","E","$","R","T","?","?","R","M","M","R","BOSS","M","?","M","$","?","R","$","M","T","E","?","E","R","?","R","BOSS","M","M","M","$","?","R","E","R","T","?","?","?","R","M","R","BOSS"],"build_version":"2019-01-23","purchased_purges":2,"victory":true,"max_hp_per_floor":[75,75,75,75,75,75,75,75,75,75,75,75,75,75,75,75,75,77,77,79,79,79,79,79,79,79,79,81,83,83,83,83,83,83,85,85,87,87,87,87,87,87,87,83,83,85,85,85,85,85],"card_choices":[{"not_picked":["Capacitor","FTL"],"picked":"Ball Lightning","floor":1.0},{"not_picked":["Rip and Tear","Hello World","Stack"],"picked":"SKIP","floor":3.0},{"not_picked":["Loop","Compile Driver","Redo"],"picked":"SKIP","floor":5.0},{"not_picked":["Melter","Barrage"],"picked":"Defragment","floor":6.0},{"not_picked":["Steam","Scrape"],"picked":"Coolheaded","floor":13.0},{"not_picked":["Stack","Turbo"],"picked":"Chill","floor":14.0},{"not_picked":["Reboot","Thunder Strike"],"picked":"Electrodynamics","floor":16.0},{"not_picked":["Streamline+1","Hello World","Go for the Eyes"],"picked":"Singing Bowl","floor":18.0},{"not_picked":["Scrape","Go for the Eyes","Rip and Tear"],"picked":"Singing Bowl","floor":20.0},{"not_picked":["Ball Lightning+1","Blizzard+1"],"picked":"Capacitor","floor":25.0},{"not_picked":["Sweeping Beam","Consume+1"],"picked":"Capacitor","floor":27.0},{"not_picked":["Ball Lightning","Leap","Redo"],"picked":"Singing Bowl","floor":28.0},{"not_picked":["Consume","Compile Driver","Tempest"],"picked":"Singing Bowl","floor":29.0},{"not_picked":["Core Surge","Biased Cognition"],"picked":"Echo Form","floor":33.0},{"not_picked":["FTL","Double Energy","Cold Snap"],"picked":"Singing Bowl","floor":35.0},{"not_picked":["Aggregate","Gash+1"],"picked":"Blizzard+1","floor":36.0},{"not_picked":["Rebound+1","Reprogram","Compile Driver"],"picked":"Singing Bowl","floor":37.0},{"not_picked":["Ball Lightning","Recycle+1"],"picked":"Echo Form","floor":41.0},{"not_picked":["Hologram+1","Cold Snap","Go for the Eyes"],"picked":"Singing Bowl","floor":46.0},{"not_picked":["Redo","Cold Snap"],"picked":"Glacier+1","floor":48.0},{"not_picked":["Core Surge","Steam"],"picked":"BootSequence","floor":49}],"player_experience":1110738,"relics_obtained":[{"floor":9.0,"key":"Singing Bowl"},{"floor":26.0,"key":"Dream Catcher"},{"floor":27.0,"key":"Bag of Marbles"},{"floor":29.0,"key":"Orichalcum"},{"floor":31.0,"key":"FossilizedHelix"},{"floor":41.0,"key":"Oddly Smooth Stone"},{"floor":43.0,"key":"War Paint"}],"event_choices":[{"damage_healed":0.0,"max_hp_gain":0.0,"max_hp_loss":0.0,"gold_gain":0.0,"event_name":"The Cleric","player_choice":"Leave","floor":4.0,"gold_loss":0.0,"damage_taken":0.0},{"damage_healed":0.0,"max_hp_gain":0.0,"max_hp_loss":0.0,"gold_gain":0.0,"event_name":"Shining Light","player_choice":"Entered Light","floor":10.0,"gold_loss":0.0,"damage_taken":15.0,"cards_upgraded":["Zap","Defend_B"]},{"damage_healed":0.0,"max_hp_gain":0.0,"max_hp_loss":0.0,"gold_gain":0.0,"event_name":"Living Wall","player_choice":"Grow","floor":11.0,"gold_loss":0.0,"damage_taken":0.0,"cards_upgraded":["Ball Lightning"]},{"damage_healed":0.0,"max_hp_gain":0.0,"max_hp_loss":0.0,"gold_gain":0.0,"event_name":"Vampires","player_choice":"Ignored","floor":19.0,"gold_loss":0.0,"damage_taken":0.0},{"cards_removed":["Strike_B"],"damage_healed":0.0,"max_hp_gain":0.0,"max_hp_loss":0.0,"gold_gain":0.0,"event_name":"Purifier","player_choice":"Purged","floor":22.0,"gold_loss":0.0,"damage_taken":0.0},{"damage_healed":0.0,"max_hp_gain":0.0,"max_hp_loss":0.0,"gold_gain":0.0,"event_name":"Tomb of Lord Red Mask","player_choice":"Ignored","floor":39.0,"gold_loss":0.0,"damage_taken":0.0},{"damage_healed":0.0,"max_hp_gain":0.0,"max_hp_loss":4.0,"gold_gain":0.0,"event_name":"Winding Halls","player_choice":"Max HP","floor":44.0,"gold_loss":0.0,"damage_taken":0.0},{"damage_healed":0.0,"max_hp_gain":0.0,"max_hp_loss":0.0,"gold_gain":0.0,"event_name":"Lab","player_choice":"Got Potions","floor":45.0,"gold_loss":0.0,"damage_taken":0.0}],"is_beta":false,"boss_relics":[{"not_picked":["Lizard Tail","Fusion Hammer"],"picked":"Velvet Choker"},{"not_picked":["Philosopher\u0027s Stone","Sozu"],"picked":"FrozenCore"}],"items_purged_floors":[24,38],"is_endless":false,"potions_floor_spawned":[1,6,14,16,18,28,29,33,35,37,41],"ascension_level":0}