{"gold_per_floor":[114,114,289,289,214,239,266,280,280,290,221,256,267,287,287,388,388,406,406,406,420,437,437,17,31,31,45,55,65,65,91,91,186,186,201,218,218,231,248,248,265,283,283,283,80,80,80,140,140,140],"floor_reached":51,"playtime":1680,"items_purged":["Doubt"],"score":683,"play_id":"e4585ccc-f26c-491e-8de2-982d040dfe01","local_time":"20190313004115","is_ascension_mode":false,"campfire_choices":[{"data":"Defragment","floor":15.0,"key":"SMITH"},{"data":"Rainbow","floor":23.0,"key":"SMITH"},{"data":"Dualcast","floor":30.0,"key":"SMITH"},{"data":"Zap","floor":32.0,"key":"SMITH"},{"data":"Thunder Strike","floor":40.0,"key":"SMITH"},{"data":"Defend_B","floor":47,"key":"SMITH"},{"floor":49,"key":"REST"}],"neow_cost":"NONE","seed_source_timestamp":434792677527756,"circlet_count":0,"master_deck":["Strike_B","Strike_B","Strike_B","Defend_B+1","Defend_B","Defend_B","Zap+1","Dualcast+1","Glacier","Ball Lightning","Defragment+1","Glacier","Rainbow+1","Conserve Battery","Glacier","White Noise+1","Auto Shields","Melter","Go for the Eyes+1","Electrodynamics+1","Cold Snap+1","BootSequence","Thunder Strike+1","Tempest+1","Defragment+1","Electrodynamics","Blizzard+1","Chill+1","FTL+1"],"special_seed":0,"relics":["Cracked Core","Prayer Wheel","Odd Mushroom","Bag of Preparation","Sundial","Cursed Key","Bottled Tornado","Shuriken","Orrery","Runic Capacitor","SsserpentHead"],"potions_floor_usage":[50,50],"damage_taken":[{"damage":6.0,"enemies":"Jaw Worm","floor":1.0,"turns":4.0},{"damage":37.0,"enemies":"Gremlin Nob","floor":6.0,"turns":6.0},{"damage":6.0,"enemies":"The Mushroom Lair","floor":7.0,"turns":5.0},{"damage":0.0,"enemies":"Small Slimes","floor":8.0,"turns":4.0},{"damage":0.0,"enemies":"2 Louse","floor":10.0,"turns":2.0},{"damage":3.0,"enemies":"Lagavulin","floor":12.0,"turns":10.0},{"damage":0.0,"enemies":"Blue Slaver","floor":13.0,"turns":3.0},{"damage":0.0,"enemies":"3 Louse","floor":14.0,"turns":3.0},{"damage":26.0,"enemies":"Slime Boss","floor":16.0,"turns":11.0},{"damage":0.0,"enemies":"Chosen","floor":18.0,"turns":4.0},{"damage":0.0,"enemies":"3 Byrds","floor":21.0,"turns":4.0},{"damage":2.0,"enemies":"Snake Plant","floor":22.0,"turns":3.0},{"damage":7.0,"enemies":"Shelled Parasite and Fungi","floor":25.0,"turns":4.0},{"damage":1.0,"enemies":"Centurion and Healer","floor":27.0,"turns":4.0},{"damage":0.0,"enemies":"Snake Plant","floor":28.0,"turns":3.0},{"damage":5.0,"enemies":"Cultist and Chosen","floor":29.0,"turns":3.0},{"damage":5.0,"enemies":"Slavers","floor":31.0,"turns":3.0},{"damage":8.0,"enemies":"Collector","floor":33.0,"turns":10.0},{"damage":0.0,"enemies":"3 Shapes","floor":35.0,"turns":3.0},{"damage":7.0,"enemies":"3 Darklings","floor":36.0,"turns":3.0},{"damage":8.0,"enemies":"Spire Growth","floor":38.0,"turns":5.0},{"damage":0.0,"enemies":"Maw","floor":39.0,"turns":10.0},{"damage":0.0,"enemies":"3 Darklings","floor":41.0,"turns":2.0},{"damage":0.0,"enemies":"Transient","floor":42.0,"turns":5.0},{"damage":0,"enemies":"Sphere and 2 Shapes","floor":48,"turns":3},{"damage":2,"enemies":"Donu and Deca","floor":50,"turns":8}],"seed_played":"-6518607182772653929","potions_obtained":[{"floor":1.0,"key":"Weak Potion"},{"floor":7.0,"key":"Fire Potion"},{"floor":10.0,"key":"EssenceOfSteel"},{"floor":12.0,"key":"Block Potion"},{"floor":22.0,"key":"LiquidBronze"},{"floor":25.0,"key":"Energy Potion"}],"is_trial":false,"path_per_floor":["M","?","?","?","$","E","?","M","T","M","$","E","M","M","R","B",null,"M","$","?","M","M","R","$","M","T","M","M","M","R","E","R","B",null,"M","M","?","M","M","R","M","M","T","?","$","?","R","M","R","B",null],"character_chosen":"DEFECT","items_purchased":["Glacier","Electrodynamics","Bottled Tornado","Runic Capacitor"],"campfire_rested":1,"item_purchase_floors":[11,24,24,45],"current_hp_per_floor":[76,76,76,81,81,44,38,38,38,38,38,35,35,35,35,9,87,87,87,87,87,85,85,85,78,78,77,77,72,72,67,67,59,87,87,80,80,72,72,72,72,72,72,72,72,72,72,72,87,85],"gold":140,"neow_bonus":"TEN_PERCENT_HP_BONUS","is_prod":false,"is_daily":false,"chose_seed":false,"campfire_upgraded":6,"win_rate":0,"timestamp":1552437675,"path_taken":["M","?","?","?","$","E","?","M","T","M","$","E","M","M","R","BOSS","M","$","?","M","M","R","$","M","T","M","M","M","R","E","R","BOSS","M","M","?","M","M","R","M","?","T","?","$","?","R","?","R","BOSS"],"build_version":"2019-01-23","purchased_purges":1,"victory":true,"max_hp_per_floor":[82,82,82,87,87,87,87,87,87,87,87,87,87,87,87,87,87,87,87,87,87,87,87,87,87,87,87,87,87,87,87,87,87,87,87,87,87,87,87,87,87,87,87,87,87,87,87,87,87,87],"card_choices":[{"not_picked":["Compile Driver","Leap"],"picked":"Glacier","floor":1.0},{"not_picked":["Doom and Gloom","Gash"],"picked":"Ball Lightning","floor":6.0},{"not_picked":["Heatsinks","Ball Lightning"],"picked":"Defragment","floor":8.0},{"not_picked":["Doom and Gloom","Fusion","Hologram"],"picked":"SKIP","floor":8.0},{"not_picked":["Beam Cell","Turbo","Hologram"],"picked":"SKIP","floor":10.0},{"not_picked":["Turbo","Compile Driver","Rebound"],"picked":"SKIP","floor":10.0},{"not_picked":["Streamline","Steam"],"picked":"Rainbow","floor":12.0},{"not_picked":["Consume","Rebound","Darkness"],"picked":"SKIP","floor":13.0},{"not_picked":["Sweeping Beam","Static Discharge","Doom and Gloom"],"picked":"SKIP","floor":13.0},{"not_picked":["Cold Snap","Consume"],"picked":"Conserve Battery","floor":14.0},{"not_picked":["Redo","Turbo"],"picked":"Glacier","floor":14.0},{"not_picked":["BootSequence","Doom and Gloom"],"picked":"White Noise+1","floor":18.0},{"not_picked":["Ball Lightning","Rebound","Redo"],"picked":"SKIP","floor":18.0},{"not_picked":["Hello World","Skim","Scrape+1"],"picked":"SKIP","floor":21.0},{"not_picked":["Doom and Gloom","Conserve Battery","Leap"],"picked":"SKIP","floor":21.0},{"not_picked":["Stack","Consume+1"],"picked":"Go for the Eyes+1","floor":22.0},{"not_picked":["Streamline","Storm","Barrage"],"picked":"SKIP","floor":22.0},{"not_picked":["Steam","Melter","Hologram"],"picked":"SKIP","floor":25.0},{"not_picked":["Compile Driver","Auto Shields","Streamline"],"picked":"SKIP","floor":25.0},{"not_picked":["Compile Driver+1","Cold Snap","Reinforced Body"],"picked":"SKIP","floor":27.0},{"not_picked":["Steam","White Noise","Conserve Battery"],"picked":"SKIP","floor":27.0},{"not_picked":["Go for the Eyes","Stack"],"picked":"Cold Snap+1","floor":28.0},{"not_picked":["Go for the Eyes+1","Hyperbeam","Double Energy"],"picked":"SKIP","floor":28.0},{"not_picked":["Force Field","Loop"],"picked":"BootSequence","floor":29.0},{"not_picked":["Aggregate+1","Hologram","Amplify"],"picked":"SKIP","floor":29.0},{"not_picked":["Chaos","Reboot","Heatsinks"],"picked":"SKIP","floor":31.0},{"not_picked":["Rainbow","Reboot"],"picked":"Thunder Strike","floor":33.0},{"not_picked":["Storm","Conserve Battery"],"picked":"Tempest+1","floor":34.0},{"not_picked":["Hologram+1","Rebound","Sweeping Beam+1"],"picked":"SKIP","floor":35.0},{"not_picked":["Conserve Battery","Beam Cell+1","Heatsinks"],"picked":"SKIP","floor":35.0},{"not_picked":["Coolheaded","Go for the Eyes+1"],"picked":"Defragment+1","floor":36.0},{"not_picked":["Steam Power+1","Fusion+1","Loop+1"],"picked":"SKIP","floor":36.0},{"not_picked":["Streamline+1","Cold Snap+1","Go for the Eyes+1"],"picked":"SKIP","floor":38.0},{"not_picked":["Steam Power+1","Self Repair","Turbo+1"],"picked":"SKIP","floor":38.0},{"not_picked":["Reprogram","Rip and Tear+1"],"picked":"Electrodynamics","floor":39.0},{"not_picked":["Go for the Eyes","Melter","Double Energy"],"picked":"SKIP","floor":39.0},{"not_picked":["Beam Cell+1","Sweeping Beam"],"picked":"Blizzard+1","floor":41.0},{"not_picked":["Conserve Battery","Beam Cell+1","Sunder+1"],"picked":"SKIP","floor":41.0},{"not_picked":["Rip and Tear","Steam+1"],"picked":"Chill+1","floor":42.0},{"not_picked":["Ball Lightning+1","Streamline","Conserve Battery"],"picked":"SKIP","floor":42.0},{"not_picked":["Rainbow","Double Energy+1"],"picked":"FTL+1","floor":48},{"not_picked":["Loop","Turbo+1","Leap"],"picked":"SKIP","floor":48}],"player_experience":1107965,"relics_obtained":[{"floor":6.0,"key":"Prayer Wheel"},{"floor":7.0,"key":"Odd Mushroom"},{"floor":9.0,"key":"Bag of Preparation"},{"floor":12.0,"key":"Sundial"},{"floor":31.0,"key":"Shuriken"}],"event_choices":[{"damage_healed":0.0,"max_hp_gain":0.0,"max_hp_loss":0.0,"gold_gain":0.0,"event_name":"The Cleric","player_choice":"Leave","floor":2.0,"gold_loss":0.0,"damage_taken":0.0},{"damage_healed":0.0,"max_hp_gain":0.0,"max_hp_loss":0.0,"gold_gain":175.0,"event_name":"Liars Game","player_choice":"AGREE","floor":3.0,"gold_loss":0.0,"damage_taken":0.0,"cards_obtained":["Doubt"]},{"damage_healed":0.0,"max_hp_gain":5.0,"max_hp_loss":0.0,"gold_gain":0.0,"event_name":"Big Fish","player_choice":"Donut","floor":4.0,"gold_loss":0.0,"damage_taken":0.0},{"damage_healed":0.0,"max_hp_gain":0.0,"max_hp_loss":0.0,"gold_gain":0.0,"event_name":"Mushrooms","player_choice":"Fought Mushrooms","floor":7.0,"gold_loss":0.0,"damage_taken":0.0},{"damage_healed":0.0,"max_hp_gain":0.0,"max_hp_loss":0.0,"gold_gain":0.0,"cards_transformed":["Strike_B","Defend_B"],"event_name":"Drug Dealer","player_choice":"Became Test Subject","floor":20.0,"gold_loss":0.0,"damage_taken":0.0,"cards_obtained":["Auto Shields","Melter"]},{"damage_healed":0.0,"max_hp_gain":0.0,"max_hp_loss":0.0,"gold_gain":0.0,"event_name":"Accursed Blacksmith","player_choice":"Forge","floor":37.0,"gold_loss":0.0,"damage_taken":0.0,"cards_upgraded":["Electrodynamics"]},{"damage_healed":0,"gold_gain":0,"player_choice":"Ignored","damage_taken":0,"max_hp_gain":0,"max_hp_loss":0,"event_name":"Mysterious Sphere","floor":44,"gold_loss":0},{"damage_healed":0,"gold_gain":0,"player_choice":"Trade","damage_taken":0,"relics_obtained":["SsserpentHead"],"max_hp_gain":0,"max_hp_loss":0,"event_name":"FaceTrader","floor":46,"gold_loss":0}],"is_beta":false,"boss_relics":[{"not_picked":["Runic Pyramid","Philosopher\u0027s Stone"],"picked":"Cursed Key"},{"not_picked":["Fusion Hammer","Lizard Tail"],"picked":"Orrery"}],"items_purged_floors":[5],"is_endless":false,"potions_floor_spawned":[1,7,10,12,14,22,25,29,33,35,39,42],"ascension_level":0}