{"gold_per_floor":[116,132,132,207,207,207,245,263,333,333,354,370,370,51,51,174,174,198,198,218,239,262,302,402,402],"floor_reached":25,"playtime":1893,"items_purged":[],"score":273,"play_id":"f12cc50a-0bc5-44c1-821b-b5c31d1ab517","local_time":"20190615020100","is_ascension_mode":true,"campfire_choices":[{"data":"Rebound","floor":6,"key":"SMITH"},{"data":"Zap","floor":10,"key":"SMITH"},{"data":"Genetic Algorithm","floor":13,"key":"SMITH"},{"data":"Apotheosis","floor":15,"key":"SMITH"}],"neow_cost":"NONE","seed_source_timestamp":26286756068485,"circlet_count":0,"master_deck":["Strike_B","Strike_B","Strike_B","Defend_B","Defend_B","Defend_B","Defend_B","Zap+1","Dualcast","Conserve Battery","Ball Lightning","Rebound+1","Injury","Auto Shields","Gash","Genetic Algorithm+1","Leap","Apotheosis+1","Electrodynamics","Gash+1","Undo","Redo","Conserve Battery+1","Ball Lightning+1"],"relics":["Cracked Core","NeowsBlessing","Golden Idol","Orichalcum","Bottled Lightning","Blood Vial","Cursed Key","Gremlin Horn"],"potions_floor_usage":[16,22],"damage_taken":[{"damage":0,"enemies":"Jaw Worm","floor":1,"turns":1},{"damage":0,"enemies":"Small Slimes","floor":2,"turns":1},{"damage":0,"enemies":"3 Sentries","floor":7,"turns":1},{"damage":3,"enemies":"2 Louse","floor":8,"turns":3},{"damage":2,"enemies":"Red Slaver","floor":11,"turns":3},{"damage":0,"enemies":"2 Fungi Beasts","floor":12,"turns":3},{"damage":15,"enemies":"The Guardian","floor":16,"turns":10},{"damage":7,"enemies":"3 Byrds","floor":18,"turns":3},{"damage":18,"enemies":"2 Thieves","floor":20,"turns":3},{"damage":2,"enemies":"Chosen and Byrds","floor":21,"turns":4},{"damage":12,"enemies":"Snake Plant","floor":22,"turns":5},{"damage":30,"enemies":"Slavers","floor":23,"turns":5},{"damage":16,"enemies":"Book of Stabbing","floor":25,"turns":2}],"seed_played":"1918875327077867179","potions_obtained":[{"floor":7,"key":"FearPotion"},{"floor":11,"key":"AttackPotion"},{"floor":20,"key":"Ancient Potion"},{"floor":21,"key":"Weak Potion"}],"is_trial":false,"path_per_floor":["M","M","?","?","?","R","E","M","T","R","M","M","R","$","R","B",null,"M","?","M","M","M","E","?","E"],"character_chosen":"DEFECT","items_purchased":["Apotheosis","Blood Vial"],"campfire_rested":0,"item_purchase_floors":[14,14],"current_hp_per_floor":[75,75,75,64,64,64,64,61,61,61,59,59,59,59,59,46,75,68,68,52,52,42,14,14,0],"gold":402,"neow_bonus":"THREE_ENEMY_KILL","is_prod":false,"is_daily":false,"chose_seed":false,"campfire_upgraded":4,"win_rate":0,"timestamp":1560578460,"path_taken":["M","M","?","?","?","R","E","M","T","R","M","M","R","$","R","BOSS","M","?","?","M","M","E","?","E"],"build_version":"2019-01-23","purchased_purges":0,"victory":false,"max_hp_per_floor":[75,75,75,75,75,75,75,75,75,75,75,75,75,75,75,75,75,75,75,75,75,75,75,75,75],"card_choices":[{"not_picked":["Lockon","Beam Cell"],"picked":"Conserve Battery","floor":1},{"not_picked":["Reprogram","Streamline"],"picked":"Ball Lightning","floor":2},{"not_picked":["Go for the Eyes","Redo"],"picked":"Auto Shields","floor":7},{"not_picked":["Beam Cell","Cold Snap"],"picked":"Gash","floor":8},{"not_picked":["Core Surge","Barrage"],"picked":"Genetic Algorithm","floor":11},{"not_picked":["Steam","Reprogram"],"picked":"Leap","floor":12},{"not_picked":["Creative AI","Buffer"],"picked":"Electrodynamics","floor":16},{"not_picked":["Steam+1","Lockon"],"picked":"Gash+1","floor":18},{"not_picked":["Double Energy+1","Redo"],"picked":"Undo","floor":20},{"not_picked":["Auto Shields","Blizzard"],"picked":"Redo","floor":21},{"not_picked":["Tempest","Steam Power"],"picked":"Conserve Battery+1","floor":22},{"not_picked":["Gash+1","Melter"],"picked":"Ball Lightning+1","floor":23}],"player_experience":258533,"relics_obtained":[{"floor":7,"key":"Orichalcum"},{"floor":9,"key":"Bottled Lightning"},{"floor":23,"key":"Gremlin Horn"}],"event_choices":[{"damage_healed":0,"gold_gain":0,"cards_transformed":["Strike_B"],"player_choice":"Change","damage_taken":0,"max_hp_gain":0,"max_hp_loss":0,"event_name":"Living Wall","floor":3,"gold_loss":0,"cards_obtained":["Rebound"]},{"damage_healed":0,"gold_gain":75,"player_choice":"Gather Gold","damage_taken":11,"max_hp_gain":0,"max_hp_loss":0,"event_name":"World of Goop","floor":4,"gold_loss":0},{"damage_healed":0,"gold_gain":0,"player_choice":"Take Wound","damage_taken":0,"relics_obtained":["Golden Idol"],"max_hp_gain":0,"max_hp_loss":0,"event_name":"Golden Idol","floor":5,"gold_loss":0,"cards_obtained":["Injury"]},{"damage_healed":0,"gold_gain":0,"player_choice":"Ignored","damage_taken":0,"max_hp_gain":0,"max_hp_loss":0,"event_name":"N\u0027loth","floor":19,"gold_loss":0},{"damage_healed":0,"gold_gain":100,"player_choice":"Pray","damage_taken":0,"max_hp_gain":0,"max_hp_loss":0,"event_name":"Golden Shrine","floor":24,"gold_loss":0}],"is_beta":false,"boss_relics":[{"not_picked":["Coffee Dripper","Astrolabe"],"picked":"Cursed Key"}],"items_purged_floors":[],"is_endless":false,"potions_floor_spawned":[7,11,20,21],"killed_by":"Book of Stabbing","ascension_level":2}