{"gold_per_floor":[117,131,131,150,167,200,200,235,235,235,310,325,325,33,33,130,130,143,159,171,15,31,61,61,92,92,92,2,2,2,17,17,120,120,133,133,148,148,148,148,148,166,166,166,177,196,196,214,214,214],"floor_reached":51,"playtime":1915,"items_purged":["Heatsinks"],"score":772,"play_id":"8b431976-0171-4f9a-99ed-9456f8550fb0","local_time":"20190213002336","is_ascension_mode":false,"campfire_choices":[{"data":"Strike_B","floor":7.0,"key":"SMITH"},{"data":"Dualcast","floor":13.0,"key":"SMITH"},{"data":"Zap","floor":15.0,"key":"SMITH"},{"data":"Defragment","floor":24.0,"key":"SMITH"},{"floor":27.0,"key":"DIG"},{"data":"Defragment","floor":29.0,"key":"SMITH"},{"data":"Capacitor","floor":32.0,"key":"SMITH"},{"data":"Echo Form","floor":40.0,"key":"SMITH"},{"data":"Barrage","floor":44.0,"key":"SMITH"},{"data":"Ball Lightning","floor":47,"key":"SMITH"},{"data":"Conserve Battery","floor":49,"key":"SMITH"}],"neow_cost":"NONE","seed_source_timestamp":43579687739137,"circlet_count":0,"master_deck":["Zap+1","Dualcast+1","Glacier","Conserve Battery+1","Core Surge","Glacier+1","Skim+1","Barrage+1","Rainbow+1","Capacitor+1","Conserve Battery+1","Darkness+1","Auto Shields+1","Defragment+1","White Noise+1","Defragment+1","Coolheaded+1","Ball Lightning+1","Echo Form+1","Master of Strategy+1","Capacitor+1","Darkness+1"],"special_seed":0,"relics":["Cracked Core","Omamori","Pen Nib","Anchor","Kunai","Toxic Egg 2","Mango","Pandora\u0027s Box","Shovel","Ice Cream","Juzu Bracelet","Thread and Needle","Sozu","Potion Belt"],"potions_floor_usage":[50,50,50],"damage_taken":[{"damage":5.0,"enemies":"Small Slimes","floor":1.0,"turns":4.0},{"damage":0.0,"enemies":"Jaw Worm","floor":2.0,"turns":4.0},{"damage":0.0,"enemies":"2 Louse","floor":4.0,"turns":2.0},{"damage":6.0,"enemies":"Lots of Slimes","floor":5.0,"turns":5.0},{"damage":9.0,"enemies":"3 Sentries","floor":6.0,"turns":9.0},{"damage":14.0,"enemies":"Lagavulin","floor":8.0,"turns":10.0},{"damage":0.0,"enemies":"Large Slime","floor":12.0,"turns":5.0},{"damage":11.0,"enemies":"The Guardian","floor":16.0,"turns":17.0},{"damage":0.0,"enemies":"Shell Parasite","floor":18.0,"turns":4.0},{"damage":4.0,"enemies":"Spheric Guardian","floor":19.0,"turns":4.0},{"damage":1.0,"enemies":"Snecko","floor":20.0,"turns":5.0},{"damage":0.0,"enemies":"Snake Plant","floor":22.0,"turns":6.0},{"damage":0.0,"enemies":"Book of Stabbing","floor":23.0,"turns":7.0},{"damage":28.0,"enemies":"Slavers","floor":25.0,"turns":8.0},{"damage":7.0,"enemies":"Shelled Parasite and Fungi","floor":31.0,"turns":4.0},{"damage":6.0,"enemies":"Automaton","floor":33.0,"turns":10.0},{"damage":0.0,"enemies":"3 Shapes","floor":35.0,"turns":6.0},{"damage":0.0,"enemies":"Orb Walker","floor":37.0,"turns":3.0},{"damage":0.0,"enemies":"3 Darklings","floor":42.0,"turns":5.0},{"damage":0.0,"enemies":"Spire Growth","floor":45.0,"turns":4.0},{"damage":6.0,"enemies":"4 Shapes","floor":46.0,"turns":6.0},{"damage":0,"enemies":"Transient","floor":48,"turns":5},{"damage":0,"enemies":"Donu and Deca","floor":50,"turns":10}],"seed_played":"-5894026190033012529","potions_obtained":[{"floor":1.0,"key":"SteroidPotion"},{"floor":6.0,"key":"Fruit Juice"},{"floor":12.0,"key":"Fire Potion"},{"floor":22.0,"key":"SpeedPotion"},{"floor":25.0,"key":"SteroidPotion"}],"is_trial":false,"path_per_floor":["M","M","$","M","M","E","R","E","T","?","?","M","R","$","R","B",null,"M","M","M","$","M","E","R","E","T","R","$","R","?","M","R","B",null,"M","$","M","?","$","R","?","M","T","R","M","M","R","M","R","B",null],"character_chosen":"DEFECT","items_purchased":["Mango","Defragment","Defragment","Coolheaded+1"],"campfire_rested":0,"item_purchase_floors":[14,21,28,28],"current_hp_per_floor":[70,70,70,70,64,60,60,46,46,39,28,28,28,42,42,31,94,94,90,89,89,89,89,89,61,61,61,61,61,66,59,59,53,94,94,94,94,89,89,89,89,89,89,89,89,83,83,83,83,83],"gold":214,"neow_bonus":"RANDOM_COMMON_RELIC","is_prod":false,"is_daily":false,"chose_seed":false,"campfire_upgraded":10,"win_rate":0,"timestamp":1550017416,"path_taken":["M","M","$","M","M","E","R","E","T","?","?","M","R","$","R","BOSS","M","M","M","$","M","E","R","E","T","R","$","R","?","M","R","BOSS","M","$","M","?","$","R","?","M","T","R","M","M","R","M","R","BOSS"],"build_version":"2019-01-23","purchased_purges":1,"victory":true,"max_hp_per_floor":[75,75,75,75,75,80,80,80,80,80,80,80,80,94,94,94,94,94,94,94,94,94,94,94,94,94,94,94,94,94,94,94,94,94,94,94,94,89,89,89,89,89,89,89,89,89,89,89,89,89],"card_choices":[{"not_picked":["Streamline","Barrage"],"picked":"Glacier","floor":1.0},{"not_picked":["Go for the Eyes","Sweeping Beam","Hologram"],"picked":"SKIP","floor":2.0},{"not_picked":["Gash","Rebound","Go for the Eyes"],"picked":"SKIP","floor":4.0},{"not_picked":["Fusion","Compile Driver"],"picked":"Conserve Battery","floor":5.0},{"not_picked":["Skim","Redo","Rebound"],"picked":"SKIP","floor":6.0},{"not_picked":["Skim","Genetic Algorithm"],"picked":"Core Surge","floor":8.0},{"not_picked":["Blizzard","White Noise+1"],"picked":"Glacier+1","floor":12.0},{"not_picked":["Reprogram+1","Scrape"],"picked":"Auto Shields+1","floor":18.0},{"not_picked":["Undo+1","Doom and Gloom","Rebound"],"picked":"SKIP","floor":19.0},{"not_picked":["Rebound+1","Go for the Eyes","Conserve Battery+1"],"picked":"SKIP","floor":20.0},{"not_picked":["Leap+1","Beam Cell","Recycle+1"],"picked":"SKIP","floor":22.0},{"not_picked":["Multi-Cast+1","Self Repair+1"],"picked":"White Noise+1","floor":23.0},{"not_picked":["Go for the Eyes","Turbo+1","Redo+1"],"picked":"SKIP","floor":25.0},{"not_picked":["Tempest+1","Loop"],"picked":"Ball Lightning","floor":31.0},{"not_picked":["Seek+1","Meteor Strike"],"picked":"Echo Form","floor":33.0},{"not_picked":["Hello World","Streamline","Steam+1"],"picked":"SKIP","floor":35.0},{"not_picked":["Sweeping Beam+1","Scrape+1","Cold Snap"],"picked":"SKIP","floor":37.0},{"not_picked":["Trip+1","Impatience+1"],"picked":"Master of Strategy+1","floor":41.0},{"not_picked":["Cold Snap","Beam Cell","Rebound"],"picked":"SKIP","floor":42.0},{"not_picked":["Turbo+1","Barrage+1"],"picked":"Capacitor+1","floor":45.0},{"not_picked":["Cold Snap+1","Stack+1","Leap+1"],"picked":"SKIP","floor":46.0},{"not_picked":["Coolheaded+1","Ball Lightning+1"],"picked":"Darkness+1","floor":48}],"player_experience":1031761,"relics_obtained":[{"floor":6.0,"key":"Pen Nib"},{"floor":8.0,"key":"Anchor"},{"floor":9.0,"key":"Kunai"},{"floor":23.0,"key":"Shovel"},{"floor":25.0,"key":"Ice Cream"},{"floor":26.0,"key":"Juzu Bracelet"},{"floor":27.0,"key":"Thread and Needle"},{"floor":43.0,"key":"Potion Belt"}],"event_choices":[{"damage_healed":0.0,"max_hp_gain":0.0,"max_hp_loss":0.0,"gold_gain":0.0,"event_name":"Scrap Ooze","player_choice":"Success","floor":10.0,"gold_loss":0.0,"damage_taken":7.0,"relics_obtained":["Toxic Egg 2"]},{"damage_healed":0.0,"max_hp_gain":0.0,"max_hp_loss":0.0,"gold_gain":75.0,"event_name":"World of Goop","player_choice":"Gather Gold","floor":11.0,"gold_loss":0.0,"damage_taken":11.0},{"cards_removed":["Hologram"],"damage_healed":5.0,"max_hp_gain":0.0,"max_hp_loss":0.0,"gold_gain":0.0,"event_name":"Bonfire Elementals","player_choice":"Offered Common","floor":30.0,"gold_loss":0.0,"damage_taken":0.0},{"cards_removed":["Hologram"],"damage_healed":5.0,"max_hp_gain":0.0,"max_hp_loss":0.0,"gold_gain":0.0,"event_name":"Bonfire Elementals","player_choice":"Offered Special","floor":30.0,"gold_loss":0.0,"damage_taken":0.0},{"damage_healed":0.0,"max_hp_gain":0.0,"max_hp_loss":5.0,"gold_gain":0.0,"event_name":"Winding Halls","player_choice":"Max HP","floor":38.0,"gold_loss":0.0,"damage_taken":0.0},{"damage_healed":0.0,"max_hp_gain":0.0,"max_hp_loss":0.0,"gold_gain":0.0,"event_name":"SensoryStone","player_choice":"Memory 1","floor":41.0,"gold_loss":0.0,"damage_taken":0.0}],"is_beta":false,"boss_relics":[{"not_picked":["Black Star","Velvet Choker"],"picked":"Pandora\u0027s Box"},{"not_picked":["Coffee Dripper","Snecko Eye"],"picked":"Sozu"}],"items_purged_floors":[21],"is_endless":false,"potions_floor_spawned":[1,6,12,22,25,42,45,46],"ascension_level":0}