{"gold_per_floor":[109,122,133,143,143,143,170,170,170,170,183,183,183,199,199,297,297,308,337,112,112,212,241,17,17,17,17,28,28,28,38,38,134,184,197,208,108,118,118,153,28,39,39,59,70,70,85,102,102,102],"floor_reached":51,"playtime":1952,"items_purged":["Strike_B","Shame","Shame"],"score":724,"play_id":"189185d6-094a-47f0-a349-fcb0ea6d6bd0","local_time":"20190504170152","is_ascension_mode":false,"campfire_choices":[{"data":"Dualcast","floor":6.0,"key":"SMITH"},{"data":"Zap","floor":8.0,"key":"SMITH"},{"data":"Ball Lightning","floor":10.0,"key":"SMITH"},{"data":"Cold Snap","floor":15.0,"key":"SMITH"},{"data":"Defragment","floor":25.0,"key":"SMITH"},{"data":"Seek","floor":27.0,"key":"SMITH"},{"floor":32.0,"key":"REST"},{"floor":46,"key":"REST"},{"data":"Coolheaded","floor":49,"key":"SMITH"}],"neow_cost":"NONE","seed_source_timestamp":0,"circlet_count":0,"master_deck":["Strike_B","Strike_B+1","Strike_B+1","Defend_B+1","Defend_B+1","Defend_B+1","Defend_B+1","Zap+1","Dualcast+1","Cold Snap+1","Ball Lightning+1","BootSequence","Seek+1","White Noise","Melter+1","Defragment+1","Undo","White Noise","Machine Learning+1","Conserve Battery+1","Force Field+1","Coolheaded+1"],"special_seed":0,"relics":["Cracked Core","Anchor","Letter Opener","Sundial","Cursed Key","Red Mask","Whetstone","Emotion Chip","Kunai","Frozen Egg 2","Mango","War Paint","Tiny House","Bag of Preparation"],"potions_floor_usage":[50,50,50],"damage_taken":[{"damage":6.0,"enemies":"Jaw Worm","floor":1.0,"turns":4.0},{"damage":0.0,"enemies":"Small Slimes","floor":2.0,"turns":3.0},{"damage":0.0,"enemies":"2 Louse","floor":3.0,"turns":2.0},{"damage":0.0,"enemies":"Looter","floor":4.0,"turns":2.0},{"damage":20.0,"enemies":"Lagavulin","floor":7.0,"turns":6.0},{"damage":0.0,"enemies":"Large Slime","floor":11.0,"turns":4.0},{"damage":7.0,"enemies":"2 Fungi Beasts","floor":14.0,"turns":3.0},{"damage":15.0,"enemies":"Hexaghost","floor":16.0,"turns":9.0},{"damage":3.0,"enemies":"Spheric Guardian","floor":18.0,"turns":3.0},{"damage":11.0,"enemies":"Masked Bandits","floor":19.0,"turns":4.0},{"damage":0.0,"enemies":"Colosseum Slavers","floor":22.0,"turns":3.0},{"damage":18.0,"enemies":"Colosseum Nobs","floor":22.0,"turns":4.0},{"damage":19.0,"enemies":"Gremlin Leader","floor":23.0,"turns":7.0},{"damage":1.0,"enemies":"Shell Parasite","floor":28.0,"turns":3.0},{"damage":0.0,"enemies":"Cultist and Chosen","floor":31.0,"turns":4.0},{"damage":60.0,"enemies":"Collector","floor":33.0,"turns":11.0},{"damage":0.0,"enemies":"3 Shapes","floor":35.0,"turns":4.0},{"damage":0.0,"enemies":"Orb Walker","floor":36.0,"turns":3.0},{"damage":0.0,"enemies":"4 Shapes","floor":38.0,"turns":5.0},{"damage":32.0,"enemies":"Reptomancer","floor":40.0,"turns":6.0},{"damage":0.0,"enemies":"Spire Growth","floor":42.0,"turns":6.0},{"damage":12.0,"enemies":"3 Darklings","floor":44.0,"turns":5.0},{"damage":1,"enemies":"Maw","floor":45,"turns":7},{"damage":0,"enemies":"4 Shapes","floor":47,"turns":4},{"damage":0,"enemies":"Jaw Worm Horde","floor":48,"turns":4},{"damage":18,"enemies":"Awakened One","floor":50,"turns":17}],"seed_played":"-6041400050618473463","potions_obtained":[{"floor":1.0,"key":"Swift Potion"},{"floor":7.0,"key":"Energy Potion"},{"floor":11.0,"key":"Energy Potion"},{"floor":14.0,"key":"SkillPotion"},{"floor":23.0,"key":"SkillPotion"},{"floor":28.0,"key":"Ancient Potion"}],"is_trial":false,"path_per_floor":["M","M","M","M","?","R","E","R","T","R","M","?","?","M","R","B",null,"M","?","$","?","?","E","$","R","T","R","M","?","$","M","R","B",null,"M","M","$","M","?","E","$","M","T","M","M","R","M","M","R","B",null],"character_chosen":"DEFECT","items_purchased":["Melter","Whetstone","FocusPotion","FocusPotion"],"campfire_rested":2,"item_purchase_floors":[20,20,24,24],"current_hp_per_floor":[69,69,69,69,69,69,49,49,49,49,49,54,38,31,31,16,80,77,66,66,66,48,29,29,29,43,43,42,42,42,42,70,10,99,99,99,99,99,96,64,64,64,64,52,51,80,80,80,80,62],"gold":102,"neow_bonus":"RANDOM_COMMON_RELIC","is_prod":false,"is_daily":false,"chose_seed":false,"campfire_upgraded":7,"win_rate":0,"timestamp":1556985712,"path_taken":["M","M","M","M","?","R","E","R","T","R","M","?","?","M","R","BOSS","M","?","$","?","?","E","$","R","T","R","M","?","$","M","R","BOSS","M","M","$","M","?","E","$","M","T","M","?","R","M","M","R","BOSS"],"build_version":"2019-01-23","purchased_purges":3,"victory":true,"max_hp_per_floor":[75,75,75,75,75,75,75,75,75,75,75,80,80,80,80,80,80,80,80,80,80,80,80,80,80,94,94,94,94,94,94,94,94,99,99,99,99,99,99,99,99,99,99,99,99,99,99,99,99,99],"card_choices":[{"not_picked":["Scrape","Gash"],"picked":"Cold Snap","floor":1.0},{"not_picked":["Leap","Hello World"],"picked":"Ball Lightning","floor":2.0},{"not_picked":["Lockon","Sweeping Beam","Heatsinks"],"picked":"SKIP","floor":3.0},{"not_picked":["Compile Driver","Heatsinks","Coolheaded"],"picked":"SKIP","floor":4.0},{"not_picked":["Sweeping Beam","Multi-Cast"],"picked":"BootSequence","floor":7.0},{"not_picked":["Cold Snap","Coolheaded","Aggregate"],"picked":"SKIP","floor":11.0},{"not_picked":["Leap","Tempest","Steam Power"],"picked":"SKIP","floor":14.0},{"not_picked":["Multi-Cast","Amplify"],"picked":"Seek","floor":16.0},{"not_picked":["Redo","Reinforced Body","FTL"],"picked":"SKIP","floor":18.0},{"not_picked":["Streamline","Beam Cell"],"picked":"White Noise","floor":19.0},{"not_picked":["Steam","Sunder"],"picked":"Undo","floor":22.0},{"not_picked":["Stack","Fusion"],"picked":"White Noise","floor":23.0},{"not_picked":["Stack","Double Energy","Steam"],"picked":"SKIP","floor":28.0},{"not_picked":["Gash","Turbo+1","Recycle"],"picked":"SKIP","floor":31.0},{"not_picked":["Reboot","Multi-Cast"],"picked":"Machine Learning+1","floor":33.0},{"not_picked":["Turbo+1","Gash"],"picked":"Conserve Battery+1","floor":34.0},{"not_picked":["Rebound+1","Compile Driver"],"picked":"Force Field+1","floor":35.0},{"not_picked":["Turbo","Sunder+1","Genetic Algorithm"],"picked":"SKIP","floor":36.0},{"not_picked":["Static Discharge+1","Lockon","Genetic Algorithm"],"picked":"SKIP","floor":38.0},{"not_picked":["Conserve Battery","Compile Driver+1","Streamline"],"picked":"SKIP","floor":40.0},{"not_picked":["Rip and Tear+1","Blizzard+1","Redo+1"],"picked":"SKIP","floor":42.0},{"not_picked":["Ball Lightning","Double Energy"],"picked":"Coolheaded","floor":44.0},{"not_picked":["Fusion+1","Steam Power","Turbo+1"],"picked":"SKIP","floor":45},{"not_picked":["Auto Shields","Genetic Algorithm","Coolheaded"],"picked":"SKIP","floor":47},{"not_picked":["Ball Lightning+1","Doom and Gloom+1","Compile Driver+1"],"picked":"SKIP","floor":48}],"player_experience":1216144,"relics_obtained":[{"floor":7.0,"key":"Letter Opener"},{"floor":9.0,"key":"Sundial"},{"floor":19.0,"key":"Red Mask"},{"floor":22.0,"key":"Emotion Chip"},{"floor":22.0,"key":"Kunai"},{"floor":23.0,"key":"Frozen Egg 2"},{"floor":26.0,"key":"Mango"},{"floor":40.0,"key":"Bag of Preparation"}],"event_choices":[{"damage_healed":0.0,"max_hp_gain":0.0,"max_hp_loss":0.0,"gold_gain":0.0,"event_name":"Liars Game","player_choice":"Ignored","floor":5.0,"gold_loss":0.0,"damage_taken":0.0},{"damage_healed":0.0,"max_hp_gain":5.0,"max_hp_loss":0.0,"gold_gain":0.0,"event_name":"Big Fish","player_choice":"Donut","floor":12.0,"gold_loss":0.0,"damage_taken":0.0},{"damage_healed":0.0,"max_hp_gain":0.0,"max_hp_loss":0.0,"gold_gain":0.0,"event_name":"Shining Light","player_choice":"Entered Light","floor":13.0,"gold_loss":0.0,"damage_taken":16.0,"cards_upgraded":["Defend_B","Strike_B"]},{"damage_healed":0.0,"max_hp_gain":0.0,"max_hp_loss":0.0,"gold_gain":0.0,"event_name":"Masked Bandits","player_choice":"Fought Bandits","floor":19.0,"gold_loss":0.0,"damage_taken":0.0},{"damage_healed":0.0,"max_hp_gain":0.0,"max_hp_loss":0.0,"gold_gain":0.0,"event_name":"The Library","player_choice":"Read","floor":21.0,"gold_loss":0.0,"damage_taken":0.0,"cards_obtained":["Defragment"]},{"damage_healed":0.0,"max_hp_gain":0.0,"max_hp_loss":0.0,"gold_gain":0.0,"event_name":"Colosseum","player_choice":"Fight","floor":22.0,"gold_loss":0.0,"damage_taken":0.0},{"damage_healed":0.0,"max_hp_gain":0.0,"max_hp_loss":0.0,"gold_gain":0.0,"event_name":"Colosseum","player_choice":"Fought Nobs","floor":22.0,"gold_loss":0.0,"damage_taken":0.0},{"damage_healed":0.0,"max_hp_gain":0.0,"max_hp_loss":0.0,"gold_gain":0.0,"event_name":"Addict","player_choice":"Stole Relic","floor":29.0,"gold_loss":0.0,"damage_taken":0.0,"relics_obtained":["War Paint"],"cards_obtained":["Shame"]},{"damage_healed":0.0,"max_hp_gain":0.0,"max_hp_loss":0.0,"gold_gain":0.0,"event_name":"Designer","player_choice":"Punched","floor":39.0,"gold_loss":0.0,"damage_taken":3.0}],"is_beta":false,"boss_relics":[{"not_picked":["Nuclear Battery","Runic Pyramid"],"picked":"Cursed Key"},{"not_picked":["Runic Dome","White Beast Statue"],"picked":"Tiny House"}],"items_purged_floors":[24,37,41],"is_endless":false,"potions_floor_spawned":[1,7,11,14,23,28,33,38,40,44,45],"ascension_level":0}