{"gold_per_floor":[111,186,186,205,222,222,246,51,77,95,121,145,35,52,52,153,153,170,85,85,85,185,185,31,31,84,117,117,117],"floor_reached":29,"playtime":710,"items_purged":["Strike_B"],"score":287,"play_id":"9e450fd1-a2fc-4c48-9f6b-fadfc3a5a2f6","local_time":"20190616141352","is_ascension_mode":false,"campfire_choices":[{"data":"Zap","floor":6.0,"key":"SMITH"},{"data":"Apotheosis","floor":15.0,"key":"SMITH"},{"data":"Buffer","floor":23.0,"key":"SMITH"},{"data":"Defragment","floor":25.0,"key":"SMITH"},{"data":"Echo Form","floor":28.0,"key":"SMITH"}],"neow_cost":"NONE","seed_source_timestamp":94110927899492,"circlet_count":0,"master_deck":["Strike_B","Strike_B","Strike_B","Defend_B","Defend_B","Defend_B","Defend_B","Zap+1","Dualcast+1","Go for the Eyes","Apotheosis+1","Buffer+1","Defragment+1","White Noise","Seek","Undo","Ball Lightning","Defragment","Echo Form+1"],"special_seed":0,"relics":["Cracked Core","Boot","Anchor","DataDisk","Odd Mushroom","Eternal Feather","Art of War","Emotion Chip","Letter Opener","Strawberry","Smiling Mask"],"potions_floor_usage":[29,29],"damage_taken":[{"damage":1.0,"enemies":"Jaw Worm","floor":1.0,"turns":3.0},{"damage":9.0,"enemies":"Small Slimes","floor":4.0,"turns":3.0},{"damage":0.0,"enemies":"2 Louse","floor":5.0,"turns":2.0},{"damage":0.0,"enemies":"Blue Slaver","floor":10.0,"turns":3.0},{"damage":10.0,"enemies":"Lagavulin","floor":11.0,"turns":6.0},{"damage":6.0,"enemies":"The Mushroom Lair","floor":12.0,"turns":4.0},{"damage":0.0,"enemies":"Large Slime","floor":14.0,"turns":3.0},{"damage":0.0,"enemies":"Hexaghost","floor":16.0,"turns":9.0},{"damage":2.0,"enemies":"3 Byrds","floor":18.0,"turns":5.0},{"damage":4.0,"enemies":"Colosseum Slavers","floor":22.0,"turns":4.0},{"damage":0.0,"enemies":"Colosseum Nobs","floor":22.0,"turns":2.0},{"damage":29.0,"enemies":"Book of Stabbing","floor":27.0,"turns":5.0},{"damage":0,"enemies":"Gremlin Leader","floor":29,"turns":6}],"seed_played":"4044931760505187064","potions_obtained":[{"floor":1.0,"key":"SteroidPotion"},{"floor":4.0,"key":"Explosive Potion"},{"floor":10.0,"key":"Energy Potion"}],"is_trial":false,"path_per_floor":["M","?","?","M","M","R","T","$","T","M","E","?","$","M","R","B",null,"M","?","?","?","?","R","$","R","T","E","R","E"],"character_chosen":"DEFECT","items_purchased":["Apotheosis","Defragment","White Noise","Defragment"],"campfire_rested":0,"item_purchase_floors":[8,13,13,24],"current_hp_per_floor":[81,70,70,61,61,61,61,61,61,61,51,45,45,45,45,45,82,80,80,80,80,76,82,82,82,89,60,69,69],"gold":117,"neow_bonus":"TEN_PERCENT_HP_BONUS","is_prod":false,"is_daily":false,"chose_seed":false,"campfire_upgraded":5,"win_rate":0,"timestamp":1560690832,"path_taken":["M","?","?","M","M","R","?","$","T","?","E","?","$","M","R","BOSS","M","?","?","?","?","R","$","R","T","E","R","E"],"build_version":"2019-01-23","purchased_purges":1,"victory":false,"max_hp_per_floor":[82,82,82,82,82,82,82,82,82,82,82,82,82,82,82,82,82,82,82,82,82,82,82,82,82,89,89,89,89],"card_choices":[{"not_picked":["Scrape","Sweeping Beam","Stack"],"picked":"SKIP","floor":1.0},{"not_picked":["Sweeping Beam","Streamline"],"picked":"Go for the Eyes","floor":4.0},{"not_picked":["Sweeping Beam","Gash","Consume"],"picked":"SKIP","floor":5.0},{"not_picked":["Compile Driver","Turbo","Stack"],"picked":"SKIP","floor":10.0},{"not_picked":["Double Energy","Redo","Streamline"],"picked":"SKIP","floor":11.0},{"not_picked":["Blizzard","Self Repair"],"picked":"Buffer","floor":12.0},{"not_picked":["Beam Cell","Reprogram","Redo"],"picked":"SKIP","floor":14.0},{"not_picked":["Hyperbeam","All For One"],"picked":"Seek","floor":16.0},{"not_picked":["Barrage","Cold Snap"],"picked":"Undo","floor":18.0},{"not_picked":["Streamline","Coolheaded+1"],"picked":"Echo Form","floor":27.0}],"player_experience":1296128,"relics_obtained":[{"floor":7.0,"key":"Boot"},{"floor":9.0,"key":"Anchor"},{"floor":11.0,"key":"DataDisk"},{"floor":12.0,"key":"Odd Mushroom"},{"floor":22.0,"key":"Emotion Chip"},{"floor":22.0,"key":"Letter Opener"},{"floor":26.0,"key":"Strawberry"},{"floor":27.0,"key":"Smiling Mask"}],"event_choices":[{"damage_healed":0.0,"max_hp_gain":0.0,"max_hp_loss":0.0,"gold_gain":75.0,"event_name":"World of Goop","player_choice":"Gather Gold","floor":2.0,"gold_loss":0.0,"damage_taken":11.0},{"damage_healed":0.0,"max_hp_gain":0.0,"max_hp_loss":0.0,"gold_gain":0.0,"event_name":"Living Wall","player_choice":"Grow","floor":3.0,"gold_loss":0.0,"damage_taken":0.0,"cards_upgraded":["Dualcast"]},{"damage_healed":0.0,"max_hp_gain":0.0,"max_hp_loss":0.0,"gold_gain":0.0,"event_name":"Mushrooms","player_choice":"Fought Mushrooms","floor":12.0,"gold_loss":0.0,"damage_taken":0.0},{"damage_healed":0.0,"max_hp_gain":0.0,"max_hp_loss":0.0,"gold_gain":0.0,"event_name":"Addict","player_choice":"Obtained Relic","floor":19.0,"gold_loss":85.0,"damage_taken":0.0,"relics_obtained":["Art of War"]},{"damage_healed":0.0,"max_hp_gain":0.0,"max_hp_loss":0.0,"gold_gain":0.0,"event_name":"Beggar","player_choice":"Ignored","floor":20.0,"gold_loss":0.0,"damage_taken":0.0},{"damage_healed":0.0,"max_hp_gain":0.0,"max_hp_loss":0.0,"gold_gain":0.0,"event_name":"The Library","player_choice":"Read","floor":21.0,"gold_loss":0.0,"damage_taken":0.0,"cards_obtained":["Ball Lightning"]},{"damage_healed":0.0,"max_hp_gain":0.0,"max_hp_loss":0.0,"gold_gain":0.0,"event_name":"Colosseum","player_choice":"Fight","floor":22.0,"gold_loss":0.0,"damage_taken":0.0},{"damage_healed":0.0,"max_hp_gain":0.0,"max_hp_loss":0.0,"gold_gain":0.0,"event_name":"Colosseum","player_choice":"Fought Nobs","floor":22.0,"gold_loss":0.0,"damage_taken":0.0}],"is_beta":false,"boss_relics":[{"not_picked":["Velvet Choker","Philosopher\u0027s Stone"],"picked":"Eternal Feather"}],"items_purged_floors":[24],"is_endless":false,"potions_floor_spawned":[1,4,10,14,22],"killed_by":"Gremlin Leader","ascension_level":0}