{"gold_per_floor":[111,76,151,151,151,151,161,161,187,200,235,247,172,192,192,287,287],"floor_reached":17,"playtime":552,"items_purged":["Defend_B"],"score":155,"play_id":"50e86a0f-7f39-4f64-89bd-4427143ae512","local_time":"20190320205639","is_ascension_mode":false,"campfire_choices":[{"data":"Dualcast","floor":6.0,"key":"SMITH"},{"data":"Zap","floor":8.0,"key":"SMITH"},{"data":"Capacitor","floor":15,"key":"SMITH"}],"neow_cost":"NONE","seed_source_timestamp":331210677874619,"circlet_count":0,"master_deck":["Strike_B","Strike_B","Strike_B","Strike_B","Defend_B","Defend_B","Zap+1","Dualcast+1","Chill","Glacier","Coolheaded","Capacitor+1","Conserve Battery+1"],"special_seed":0,"relics":["Cracked Core","Centennial Puzzle","Question Card","Dream Catcher","Toxic Egg 2"],"potions_floor_usage":[],"damage_taken":[{"damage":0.0,"enemies":"Cultist","floor":1.0,"turns":4.0},{"damage":3.0,"enemies":"Small Slimes","floor":7.0,"turns":3.0},{"damage":0.0,"enemies":"2 Louse","floor":10.0,"turns":2.0},{"damage":9.0,"enemies":"Gremlin Nob","floor":11.0,"turns":4.0},{"damage":5,"enemies":"Exordium Thugs","floor":12,"turns":6},{"damage":0,"enemies":"3 Louse","floor":14,"turns":3},{"damage":25,"enemies":"Slime Boss","floor":16,"turns":25}],"seed_played":"-8810051209950362625","potions_obtained":[{"floor":1.0,"key":"Fire Potion"},{"floor":7.0,"key":"Regen Potion"},{"floor":16,"key":"Regen Potion"}],"is_trial":false,"path_per_floor":["M","$","?","?","?","R","M","R","T","M","E","M","$","M","R","B",null],"character_chosen":"DEFECT","items_purchased":["Glacier"],"campfire_rested":0,"item_purchase_floors":[2],"current_hp_per_floor":[75,75,64,57,50,50,47,47,47,47,38,33,33,33,33,8,8],"gold":287,"neow_bonus":"RANDOM_COMMON_RELIC","is_prod":false,"is_daily":false,"chose_seed":false,"campfire_upgraded":3,"win_rate":0,"timestamp":1553115399,"path_taken":["M","$","?","?","?","R","M","R","T","?","E","M","$","M","R","BOSS"],"build_version":"2019-01-23","purchased_purges":1,"victory":false,"max_hp_per_floor":[75,75,75,75,75,75,75,75,75,75,75,75,75,75,75,75,75],"card_choices":[{"not_picked":["Sunder","Hologram"],"picked":"Chill","floor":1.0},{"not_picked":["Rebound","Stack","Fission"],"picked":"Coolheaded","floor":7.0},{"not_picked":["Beam Cell","Gash","Stack"],"picked":"Capacitor","floor":10.0},{"not_picked":["Tempest","Steam","Redo","Leap"],"picked":"SKIP","floor":11.0},{"not_picked":["Biased Cognition","Hello World","Beam Cell","Consume+1"],"picked":"SKIP","floor":12},{"not_picked":["Barrage","Rebound","Hologram+1"],"picked":"Conserve Battery+1","floor":14}],"player_experience":1124129,"relics_obtained":[{"floor":9.0,"key":"Dream Catcher"},{"floor":11.0,"key":"Toxic Egg 2"}],"event_choices":[{"damage_healed":0.0,"max_hp_gain":0.0,"max_hp_loss":0.0,"gold_gain":75.0,"event_name":"World of Goop","player_choice":"Gather Gold","floor":3.0,"gold_loss":0.0,"damage_taken":11.0},{"cards_removed":["Defend_B"],"damage_healed":0.0,"max_hp_gain":0.0,"max_hp_loss":0.0,"gold_gain":0.0,"event_name":"Golden Wing","player_choice":"Card Removal","floor":4.0,"gold_loss":0.0,"damage_taken":7.0},{"damage_healed":0.0,"max_hp_gain":0.0,"max_hp_loss":0.0,"gold_gain":0.0,"event_name":"Scrap Ooze","player_choice":"Success","floor":5.0,"gold_loss":0.0,"damage_taken":7.0,"relics_obtained":["Question Card"]}],"is_beta":false,"boss_relics":[],"items_purged_floors":[13],"is_endless":false,"potions_floor_spawned":[1,7,16],"ascension_level":0}