{"gold_per_floor":[116,47,64,64,76,76,102,113,113,141,106,106,106,30,30,130,130,113,113,1,1,20,32,32,64,64,89,103,137,137,137,137,242,242,258,277,89,100,100,100,129,139,139,139,139,155,3,16,16,16],"floor_reached":51,"playtime":3377,"items_purged":["Strike_G","Parasite"],"score":1029,"play_id":"c7b56b3f-7961-41a5-bc99-5e627a7ce15b","local_time":"20190621094526","is_ascension_mode":true,"campfire_choices":[{"data":"Cloak And Dagger","floor":6,"key":"SMITH"},{"data":"Cloak And Dagger","floor":13,"key":"SMITH"},{"floor":15,"key":"REST"},{"data":"Accuracy","floor":24,"key":"SMITH"},{"data":"Infinite Blades","floor":30,"key":"SMITH"},{"floor":32,"key":"REST"},{"data":"Caltrops","floor":40,"key":"SMITH"},{"data":"Caltrops","floor":44,"key":"SMITH"},{"data":"Neutralize","floor":49,"key":"SMITH"}],"neow_cost":"NONE","seed_source_timestamp":313275256783246,"circlet_count":0,"master_deck":["Defend_G","Defend_G","Defend_G","Defend_G+1","Strike_G","Strike_G","Strike_G","Strike_G","Survivor+1","Neutralize+1","Cloak And Dagger+1","Footwork+1","Cloak And Dagger+1","Accuracy+1","Slice","Cloak And Dagger+1","Dodge and Roll","Slice","Infinite Blades+1","Cloak And Dagger+1","Caltrops+1","Backstab","Envenom","Caltrops+1","Slice","Slice","Madness","Madness","Choke+1","Riddle With Holes+1","Blade Dance+1"],"relics":["Ring of the Snake","Prayer Wheel","Bird Faced Urn","Unceasing Top","Busted Crown","Shuriken","War Paint","Mummified Hand","Vajra","Meat on the Bone","Pear","Philosopher\u0027s Stone","Snake Skull","Frozen Egg 2","Darkstone Periapt"],"potions_floor_usage":[3,16,16,18,28,33,46,50],"damage_taken":[{"damage":6,"enemies":"Cultist","floor":1,"turns":4},{"damage":2,"enemies":"Jaw Worm","floor":3,"turns":5},{"damage":0,"enemies":"2 Louse","floor":5,"turns":4},{"damage":26,"enemies":"3 Sentries","floor":7,"turns":9},{"damage":2,"enemies":"Looter","floor":8,"turns":3},{"damage":4,"enemies":"Lagavulin","floor":10,"turns":8},{"damage":28,"enemies":"The Guardian","floor":16,"turns":12},{"damage":6,"enemies":"2 Thieves","floor":18,"turns":4},{"damage":9,"enemies":"Shell Parasite","floor":22,"turns":4},{"damage":10,"enemies":"Shelled Parasite and Fungi","floor":23,"turns":5},{"damage":50,"enemies":"Gremlin Leader","floor":25,"turns":6},{"damage":0,"enemies":"Book of Stabbing","floor":27,"turns":4},{"damage":0,"enemies":"Snecko","floor":28,"turns":3},{"damage":0,"enemies":"Gremlin Leader","floor":29,"turns":5},{"damage":5,"enemies":"Automaton","floor":33,"turns":6},{"damage":17,"enemies":"3 Darklings","floor":35,"turns":4},{"damage":8,"enemies":"3 Shapes","floor":36,"turns":3},{"damage":0,"enemies":"Spire Growth","floor":38,"turns":4},{"damage":3,"enemies":"Reptomancer","floor":41,"turns":4},{"damage":20,"enemies":"Maw","floor":42,"turns":5},{"damage":1,"enemies":"Writhing Mass","floor":46,"turns":4},{"damage":0,"enemies":"Transient","floor":48,"turns":5},{"damage":60,"enemies":"Donu and Deca","floor":50,"turns":6}],"seed_played":"-3845488940671669006","potions_obtained":[{"floor":1,"key":"Swift Potion"},{"floor":3,"key":"Fruit Juice"},{"floor":7,"key":"Poison Potion"},{"floor":10,"key":"Energy Potion"},{"floor":12,"key":"FairyPotion"},{"floor":16,"key":"Explosive Potion"},{"floor":23,"key":"SteroidPotion"},{"floor":27,"key":"Ancient Potion"},{"floor":29,"key":"GamblersBrew"},{"floor":36,"key":"SkillPotion"},{"floor":46,"key":"Explosive Potion"}],"is_trial":false,"path_per_floor":["M","$","M","?","M","R","E","M","T","E","?","?","R","$","R","B",null,"M","T","$","$","M","M","R","E","T","E","M","E","R","T","R","B",null,"M","M","$","M","?","R","E","M","T","R","?","M","$","M","R","B",null],"character_chosen":"THE_SILENT","items_purchased":["Footwork","Infinite Blades","Caltrops","Snake Skull","Caltrops","Strength Potion"],"campfire_rested":2,"item_purchase_floors":[2,14,20,37,37,47],"current_hp_per_floor":[71,71,74,58,58,58,32,30,30,30,50,50,50,50,74,52,75,75,75,75,75,74,70,70,28,28,36,40,48,48,58,85,86,91,81,83,83,92,80,80,87,76,76,76,76,93,93,95,95,55],"gold":16,"neow_bonus":"TEN_PERCENT_HP_BONUS","is_prod":false,"is_daily":false,"chose_seed":false,"campfire_upgraded":7,"win_rate":0,"timestamp":1561124726,"path_taken":["M","?","M","?","M","R","E","M","T","E","?","?","R","$","R","BOSS","M","?","?","$","M","M","R","E","T","E","M","E","R","?","R","BOSS","M","M","$","M","?","R","E","M","T","R","?","M","$","M","R","BOSS"],"build_version":"2019-01-23","purchased_purges":2,"victory":true,"max_hp_per_floor":[77,77,82,82,82,82,82,82,82,82,82,82,82,82,82,82,82,82,82,82,82,82,82,82,82,82,82,82,82,82,92,92,92,92,92,92,92,92,92,92,92,92,92,92,92,98,95,95,95,95],"card_choices":[{"not_picked":["Blur","Flying Knee"],"picked":"Cloak And Dagger","floor":1},{"not_picked":["Backstab","Dagger Spray"],"picked":"Cloak And Dagger","floor":3},{"not_picked":["Reflex","Quick Slash"],"picked":"Accuracy","floor":5},{"not_picked":["Skewer","Heel Hook"],"picked":"Slice","floor":7},{"not_picked":["Outmaneuver","Dodge and Roll"],"picked":"Cloak And Dagger","floor":8},{"not_picked":["Slice","Underhanded Strike"],"picked":"Dodge and Roll","floor":8},{"not_picked":["Grand Finale","Backflip"],"picked":"Slice","floor":10},{"not_picked":[],"picked":"Cloak And Dagger+1","floor":18},{"not_picked":["Flying Knee"],"picked":"SKIP","floor":18},{"not_picked":["Quick Slash"],"picked":"SKIP","floor":22},{"not_picked":["PiercingWail+1"],"picked":"SKIP","floor":22},{"not_picked":["Masterful Stab"],"picked":"SKIP","floor":23},{"not_picked":["Sucker Punch"],"picked":"SKIP","floor":23},{"not_picked":["Quick Slash+1"],"picked":"SKIP","floor":25},{"not_picked":["Heel Hook"],"picked":"SKIP","floor":27},{"not_picked":[],"picked":"Backstab","floor":28},{"not_picked":["Heel Hook+1"],"picked":"SKIP","floor":28},{"not_picked":["Dodge and Roll"],"picked":"SKIP","floor":29},{"not_picked":[],"picked":"Envenom","floor":33},{"not_picked":["Dagger Throw+1"],"picked":"SKIP","floor":35},{"not_picked":["Catalyst"],"picked":"SKIP","floor":35},{"not_picked":["Expertise"],"picked":"SKIP","floor":36},{"not_picked":["Sucker Punch"],"picked":"SKIP","floor":36},{"not_picked":[],"picked":"Slice","floor":38},{"not_picked":[],"picked":"Slice","floor":38},{"not_picked":["Dagger Throw+1"],"picked":"SKIP","floor":41},{"not_picked":[],"picked":"Choke+1","floor":42},{"not_picked":["Poisoned Stab"],"picked":"SKIP","floor":42},{"not_picked":[],"picked":"Riddle With Holes+1","floor":46},{"not_picked":["Flying Knee+1"],"picked":"SKIP","floor":46},{"not_picked":[],"picked":"Blade Dance+1","floor":48},{"not_picked":["Blur+1"],"picked":"SKIP","floor":48}],"player_experience":448093,"relics_obtained":[{"floor":7,"key":"Prayer Wheel"},{"floor":9,"key":"Bird Faced Urn"},{"floor":10,"key":"Unceasing Top"},{"floor":19,"key":"Shuriken"},{"floor":25,"key":"War Paint"},{"floor":26,"key":"Mummified Hand"},{"floor":27,"key":"Vajra"},{"floor":29,"key":"Meat on the Bone"},{"floor":31,"key":"Pear"},{"floor":41,"key":"Frozen Egg 2"},{"floor":43,"key":"Darkstone Periapt"}],"event_choices":[{"damage_healed":0,"gold_gain":0,"player_choice":"Entered Light","damage_taken":16,"max_hp_gain":0,"max_hp_loss":0,"event_name":"Shining Light","floor":4,"gold_loss":0,"cards_upgraded":["Cloak And Dagger","Footwork"]},{"damage_healed":20,"gold_gain":0,"player_choice":"Healed","damage_taken":0,"max_hp_gain":0,"max_hp_loss":0,"event_name":"The Cleric","floor":11,"gold_loss":35},{"damage_healed":0,"gold_gain":0,"player_choice":"Got Potions","damage_taken":0,"max_hp_gain":0,"max_hp_loss":0,"event_name":"Lab","floor":12,"gold_loss":0},{"damage_healed":0,"gold_gain":0,"player_choice":"Embrace Madness","damage_taken":12,"max_hp_gain":0,"max_hp_loss":0,"event_name":"Winding Halls","floor":39,"gold_loss":0,"cards_obtained":["Madness","Madness"]},{"cards_removed":["Defend_G"],"damage_healed":0,"gold_gain":0,"player_choice":"Removed Skill","damage_taken":0,"max_hp_gain":0,"max_hp_loss":0,"event_name":"Falling","floor":45,"gold_loss":0}],"is_beta":false,"boss_relics":[{"not_picked":["White Beast Statue","Pandora\u0027s Box"],"picked":"Busted Crown"},{"not_picked":["Calling Bell","Fusion Hammer"],"picked":"Philosopher\u0027s Stone"}],"items_purged_floors":[20,47],"is_endless":false,"potions_floor_spawned":[1,3,7,10,16,23,27,29,36,41,46,48],"ascension_level":5}