{"gold_per_floor":[119,119,119,135,135,135,166,182,182,182,28,42,74,86,86,165,165,175,175,192,192,28,55,66,66,148,148,159,174,208,222,222,294,294,311,311,44,62,76,134,50,77,77,77,88,140,140,160,160,160,160],"floor_reached":51,"playtime":5566,"items_purged":["Strike_B","Strike_B"],"score":1539,"play_id":"35713c2e-5774-4f1f-89a4-d5e82729dbd7","local_time":"20190621094549","is_ascension_mode":true,"campfire_choices":[{"floor":6.0,"key":"REST"},{"data":"Zap","floor":10.0,"key":"SMITH"},{"data":"Defragment","floor":15.0,"key":"SMITH"},{"data":"Capacitor","floor":25.0,"key":"SMITH"},{"data":"Dualcast","floor":27.0,"key":"SMITH"},{"data":"BootSequence","floor":32.0,"key":"SMITH"},{"floor":44.0,"key":"RECALL"},{"floor":47.0,"key":"REST"},{"floor":49.0,"key":"REST"}],"neow_cost":"NONE","seed_source_timestamp":0,"circlet_count":0,"master_deck":["AscendersBane","Strike_B+1","Strike_B+1","Defend_B+1","Defend_B","Defend_B","Zap+1","Dualcast+1","BootSequence+1","Defragment+1","Compile Driver+1","Coolheaded","Consume+1","All For One+1","Conserve Battery+1","Reinforced Body+1","Seek+1","Chill+1","Chill+1","Capacitor+1","Turbo+1","Gash+1","Conserve Battery+1","Beam Cell+1","Barrage+1","Glacier+1","Redo+1","Meteor Strike+1","Glacier+1","Ball Lightning+1","Doom and Gloom+1","Double Energy+1","All For One+1","Redo+1","White Noise+1"],"special_seed":0,"relics":["Cracked Core","NeowsBlessing","Shuriken","Molten Egg 2","Blood Vial","Toxic Egg 2","Meat on the Bone","Runic Pyramid","Art of War","Bottled Lightning","Sundial","Omamori","Fusion Hammer","Bronze Scales","Tiny Chest","Whetstone","Prayer Wheel"],"potions_floor_usage":[],"damage_taken":[{"damage":0.0,"enemies":"Jaw Worm","floor":1.0,"turns":1.0},{"damage":0.0,"enemies":"Small Slimes","floor":4.0,"turns":1.0},{"damage":0.0,"enemies":"Lagavulin","floor":7.0,"turns":2.0},{"damage":0.0,"enemies":"2 Louse","floor":8.0,"turns":1.0},{"damage":17.0,"enemies":"Exordium Wildlife","floor":12.0,"turns":5.0},{"damage":7.0,"enemies":"Gremlin Nob","floor":13.0,"turns":3.0},{"damage":0.0,"enemies":"Blue Slaver","floor":14.0,"turns":3.0},{"damage":24.0,"enemies":"Hexaghost","floor":16.0,"turns":9.0},{"damage":15.0,"enemies":"2 Thieves","floor":18.0,"turns":4.0},{"damage":11.0,"enemies":"3 Byrds","floor":20.0,"turns":5.0},{"damage":0.0,"enemies":"Book of Stabbing","floor":23.0,"turns":6.0},{"damage":5.0,"enemies":"Shelled Parasite and Fungi","floor":24.0,"turns":7.0},{"damage":0.0,"enemies":"Cultist and Chosen","floor":28.0,"turns":7.0},{"damage":0.0,"enemies":"Centurion and Healer","floor":29.0,"turns":7.0},{"damage":10.0,"enemies":"Slavers","floor":30.0,"turns":5.0},{"damage":3.0,"enemies":"Snake Plant","floor":31.0,"turns":4.0},{"damage":11.0,"enemies":"Collector","floor":33.0,"turns":10.0},{"damage":0.0,"enemies":"3 Darklings","floor":35.0,"turns":6.0},{"damage":2.0,"enemies":"Orb Walker","floor":38.0,"turns":4.0},{"damage":8.0,"enemies":"Maw","floor":39.0,"turns":8.0},{"damage":12.0,"enemies":"Nemesis","floor":40.0,"turns":5.0},{"damage":21.0,"enemies":"Reptomancer","floor":42.0,"turns":8.0},{"damage":0.0,"enemies":"Sphere and 2 Shapes","floor":45.0,"turns":5.0},{"damage":2.0,"enemies":"2 Orb Walkers","floor":46.0,"turns":4.0},{"damage":6.0,"enemies":"Transient","floor":48.0,"turns":6.0},{"damage":59.0,"enemies":"Time Eater","floor":50.0,"turns":12.0},{"damage":31,"enemies":"Donu and Deca","floor":51,"turns":7}],"seed_played":"6963075998218928608","potions_obtained":[{"floor":7.0,"key":"GamblersBrew"},{"floor":13.0,"key":"Regen Potion"},{"floor":18.0,"key":"Energy Potion"},{"floor":20.0,"key":"Fire Potion"},{"floor":24.0,"key":"Regen Potion"},{"floor":28.0,"key":"SteroidPotion"},{"floor":31.0,"key":"Explosive Potion"},{"floor":40.0,"key":"Fire Potion"},{"floor":42.0,"key":"FearPotion"},{"floor":48.0,"key":"AttackPotion"}],"is_trial":false,"path_per_floor":["M","?","?","M","T","R","E","M","T","R","$","M","E","M","R","B",null,"M","?","M","?","$","E","M","R","T","R","M","M","E","M","R","B",null,"M","?","$","M","M","E","$","E","T","R","M","?","R","M","R","B","B"],"character_chosen":"DEFECT","items_purchased":["Consume+1","Capacitor","Turbo+1","Gash+1","Bronze Scales","Double Energy+1"],"campfire_rested":3,"item_purchase_floors":[11,22,22,22,37,41],"current_hp_per_floor":[64,43,17,17,17,38,38,40,40,40,40,25,20,34,34,39,63,50,50,41,41,41,43,40,40,40,40,57,59,51,50,50,41,64,66,66,66,66,60,50,50,43,43,43,45,45,66,62,71,24,0],"gold":160,"neow_bonus":"THREE_ENEMY_KILL","is_prod":false,"is_daily":false,"chose_seed":false,"campfire_upgraded":5,"win_rate":0,"timestamp":1561135549,"path_taken":["M","?","?","M","?","R","E","?","T","R","$","M","E","M","R","BOSS","M","?","M","?","?","E","?","R","T","R","M","M","E","M","R","BOSS","M","?","$","M","M","E","$","E","T","R","M","?","R","M","R","BOSS","BOSS"],"build_version":"2019-01-23","purchased_purges":2,"victory":false,"max_hp_per_floor":[71,71,71,71,71,71,71,71,71,71,71,71,71,71,71,71,71,71,71,71,71,71,71,71,71,71,71,71,71,71,71,71,71,71,71,71,71,71,71,71,71,71,71,71,71,71,71,71,71,71,71],"card_choices":[{"not_picked":["Go for the Eyes","Compile Driver"],"picked":"BootSequence","floor":1.0},{"not_picked":["Stack","Rebound"],"picked":"Defragment","floor":4.0},{"not_picked":["Steam Power","Gash+1"],"picked":"Compile Driver+1","floor":7.0},{"not_picked":["Turbo","Heatsinks"],"picked":"Coolheaded","floor":8.0},{"not_picked":["Melter+1","Hologram+1"],"picked":"All For One+1","floor":12.0},{"not_picked":["Stack+1","Streamline+1"],"picked":"Conserve Battery+1","floor":13.0},{"not_picked":["Rip and Tear+1","Turbo+1"],"picked":"Reinforced Body+1","floor":14.0},{"not_picked":["Meteor Strike+1","Multi-Cast+1"],"picked":"Seek+1","floor":16.0},{"not_picked":["Turbo+1","Skim+1"],"picked":"Chill+1","floor":18.0},{"not_picked":["Compile Driver+1","Ball Lightning+1"],"picked":"Chill+1","floor":20.0},{"not_picked":["Cold Snap+1","Self Repair"],"picked":"Conserve Battery+1","floor":23.0},{"not_picked":["Hologram+1","Sweeping Beam+1","Stack+1"],"picked":"SKIP","floor":24.0},{"not_picked":["Fission+1","Steam+1"],"picked":"Beam Cell+1","floor":28.0},{"not_picked":["Hologram+1","Sunder+1"],"picked":"Barrage+1","floor":29.0},{"not_picked":["Force Field+1","Steam+1"],"picked":"Glacier+1","floor":30.0},{"not_picked":["Reprogram+1","Cold Snap+1"],"picked":"Redo+1","floor":31.0},{"not_picked":["Rainbow+1","Amplify+1"],"picked":"Meteor Strike+1","floor":33.0},{"not_picked":["Redo+1","Conserve Battery+1"],"picked":"Glacier+1","floor":35.0},{"not_picked":["Turbo+1","Fusion+1"],"picked":"Ball Lightning+1","floor":38.0},{"not_picked":["Chill+1","Cold Snap+1"],"picked":"Doom and Gloom+1","floor":39.0},{"not_picked":["Ball Lightning+1","Cold Snap+1","Steam Power+1"],"picked":"SKIP","floor":40.0},{"not_picked":["Rip and Tear+1","Rebound+1"],"picked":"All For One+1","floor":42.0},{"not_picked":["Rebound+1","Sweeping Beam+1"],"picked":"Redo+1","floor":45.0},{"not_picked":["Conserve Battery+1","Rebound+1"],"picked":"White Noise+1","floor":48.0},{"not_picked":["Steam+1","BootSequence+1","Fusion+1"],"picked":"SKIP","floor":48.0}],"player_experience":929636,"relics_obtained":[{"floor":5.0,"key":"Molten Egg 2"},{"floor":7.0,"key":"Blood Vial"},{"floor":9.0,"key":"Toxic Egg 2"},{"floor":13.0,"key":"Meat on the Bone"},{"floor":23.0,"key":"Bottled Lightning"},{"floor":26.0,"key":"Sundial"},{"floor":30.0,"key":"Omamori"},{"floor":40.0,"key":"Tiny Chest"},{"floor":42.0,"key":"Whetstone"},{"floor":46.0,"key":"Prayer Wheel"}],"event_choices":[{"damage_healed":0.0,"max_hp_gain":0.0,"max_hp_loss":0.0,"gold_gain":0.0,"event_name":"Shining Light","player_choice":"Entered Light","floor":2.0,"gold_loss":0.0,"damage_taken":21.0,"cards_upgraded":["Strike_B","Defend_B"]},{"damage_healed":0.0,"max_hp_gain":0.0,"max_hp_loss":0.0,"gold_gain":0.0,"event_name":"Scrap Ooze","player_choice":"Success","floor":3.0,"gold_loss":0.0,"damage_taken":26.0,"relics_obtained":["Shuriken"]},{"damage_healed":0.0,"max_hp_gain":0.0,"max_hp_loss":0.0,"gold_gain":0.0,"event_name":"The Mausoleum","player_choice":"Opened","floor":19.0,"gold_loss":0.0,"damage_taken":0.0,"relics_obtained":["Art of War"],"cards_obtained":["Writhe"]},{"cards_removed":["Writhe"],"damage_healed":0.0,"max_hp_gain":0.0,"max_hp_loss":0.0,"gold_gain":0.0,"event_name":"Back to Basics","player_choice":"Elegance","floor":21.0,"gold_loss":0.0,"damage_taken":0.0},{"cards_removed":["Defend_B"],"damage_healed":0.0,"max_hp_gain":0.0,"max_hp_loss":0.0,"gold_gain":0.0,"event_name":"Falling","player_choice":"Removed Skill","floor":36.0,"gold_loss":0.0,"damage_taken":0.0},{"damage_healed":0.0,"max_hp_gain":0.0,"max_hp_loss":0.0,"gold_gain":0.0,"event_name":"Mysterious Sphere","player_choice":"Fight","floor":46.0,"gold_loss":0.0,"damage_taken":0.0}],"is_beta":false,"boss_relics":[{"not_picked":["Calling Bell","Orrery"],"picked":"Runic Pyramid"},{"not_picked":["White Beast Statue","Sozu"],"picked":"Fusion Hammer"}],"items_purged_floors":[11,37],"is_endless":false,"potions_floor_spawned":[7,13,18,20,24,28,31,40,42,48],"killed_by":"Donu and Deca","ascension_level":20}