{"gold_per_floor":[117,131,62,75,86,86,86,86,86,111,111,111,149,149,149,279,279,299,299,183,207,225,225,225,250,250,49,49,89,89,102,102,231,231,249,262,113,113,136,136,36,336,414,439,167,167,187,218,218,218],"floor_reached":51,"playtime":1759,"items_purged":["Strike_B","Strike_B","Strike_B"],"score":845,"play_id":"5964fe1a-e8d9-4531-9a7d-c9274af8e160","local_time":"20190311220550","is_ascension_mode":false,"campfire_choices":[{"data":"Defragment","floor":6.0,"key":"SMITH"},{"data":"Zap","floor":8.0,"key":"SMITH"},{"data":"Dualcast","floor":11.0,"key":"SMITH"},{"data":"Go for the Eyes","floor":15.0,"key":"SMITH"},{"data":"Defragment","floor":24,"key":"SMITH"},{"data":"Capacitor","floor":30,"key":"SMITH"},{"data":"Capacitor","floor":32,"key":"SMITH"},{"data":"Defragment","floor":40,"key":"SMITH"},{"floor":49,"key":"REST"}],"neow_cost":"NONE","seed_source_timestamp":339105781431524,"circlet_count":0,"master_deck":["Strike_B","Defend_B","Defend_B","Defend_B","Zap+1","Dualcast+1","Defragment+1","BootSequence","Capacitor+1","Coolheaded","Echo Form+1","Defragment+1","Undo","Ball Lightning","Conserve Battery","Capacitor+1","Leap+1","Go for the Eyes+1","Chill+1","Rainbow","Defragment+1","FTL+1","Purity","Defragment+1"],"special_seed":0,"relics":["Cracked Core","Golden Idol","Dream Catcher","Pear","Pocketwatch","Orrery","DataDisk","Mercury Hourglass","Lee\u0027s Waffle","Bronze Scales","Philosopher\u0027s Stone","Old Coin","Kunai","Lantern","Smiling Mask"],"potions_floor_usage":[50,50,50],"damage_taken":[{"damage":5.0,"enemies":"2 Louse","floor":1.0,"turns":2.0},{"damage":4.0,"enemies":"Jaw Worm","floor":2.0,"turns":4.0},{"damage":0.0,"enemies":"Cultist","floor":4.0,"turns":5.0},{"damage":0.0,"enemies":"Looter","floor":5.0,"turns":3.0},{"damage":16.0,"enemies":"Exordium Wildlife","floor":10.0,"turns":5.0},{"damage":6.0,"enemies":"Lagavulin","floor":13.0,"turns":7.0},{"damage":17.0,"enemies":"Hexaghost","floor":16.0,"turns":11.0},{"damage":7,"enemies":"Spheric Guardian","floor":18,"turns":5},{"damage":2,"enemies":"Shell Parasite","floor":21,"turns":7},{"damage":6,"enemies":"Sentry and Sphere","floor":22,"turns":6},{"damage":8,"enemies":"Snake Plant","floor":25,"turns":5},{"damage":16,"enemies":"Gremlin Leader","floor":29,"turns":10},{"damage":0,"enemies":"Centurion and Healer","floor":31,"turns":9},{"damage":0,"enemies":"Champ","floor":33,"turns":12},{"damage":0,"enemies":"Orb Walker","floor":35,"turns":4},{"damage":20,"enemies":"3 Darklings","floor":36,"turns":6},{"damage":7,"enemies":"Jaw Worm Horde","floor":39,"turns":6},{"damage":6,"enemies":"Sphere and 2 Shapes","floor":44,"turns":5},{"damage":10,"enemies":"4 Shapes","floor":47,"turns":3},{"damage":0,"enemies":"Giant Head","floor":48,"turns":7},{"damage":13,"enemies":"Donu and Deca","floor":50,"turns":8}],"seed_played":"-3551547375525246775","potions_obtained":[{"floor":2.0,"key":"Block Potion"},{"floor":13.0,"key":"PowerPotion"},{"floor":25,"key":"Ancient Potion"},{"floor":33,"key":"Strength Potion"},{"floor":47,"key":"PowerPotion"}],"is_trial":false,"path_per_floor":["M","M","$","M","M","R","?","R","T","M","R","?","E","?","R","B",null,"M","?","$","M","M","?","R","M","T","$","?","E","R","M","R","B",null,"M","M","$","?","M","R","$","T","T","M","$","?","M","E","R","B",null],"character_chosen":"DEFECT","items_purchased":["Capacitor","Conserve Battery","Capacitor","Lee\u0027s Waffle","FocusPotion","Lantern"],"campfire_rested":1,"item_purchase_floors":[3,20,20,27,37,45],"current_hp_per_floor":[77,73,73,73,73,73,53,53,53,37,37,42,46,34,34,17,97,90,90,90,88,82,82,82,74,74,104,104,88,88,88,88,88,104,104,84,84,84,77,77,77,77,77,71,71,71,61,61,92,79],"gold":218,"neow_bonus":"TEN_PERCENT_HP_BONUS","is_prod":false,"is_daily":false,"chose_seed":false,"campfire_upgraded":8,"win_rate":0,"timestamp":1552341950,"path_taken":["M","M","$","M","M","R","?","R","T","M","R","?","E","?","R","BOSS","M","?","$","M","?","?","R","M","T","$","?","E","R","M","R","BOSS","M","M","?","?","M","R","$","?","T","M","$","?","?","E","R","BOSS"],"build_version":"2019-01-23","purchased_purges":3,"victory":true,"max_hp_per_floor":[82,82,82,82,82,82,82,82,82,82,82,87,97,97,97,97,97,97,97,97,97,97,97,97,97,97,104,104,104,104,104,104,104,104,104,104,104,104,104,104,104,104,104,104,104,104,104,104,104,104],"card_choices":[{"not_picked":["Stack","Go for the Eyes"],"picked":"Defragment","floor":1.0},{"not_picked":["Blizzard","Gash"],"picked":"BootSequence","floor":2.0},{"not_picked":["Leap","Hello World","Tempest"],"picked":"SKIP","floor":4.0},{"not_picked":["Turbo","Sweeping Beam"],"picked":"Go for the Eyes","floor":5.0},{"not_picked":["Chaos","Barrage","Aggregate"],"picked":"SKIP","floor":10.0},{"not_picked":["Cold Snap","Stack"],"picked":"Coolheaded","floor":13.0},{"not_picked":["Seek","Meteor Strike"],"picked":"Echo Form","floor":16.0},{"not_picked":["Glacier","Scrape"],"picked":"Defragment","floor":17},{"not_picked":["Redo","Ball Lightning"],"picked":"Undo","floor":17},{"not_picked":["Steam","Rebound+1"],"picked":"Ball Lightning","floor":18},{"not_picked":["Redo","Aggregate"],"picked":"Leap+1","floor":21},{"not_picked":["Leap","Gash"],"picked":"Go for the Eyes+1","floor":22},{"not_picked":["Thunder Strike","Turbo"],"picked":"Chill+1","floor":25},{"not_picked":["Blizzard","Storm","Conserve Battery"],"picked":"SKIP","floor":29},{"not_picked":["Reinforced Body","Steam+1","Hologram"],"picked":"SKIP","floor":31},{"not_picked":["Thunder Strike","Hyperbeam"],"picked":"Rainbow","floor":33},{"not_picked":["Auto Shields","Steam+1","Reprogram"],"picked":"SKIP","floor":35},{"not_picked":["Beam Cell+1","Streamline","Sunder"],"picked":"SKIP","floor":36},{"not_picked":["Gash+1","Stack+1"],"picked":"Defragment","floor":39},{"not_picked":["Steam Power+1","Force Field+1"],"picked":"FTL+1","floor":44},{"not_picked":["Coolheaded+1","Undo+1","Streamline+1"],"picked":"SKIP","floor":47},{"not_picked":["Cold Snap+1","Steam+1","Loop"],"picked":"SKIP","floor":48},{"not_picked":["Cold Snap+1","Darkness+1"],"picked":"Defragment+1","floor":49}],"player_experience":1102764,"relics_obtained":[{"floor":9.0,"key":"Dream Catcher"},{"floor":13.0,"key":"Pear"},{"floor":26,"key":"Mercury Hourglass"},{"floor":29,"key":"Bronze Scales"},{"floor":42,"key":"Old Coin"},{"floor":43,"key":"Kunai"},{"floor":48,"key":"Smiling Mask"}],"event_choices":[{"damage_healed":0.0,"max_hp_gain":0.0,"max_hp_loss":0.0,"gold_gain":0.0,"event_name":"Golden Idol","player_choice":"Take Damage","floor":7.0,"gold_loss":0.0,"damage_taken":20.0,"relics_obtained":["Golden Idol"]},{"damage_healed":0.0,"max_hp_gain":5.0,"max_hp_loss":0.0,"gold_gain":0.0,"event_name":"Big Fish","player_choice":"Donut","floor":12.0,"gold_loss":0.0,"damage_taken":0.0},{"damage_healed":0.0,"max_hp_gain":0.0,"max_hp_loss":0.0,"gold_gain":0.0,"event_name":"Scrap Ooze","player_choice":"Success","floor":14.0,"gold_loss":0.0,"damage_taken":12.0,"relics_obtained":["Pocketwatch"]},{"damage_healed":0,"gold_gain":0,"player_choice":"Gave Potion","damage_taken":0,"relics_obtained":["DataDisk"],"max_hp_gain":0,"max_hp_loss":0,"event_name":"WeMeetAgain","floor":19,"gold_loss":0},{"damage_healed":0,"gold_gain":0,"player_choice":"Ignored","damage_taken":0,"max_hp_gain":0,"max_hp_loss":0,"event_name":"Beggar","floor":23,"gold_loss":0},{"damage_healed":0,"gold_gain":0,"player_choice":"Forge","damage_taken":0,"max_hp_gain":0,"max_hp_loss":0,"event_name":"Accursed Blacksmith","floor":28,"gold_loss":0,"cards_upgraded":["Echo Form"]},{"cards_removed":["Go for the Eyes"],"damage_healed":0,"gold_gain":0,"player_choice":"Removed Attack","damage_taken":0,"max_hp_gain":0,"max_hp_loss":0,"event_name":"Falling","floor":38,"gold_loss":0},{"cards_removed":["Defend_B"],"damage_healed":0,"gold_gain":0,"player_choice":"Took Card","damage_taken":0,"max_hp_gain":0,"max_hp_loss":0,"event_name":"NoteForYourself","floor":46,"gold_loss":0,"cards_obtained":["Purity"]}],"is_beta":false,"boss_relics":[{"not_picked":["Snecko Eye","Sozu"],"picked":"Orrery"},{"not_picked":["Pandora\u0027s Box","Empty Cage"],"picked":"Philosopher\u0027s Stone"}],"items_purged_floors":[37,41,45],"is_endless":false,"potions_floor_spawned":[2,13,25,33,47,48],"ascension_level":0}