{"gold_per_floor":[114,132,151,162,177,177,208,208,254,254,254,254,286,343,343,439,439,459,492,507,314,314,343,343,355,408,408,421,438,438,458,458,458],"floor_reached":33,"playtime":1229,"items_purged":[],"score":302,"play_id":"87926c5a-a6ff-4255-a337-45a9b7decaea","local_time":"20190315231720","is_ascension_mode":false,"campfire_choices":[{"data":"Melter","floor":6.0,"key":"SMITH"},{"data":"Zap","floor":8.0,"key":"SMITH"},{"data":"Dualcast","floor":10.0,"key":"SMITH"},{"data":"Coolheaded","floor":12.0,"key":"SMITH"},{"floor":15.0,"key":"REST"},{"data":"Rainbow","floor":24,"key":"SMITH"},{"data":"Conserve Battery","floor":27,"key":"SMITH"},{"data":"Conserve Battery","floor":30,"key":"SMITH"},{"data":"Undo","floor":32,"key":"SMITH"}],"neow_cost":"NONE","seed_source_timestamp":689536049881657,"circlet_count":0,"master_deck":["Strike_B","Strike_B","Strike_B","Strike_B","Defend_B","Defend_B","Defend_B","Defend_B","Zap+1","Dualcast+1","Undo+1","Melter+1","Coolheaded+1","Conserve Battery+1","Rainbow+1","Conserve Battery+1","Steam+1","Conserve Battery+1","Chill"],"special_seed":0,"relics":["Cracked Core","Ancient Tea Set","DataDisk","Vajra","Singing Bowl","Dream Catcher","Orrery","Red Mask","Lee\u0027s Waffle","Potion Belt","Tiny Chest"],"potions_floor_usage":[19,19,31,33],"damage_taken":[{"damage":0.0,"enemies":"2 Louse","floor":1.0,"turns":2.0},{"damage":3.0,"enemies":"Jaw Worm","floor":2.0,"turns":5.0},{"damage":3.0,"enemies":"Small Slimes","floor":3.0,"turns":3.0},{"damage":1.0,"enemies":"2 Fungi Beasts","floor":4.0,"turns":5.0},{"damage":2.0,"enemies":"Blue Slaver","floor":5.0,"turns":6.0},{"damage":29.0,"enemies":"3 Sentries","floor":7.0,"turns":9.0},{"damage":14.0,"enemies":"Gremlin Nob","floor":13.0,"turns":4.0},{"damage":14.0,"enemies":"Slime Boss","floor":16.0,"turns":11.0},{"damage":6.0,"enemies":"3 Byrds","floor":18.0,"turns":5.0},{"damage":21,"enemies":"Masked Bandits","floor":19,"turns":5},{"damage":3,"enemies":"Chosen","floor":20,"turns":6},{"damage":25,"enemies":"Slavers","floor":23,"turns":6},{"damage":0,"enemies":"Shelled Parasite and Fungi","floor":25,"turns":6},{"damage":1,"enemies":"Sentry and Sphere","floor":28,"turns":3},{"damage":7,"enemies":"Centurion and Healer","floor":29,"turns":5},{"damage":0,"enemies":"3 Cultists","floor":31,"turns":7},{"damage":65,"enemies":"Automaton","floor":33,"turns":16}],"seed_played":"3182345933294018730","potions_obtained":[{"floor":1.0,"key":"EssenceOfSteel"},{"floor":3.0,"key":"SteroidPotion"},{"floor":5.0,"key":"Block Potion"},{"floor":7.0,"key":"Ancient Potion"},{"floor":23,"key":"Explosive Potion"},{"floor":25,"key":"EssenceOfSteel"}],"is_trial":false,"path_per_floor":["M","M","M","M","M","R","E","R","T","R","?","R","E","?","R","B",null,"M","?","M","$","?","E","R","M","T","R","M","M","R","M","R","B"],"character_chosen":"DEFECT","items_purchased":["Lee\u0027s Waffle"],"campfire_rested":1,"item_purchase_floors":[21],"current_hp_per_floor":[75,72,69,68,66,66,37,37,37,37,19,19,5,5,29,15,85,79,60,57,94,94,69,69,71,71,71,72,67,67,69,69,4],"gold":458,"neow_bonus":"RANDOM_COMMON_RELIC","is_prod":false,"is_daily":false,"chose_seed":false,"campfire_upgraded":8,"win_rate":0,"timestamp":1552691840,"path_taken":["M","M","M","M","M","R","E","R","T","R","?","R","E","?","R","BOSS","M","?","M","$","?","E","R","M","T","R","M","M","R","M","R","BOSS"],"build_version":"2019-01-23","purchased_purges":0,"victory":false,"max_hp_per_floor":[75,75,75,75,75,75,75,75,75,75,75,75,75,75,77,77,85,85,87,87,94,94,94,94,96,96,96,98,100,100,102,102,102],"card_choices":[{"not_picked":["Self Repair","Hologram"],"picked":"Undo","floor":1.0},{"not_picked":["Reinforced Body","Double Energy","Steam Power"],"picked":"SKIP","floor":2.0},{"not_picked":["Double Energy","Redo","Beam Cell"],"picked":"SKIP","floor":3.0},{"not_picked":["Steam","Rebound"],"picked":"Melter","floor":4.0},{"not_picked":["Coolheaded","Rebound","Aggregate"],"picked":"SKIP","floor":5.0},{"not_picked":["Turbo","Go for the Eyes"],"picked":"Coolheaded","floor":7.0},{"not_picked":["Darkness","Skim"],"picked":"Conserve Battery","floor":13.0},{"not_picked":["Redo","Leap","Barrage"],"picked":"Singing Bowl","floor":15.0},{"not_picked":["Reboot","Multi-Cast"],"picked":"Rainbow","floor":16.0},{"not_picked":["Storm","Steam","Self Repair"],"picked":"Singing Bowl","floor":17.0},{"not_picked":["Hologram","Gash","Sweeping Beam"],"picked":"Singing Bowl","floor":17.0},{"not_picked":["Consume","Scrape","Reinforced Body"],"picked":"Singing Bowl","floor":17.0},{"not_picked":["Steam","Stack"],"picked":"Conserve Battery","floor":17.0},{"not_picked":["Lockon","Sweeping Beam","Sunder"],"picked":"Singing Bowl","floor":17.0},{"not_picked":["Redo","Gash+1"],"picked":"Steam+1","floor":18.0},{"not_picked":["Chaos","Reinforced Body+1","Stack"],"picked":"Singing Bowl","floor":19},{"not_picked":["Blizzard","Gash"],"picked":"Conserve Battery+1","floor":20},{"not_picked":["FTL","Coolheaded"],"picked":"Chill","floor":23},{"not_picked":["Hologram","Rebound+1","Storm"],"picked":"Singing Bowl","floor":25},{"not_picked":["Rebound","Rip and Tear+1","Steam+1"],"picked":"Singing Bowl","floor":28},{"not_picked":["Skim","Steam","Redo"],"picked":"Singing Bowl","floor":29},{"not_picked":["Double Energy","Coolheaded","Consume"],"picked":"Singing Bowl","floor":31}],"player_experience":1115013,"relics_obtained":[{"floor":7.0,"key":"DataDisk"},{"floor":9.0,"key":"Vajra"},{"floor":13.0,"key":"Dream Catcher"},{"floor":19,"key":"Red Mask"},{"floor":23,"key":"Potion Belt"},{"floor":26,"key":"Tiny Chest"}],"event_choices":[{"damage_healed":0.0,"max_hp_gain":0.0,"max_hp_loss":0.0,"gold_gain":0.0,"event_name":"Scrap Ooze","player_choice":"Success","floor":11.0,"gold_loss":0.0,"damage_taken":18.0,"relics_obtained":["Singing Bowl"]},{"damage_healed":0.0,"max_hp_gain":0.0,"max_hp_loss":0.0,"gold_gain":57.0,"event_name":"Golden Wing","player_choice":"Gained Gold","floor":14.0,"gold_loss":0.0,"damage_taken":0.0},{"damage_healed":0,"gold_gain":0,"player_choice":"Fought Bandits","damage_taken":0,"max_hp_gain":0,"max_hp_loss":0,"event_name":"Masked Bandits","floor":19,"gold_loss":0},{"damage_healed":0,"gold_gain":0,"player_choice":"Ignored","damage_taken":0,"max_hp_gain":0,"max_hp_loss":0,"event_name":"Ghosts","floor":22,"gold_loss":0}],"is_beta":false,"boss_relics":[{"not_picked":["Empty Cage","Lizard Tail"],"picked":"Orrery"}],"items_purged_floors":[],"is_endless":false,"potions_floor_spawned":[1,3,5,7,23,25],"killed_by":"Automaton","ascension_level":0}