{"gold_per_floor":[115,135,147,147,166,198,198,224,224,1,34,49,65,99,99,196,196,214,230,80,90,104,137,137,164,164,174,188,214,214,226,226,322,322,339,359,359,408,43,43,63,63,63,63,93,113,123,123,123,123],"floor_reached":51,"playtime":4619,"items_purged":["Strike_B"],"score":1125,"play_id":"cbae71cf-5129-429a-870e-9ea91a0475f6","local_time":"20190618002155","is_ascension_mode":true,"campfire_choices":[{"data":"Coolheaded","floor":7,"key":"SMITH"},{"data":"1","floor":15,"key":"LIFT"},{"data":"Consume","floor":24,"key":"SMITH"},{"data":"Defragment","floor":32,"key":"SMITH"},{"data":"Defend_B","floor":40,"key":"PURGE"},{"data":"Strike_B","floor":42,"key":"PURGE"},{"data":"Machine Learning","floor":49,"key":"SMITH"}],"neow_cost":"NONE","seed_source_timestamp":19007228334571,"circlet_count":0,"master_deck":["Strike_B","Strike_B","Defend_B","Defend_B+1","Zap","Dualcast+1","Coolheaded+1","Cold Snap","Redo","Double Energy","Melter","BootSequence","Loop","Glacier","Machine Learning+1","Coolheaded","Doom and Gloom","Coolheaded+1","FTL+1","Darkness+1","Chill+1","Double Energy+1","Defragment+1","Consume+1","Buffer","Loop+1","Chill+1","Blizzard+1","Cold Snap+1","Heatsinks","Coolheaded+1","Cold Snap+1","Doom and Gloom+1","Blizzard+1"],"relics":["Coffee Dripper","Oddly Smooth Stone","Mummified Hand","Prayer Wheel","Girya","Nunchaku","Inserter","DataDisk","Singing Bowl","Art of War","Pocketwatch","Unceasing Top","Philosopher\u0027s Stone","Gambling Chip","Peace Pipe","War Paint","Potion Belt"],"potions_floor_usage":[11,13,14,16,25,27,29,33,38,50],"damage_taken":[{"damage":10,"enemies":"Small Slimes","floor":1,"turns":3},{"damage":0,"enemies":"Cultist","floor":2,"turns":3},{"damage":0,"enemies":"Jaw Worm","floor":3,"turns":3},{"damage":8,"enemies":"Large Slime","floor":5,"turns":6},{"damage":22,"enemies":"3 Sentries","floor":6,"turns":9},{"damage":13,"enemies":"Lagavulin","floor":8,"turns":9},{"damage":0,"enemies":"3 Sentries","floor":11,"turns":12},{"damage":0,"enemies":"Red Slaver","floor":12,"turns":4},{"damage":4,"enemies":"3 Louse","floor":13,"turns":4},{"damage":20,"enemies":"Gremlin Nob","floor":14,"turns":6},{"damage":3,"enemies":"Hexaghost","floor":16,"turns":11},{"damage":0,"enemies":"Chosen","floor":18,"turns":6},{"damage":0,"enemies":"Spheric Guardian","floor":19,"turns":4},{"damage":1,"enemies":"Snake Plant","floor":21,"turns":3},{"damage":0,"enemies":"Centurion and Healer","floor":22,"turns":8},{"damage":12,"enemies":"Slavers","floor":23,"turns":8},{"damage":16,"enemies":"Gremlin Leader","floor":25,"turns":7},{"damage":16,"enemies":"Cultist and Chosen","floor":27,"turns":7},{"damage":0,"enemies":"Sentry and Sphere","floor":28,"turns":3},{"damage":6,"enemies":"Book of Stabbing","floor":29,"turns":6},{"damage":0,"enemies":"3 Cultists","floor":31,"turns":6},{"damage":0,"enemies":"Collector","floor":33,"turns":16},{"damage":6,"enemies":"3 Shapes","floor":35,"turns":7},{"damage":0,"enemies":"Orb Walker","floor":36,"turns":5},{"damage":24,"enemies":"2 Orb Walkers","floor":38,"turns":6},{"damage":0,"enemies":"Sphere and 2 Shapes","floor":41,"turns":2},{"damage":0,"enemies":"Nemesis","floor":45,"turns":7},{"damage":0,"enemies":"4 Shapes","floor":46,"turns":3},{"damage":0,"enemies":"Spire Growth","floor":47,"turns":4},{"damage":0,"enemies":"Donu and Deca","floor":50,"turns":7}],"seed_played":"4808417374855843993","potions_obtained":[{"floor":5,"key":"LiquidBronze"},{"floor":8,"key":"FearPotion"},{"floor":12,"key":"SkillPotion"},{"floor":14,"key":"SteroidPotion"},{"floor":21,"key":"EntropicBrew"},{"floor":22,"key":"Energy Potion"},{"floor":28,"key":"PowerPotion"},{"floor":31,"key":"Poison Potion"},{"floor":36,"key":"Fire Potion"},{"floor":38,"key":"FocusPotion"},{"floor":46,"key":"Fire Potion"},{"floor":47,"key":"GamblersBrew"}],"is_trial":false,"path_per_floor":["M","M","M","?","M","E","R","E","T","$","E","M","M","E","R","B",null,"M","M","$","M","M","E","R","E","T","M","M","E","?","M","R","B",null,"M","M","?","?","$","R","M","R","T","?","E","M","M","?","R","B",null],"character_chosen":"DEFECT","items_purchased":["Loop","FocusPotion","DataDisk","Heatsinks","Peace Pipe"],"campfire_rested":0,"item_purchase_floors":[10,10,20,39,39],"current_hp_per_floor":[65,65,65,75,67,45,45,32,32,32,32,32,28,8,8,5,75,75,75,75,74,74,62,62,48,48,36,38,34,34,38,38,40,91,85,87,87,63,63,63,65,65,65,65,65,67,71,71,71,71],"gold":123,"neow_bonus":"BOSS_RELIC","is_prod":false,"is_daily":false,"chose_seed":false,"campfire_upgraded":4,"win_rate":0,"timestamp":1560831715,"path_taken":["M","M","M","?","M","E","R","E","T","$","E","M","?","E","R","BOSS","M","M","$","M","M","E","R","E","T","M","M","E","?","?","R","BOSS","M","M","?","?","$","R","?","R","T","?","E","M","?","?","R","BOSS"],"build_version":"2019-01-23","purchased_purges":1,"victory":true,"max_hp_per_floor":[75,75,75,75,75,75,75,75,75,75,75,75,75,75,75,75,75,75,75,75,75,75,75,75,77,77,81,83,85,85,89,89,91,91,91,93,88,88,88,88,90,90,90,90,90,92,96,96,96,96],"card_choices":[{"not_picked":["Sweeping Beam","Beam Cell"],"picked":"Coolheaded","floor":1},{"not_picked":["Streamline","Ball Lightning"],"picked":"Cold Snap","floor":2},{"not_picked":["Turbo","Multi-Cast"],"picked":"Redo","floor":3},{"not_picked":["Stack","Sweeping Beam"],"picked":"Double Energy","floor":5},{"not_picked":["FTL","Ball Lightning"],"picked":"Melter","floor":6},{"not_picked":["Rebound","Consume"],"picked":"BootSequence","floor":8},{"not_picked":["Steam Power","Lockon"],"picked":"Glacier","floor":11},{"not_picked":["Compile Driver","Hello World"],"picked":"Machine Learning","floor":12},{"not_picked":["Ball Lightning","Reprogram","Melter"],"picked":"SKIP","floor":12},{"not_picked":["Sunder","Sweeping Beam"],"picked":"Coolheaded","floor":13},{"not_picked":["Stack","Hologram","FTL"],"picked":"SKIP","floor":13},{"not_picked":["Ball Lightning","Steam"],"picked":"Doom and Gloom","floor":14},{"not_picked":["FTL","Scrape"],"picked":"Coolheaded+1","floor":18},{"not_picked":["Sweeping Beam","Compile Driver+1","Streamline"],"picked":"SKIP","floor":18},{"not_picked":["Gash","Conserve Battery+1"],"picked":"FTL+1","floor":19},{"not_picked":["Streamline+1","Heatsinks"],"picked":"Darkness+1","floor":19},{"not_picked":["White Noise","Redo+1"],"picked":"Chill+1","floor":21},{"not_picked":["Lockon","Auto Shields+1","Double Energy"],"picked":"SKIP","floor":21},{"not_picked":["Streamline","Reinforced Body+1"],"picked":"Double Energy+1","floor":22},{"not_picked":["Barrage","Self Repair"],"picked":"Defragment","floor":22},{"not_picked":["Tempest+1","Steam"],"picked":"Consume","floor":23},{"not_picked":["Rip and Tear","Reprogram","Amplify"],"picked":"Singing Bowl","floor":25},{"not_picked":["Darkness","Go for the Eyes","Rebound"],"picked":"Singing Bowl","floor":27},{"not_picked":["Cold Snap","Leap","Stack"],"picked":"Singing Bowl","floor":27},{"not_picked":["Beam Cell","Reinforced Body","Conserve Battery+1"],"picked":"Singing Bowl","floor":28},{"not_picked":["Sweeping Beam+1","Chaos"],"picked":"Buffer","floor":28},{"not_picked":["Barrage","BootSequence+1","Undo"],"picked":"Singing Bowl","floor":29},{"not_picked":["Beam Cell+1","Leap","Steam Power+1"],"picked":"Singing Bowl","floor":31},{"not_picked":["Compile Driver","Rip and Tear","Go for the Eyes"],"picked":"Singing Bowl","floor":31},{"not_picked":["Rainbow","Amplify","Electrodynamics"],"picked":"Singing Bowl","floor":33},{"not_picked":["Turbo+1","Conserve Battery"],"picked":"Loop+1","floor":35},{"not_picked":["Steam","Go for the Eyes"],"picked":"Chill+1","floor":35},{"not_picked":["Streamline+1","Leap"],"picked":"Blizzard+1","floor":36},{"not_picked":["Rebound+1","Fission","Streamline"],"picked":"Singing Bowl","floor":36},{"not_picked":["Scrape+1","Aggregate+1"],"picked":"Cold Snap+1","floor":38},{"not_picked":["Stack","Conserve Battery","Self Repair"],"picked":"Singing Bowl","floor":41},{"not_picked":["Sweeping Beam+1","Streamline"],"picked":"Coolheaded+1","floor":41},{"not_picked":["Meteor Strike","Darkness"],"picked":"Cold Snap+1","floor":45},{"not_picked":["Cold Snap","Redo+1","Go for the Eyes"],"picked":"Singing Bowl","floor":46},{"not_picked":["Turbo","Streamline+1"],"picked":"Doom and Gloom+1","floor":46},{"not_picked":["Steam+1","Tempest+1","Rebound"],"picked":"Singing Bowl","floor":47},{"not_picked":["Cold Snap+1","Double Energy","Conserve Battery+1"],"picked":"Singing Bowl","floor":47}],"player_experience":420035,"relics_obtained":[{"floor":6,"key":"Oddly Smooth Stone"},{"floor":8,"key":"Mummified Hand"},{"floor":9,"key":"Prayer Wheel"},{"floor":11,"key":"Girya"},{"floor":14,"key":"Nunchaku"},{"floor":23,"key":"Singing Bowl"},{"floor":25,"key":"Art of War"},{"floor":26,"key":"Pocketwatch"},{"floor":29,"key":"Unceasing Top"},{"floor":38,"key":"Gambling Chip"},{"floor":43,"key":"War Paint"},{"floor":45,"key":"Potion Belt"}],"event_choices":[{"damage_healed":10,"gold_gain":0,"player_choice":"Full Heal","damage_taken":0,"max_hp_gain":0,"max_hp_loss":0,"event_name":"Wheel of Change","floor":4,"gold_loss":0},{"damage_healed":0,"gold_gain":0,"player_choice":"Ignored","damage_taken":0,"max_hp_gain":0,"max_hp_loss":0,"event_name":"N\u0027loth","floor":30,"gold_loss":0},{"damage_healed":0,"gold_gain":0,"player_choice":"Max HP","damage_taken":0,"max_hp_gain":0,"max_hp_loss":5,"event_name":"Winding Halls","floor":37,"gold_loss":0},{"damage_healed":0,"gold_gain":0,"player_choice":"Fight","damage_taken":0,"max_hp_gain":0,"max_hp_loss":0,"event_name":"Mysterious Sphere","floor":38,"gold_loss":0},{"cards_removed":["Defend_B"],"damage_healed":0,"gold_gain":0,"player_choice":"Purged","damage_taken":0,"max_hp_gain":0,"max_hp_loss":0,"event_name":"Purifier","floor":44,"gold_loss":0},{"damage_healed":0,"gold_gain":0,"player_choice":"Copied","damage_taken":0,"max_hp_gain":0,"max_hp_loss":0,"event_name":"Duplicator","floor":48,"gold_loss":0,"cards_obtained":["Blizzard"]}],"is_beta":false,"boss_relics":[{"not_picked":["Calling Bell","Astrolabe"],"picked":"Inserter"},{"not_picked":["Lizard Tail","White Beast Statue"],"picked":"Philosopher\u0027s Stone"}],"items_purged_floors":[10],"is_endless":false,"potions_floor_spawned":[5,8,12,14,21,22,23,28,31,36,38,46,47],"ascension_level":4}