{"gold_per_floor":[114,114,289,214,214,234,208,208,208,224,224,242,283,298,298,298],"floor_reached":16,"playtime":310,"items_purged":["Doubt"],"score":100,"play_id":"dfa33647-8a90-41b5-91d7-fa1c67682d1a","local_time":"20190527013115","is_ascension_mode":false,"campfire_choices":[{"data":"Dualcast","floor":8,"key":"SMITH"},{"data":"Strike_B","floor":15,"key":"SMITH"}],"neow_cost":"NONE","seed_source_timestamp":3124243135201534,"circlet_count":0,"master_deck":["Strike_B","Strike_B","Strike_B+1","Strike_B","Defend_B","Defend_B","Defend_B","Defend_B","Zap","Dualcast+1","Conserve Battery","BootSequence","Defragment","Stack"],"special_seed":0,"relics":["Cracked Core","Golden Idol","Nunchaku","Omamori"],"potions_floor_usage":[],"damage_taken":[{"damage":0.0,"enemies":"Small Slimes","floor":1.0,"turns":3.0},{"damage":11,"enemies":"Jaw Worm","floor":6,"turns":3},{"damage":0,"enemies":"Cultist","floor":10,"turns":3},{"damage":6,"enemies":"2 Fungi Beasts","floor":12,"turns":3},{"damage":19,"enemies":"3 Sentries","floor":13,"turns":10},{"damage":11,"enemies":"Gremlin Gang","floor":14,"turns":5},{"damage":0,"enemies":"The Guardian","floor":16,"turns":1}],"seed_played":"-8695931338901715812","potions_obtained":[{"floor":13,"key":"Ancient Potion"},{"floor":14,"key":"FearPotion"}],"is_trial":false,"path_per_floor":["M","$","?","$","?","M","$","R","T","M","?","M","E","M","R","B"],"character_chosen":"DEFECT","items_purchased":["Conserve Battery"],"campfire_rested":0,"item_purchase_floors":[7],"current_hp_per_floor":[82,82,82,82,62,51,51,51,51,51,51,45,26,15,15,15],"gold":298,"neow_bonus":"TEN_PERCENT_HP_BONUS","is_prod":false,"is_daily":false,"chose_seed":false,"campfire_upgraded":2,"win_rate":0,"timestamp":1558917075,"path_taken":["M","$","?","$","?","M","?","R","T","?","?","?","E","M","R","BOSS"],"build_version":"2019-01-23","purchased_purges":1,"victory":false,"max_hp_per_floor":[82,82,82,82,82,82,82,82,82,82,82,82,82,82,82,82],"card_choices":[{"not_picked":["Rebound","Stack","Beam Cell"],"picked":"SKIP","floor":1.0},{"not_picked":["Barrage","Force Field","Streamline"],"picked":"SKIP","floor":6},{"not_picked":["Conserve Battery","Scrape","Self Repair"],"picked":"SKIP","floor":10},{"not_picked":["White Noise","Coolheaded"],"picked":"BootSequence","floor":12},{"not_picked":["Melter","Aggregate"],"picked":"Defragment","floor":13},{"not_picked":["Self Repair","Doom and Gloom"],"picked":"Stack","floor":14}],"player_experience":1260209,"relics_obtained":[{"floor":9,"key":"Nunchaku"},{"floor":13,"key":"Omamori"}],"event_choices":[{"damage_healed":0.0,"max_hp_gain":0.0,"max_hp_loss":0.0,"gold_gain":175.0,"event_name":"Liars Game","player_choice":"AGREE","floor":3.0,"gold_loss":0.0,"damage_taken":0.0,"cards_obtained":["Doubt"]},{"damage_healed":0.0,"max_hp_gain":0.0,"max_hp_loss":0.0,"gold_gain":0.0,"event_name":"Golden Idol","player_choice":"Take Damage","floor":5.0,"gold_loss":0.0,"damage_taken":20.0,"relics_obtained":["Golden Idol"]},{"damage_healed":0,"gold_gain":0,"player_choice":"0 cards matched","damage_taken":0,"max_hp_gain":0,"max_hp_loss":0,"event_name":"Match and Keep!","floor":11,"gold_loss":0,"cards_obtained":[]}],"is_beta":false,"boss_relics":[],"items_purged_floors":[4],"is_endless":false,"potions_floor_spawned":[13,14],"killed_by":"The Guardian","ascension_level":0}