{"gold_per_floor":[114,129,143,95,111,111,127,127,151,169,198,211,65,65,65,169,169,183,283,283,192,208,233,233,233,233,195,242,258,271,291,291,388,388,408,408,408,96,109,136,136,168,168,192,207,207,207,227,227,227],"floor_reached":51,"playtime":1499,"items_purged":["Strike_B"],"score":752,"play_id":"e2a12db3-48ce-408c-9795-765276c99e02","local_time":"20190509205813","is_ascension_mode":false,"campfire_choices":[{"data":"Dualcast","floor":6.0,"key":"SMITH"},{"data":"Defragment","floor":8.0,"key":"SMITH"},{"data":"Capacitor","floor":15.0,"key":"SMITH"},{"data":"Thunder Strike","floor":24.0,"key":"SMITH"},{"data":"Capacitor","floor":32.0,"key":"SMITH"},{"data":"Echo Form","floor":41.0,"key":"SMITH"},{"floor":47.0,"key":"REST"},{"floor":49,"key":"REST"}],"neow_cost":"NONE","seed_source_timestamp":1637736846838634,"circlet_count":0,"master_deck":["Strike_B+1","Strike_B+1","Defend_B+1","Defend_B+1","Defend_B+1","Defend_B+1","Zap","Dualcast+1","Defragment+1","Conserve Battery+1","Ball Lightning","Electrodynamics","Capacitor+1","Thunder Strike+1","Glacier","Capacitor+1","BootSequence","Echo Form+1","Force Field+1","Coolheaded","Tempest+1","Blind"],"special_seed":0,"relics":["Cracked Core","Whetstone","Strawberry","War Paint","Sozu","Nunchaku","Sundial","Regal Pillow","Dream Catcher","Mummified Hand","Smiling Mask","DataDisk","Oddly Smooth Stone","Mango","Happy Flower","Anchor"],"potions_floor_usage":[],"damage_taken":[{"damage":1.0,"enemies":"Jaw Worm","floor":1.0,"turns":3.0},{"damage":0.0,"enemies":"2 Louse","floor":2.0,"turns":2.0},{"damage":0.0,"enemies":"Small Slimes","floor":3.0,"turns":4.0},{"damage":2.0,"enemies":"2 Fungi Beasts","floor":5.0,"turns":3.0},{"damage":8.0,"enemies":"Red Slaver","floor":7.0,"turns":2.0},{"damage":22.0,"enemies":"Exordium Thugs","floor":10.0,"turns":4.0},{"damage":14.0,"enemies":"Lagavulin","floor":11.0,"turns":5.0},{"damage":0.0,"enemies":"Blue Slaver","floor":12.0,"turns":3.0},{"damage":23.0,"enemies":"Hexaghost","floor":16.0,"turns":8.0},{"damage":8.0,"enemies":"Shell Parasite","floor":18.0,"turns":5.0},{"damage":11.0,"enemies":"Colosseum Slavers","floor":19.0,"turns":3.0},{"damage":5.0,"enemies":"Colosseum Nobs","floor":19.0,"turns":3.0},{"damage":0.0,"enemies":"3 Byrds","floor":22.0,"turns":2.0},{"damage":4.0,"enemies":"Slavers","floor":23.0,"turns":5.0},{"damage":0.0,"enemies":"Snake Plant","floor":29.0,"turns":4.0},{"damage":0.0,"enemies":"Cultist and Chosen","floor":30.0,"turns":3.0},{"damage":2.0,"enemies":"Shelled Parasite and Fungi","floor":31.0,"turns":5.0},{"damage":2.0,"enemies":"Champ","floor":33.0,"turns":11.0},{"damage":0.0,"enemies":"Orb Walker","floor":35.0,"turns":4.0},{"damage":0.0,"enemies":"3 Shapes","floor":39.0,"turns":3.0},{"damage":66.0,"enemies":"Reptomancer","floor":40.0,"turns":7.0},{"damage":4.0,"enemies":"Giant Head","floor":42.0,"turns":9.0},{"damage":18.0,"enemies":"3 Darklings","floor":45.0,"turns":3.0},{"damage":13,"enemies":"Writhing Mass","floor":48,"turns":6},{"damage":41,"enemies":"Time Eater","floor":50,"turns":13}],"seed_played":"-5044520958859479842","potions_obtained":[{"floor":3.0,"key":"Block Potion"},{"floor":10.0,"key":"Explosive Potion"},{"floor":16.0,"key":"Fire Potion"}],"is_trial":false,"path_per_floor":["M","M","M","$","M","R","M","R","T","M","E","M","$","?","R","B",null,"M","?","?","?","M","E","R","$","T","$","T","M","M","M","R","B",null,"M","?","?","$","M","E","R","E","T","T","M","?","R","M","R","B",null],"character_chosen":"DEFECT","items_purchased":["Ball Lightning","Capacitor","BootSequence","DataDisk","Oddly Smooth Stone"],"campfire_rested":2,"item_purchase_floors":[4,13,27,38,38],"current_hp_per_floor":[74,74,74,74,72,72,64,64,71,49,35,35,35,28,28,5,82,74,58,58,58,58,54,54,54,54,54,54,54,54,52,52,50,82,82,82,82,82,82,30,30,26,26,26,8,8,51,38,81,40],"gold":227,"neow_bonus":"RANDOM_COMMON_RELIC","is_prod":false,"is_daily":false,"chose_seed":false,"campfire_upgraded":6,"win_rate":0,"timestamp":1557431893,"path_taken":["M","M","M","$","M","R","M","R","T","M","E","M","$","?","R","BOSS","M","?","?","?","?","E","R","$","T","$","?","M","M","M","R","BOSS","M","?","?","$","M","E","R","E","T","?","?","?","R","M","R","BOSS"],"build_version":"2019-01-23","purchased_purges":1,"victory":true,"max_hp_per_floor":[75,75,75,75,75,75,75,75,82,82,82,82,82,82,82,82,82,82,82,82,82,82,82,82,82,82,82,82,82,82,82,82,82,82,82,82,82,82,82,96,96,96,96,96,96,96,96,96,96,96],"card_choices":[{"not_picked":["Cold Snap","Leap"],"picked":"Defragment","floor":1.0},{"not_picked":["Consume","Tempest","Stack"],"picked":"SKIP","floor":2.0},{"not_picked":["Cold Snap","Hologram"],"picked":"Conserve Battery","floor":3.0},{"not_picked":["Lockon","Double Energy","Ball Lightning"],"picked":"SKIP","floor":5.0},{"not_picked":["Hello World","Beam Cell","Gash"],"picked":"SKIP","floor":7.0},{"not_picked":["Force Field","Ball Lightning","Rebound"],"picked":"SKIP","floor":10.0},{"not_picked":["Stack","Aggregate","Steam"],"picked":"SKIP","floor":11.0},{"not_picked":["Conserve Battery","Aggregate"],"picked":"Electrodynamics","floor":12.0},{"not_picked":["Meteor Strike","Hyperbeam"],"picked":"Thunder Strike","floor":16.0},{"not_picked":["Go for the Eyes","Barrage"],"picked":"Coolheaded+1","floor":18.0},{"not_picked":["Redo","Barrage"],"picked":"Glacier","floor":22.0},{"not_picked":["Redo","Hello World"],"picked":"Capacitor","floor":23.0},{"not_picked":["Conserve Battery","Reinforced Body","Go for the Eyes"],"picked":"SKIP","floor":29.0},{"not_picked":["Streamline","Hyperbeam","Rebound"],"picked":"SKIP","floor":30.0},{"not_picked":["Gash","Loop","Hologram"],"picked":"SKIP","floor":31.0},{"not_picked":["Seek","Amplify"],"picked":"Echo Form","floor":33.0},{"not_picked":["Stack+1","Steam Power+1","Beam Cell"],"picked":"SKIP","floor":35.0},{"not_picked":["Consume+1","Streamline+1"],"picked":"Force Field+1","floor":39.0},{"not_picked":["Turbo+1","Reinforced Body+1"],"picked":"Coolheaded","floor":40.0},{"not_picked":["Consume+1","Static Discharge+1","Aggregate"],"picked":"SKIP","floor":42.0},{"not_picked":["Sunder+1","BootSequence"],"picked":"Tempest+1","floor":45.0},{"not_picked":["Dark Shackles","Panacea"],"picked":"Blind","floor":46.0},{"not_picked":["Conserve Battery+1","Aggregate+1","Go for the Eyes"],"picked":"SKIP","floor":48}],"player_experience":1227365,"relics_obtained":[{"floor":9.0,"key":"Strawberry"},{"floor":11.0,"key":"War Paint"},{"floor":19.0,"key":"Nunchaku"},{"floor":19.0,"key":"Sundial"},{"floor":23.0,"key":"Dream Catcher"},{"floor":26.0,"key":"Mummified Hand"},{"floor":28.0,"key":"Smiling Mask"},{"floor":40.0,"key":"Mango"},{"floor":42.0,"key":"Happy Flower"},{"floor":43.0,"key":"Anchor"}],"event_choices":[{"cards_removed":["Strike_B"],"damage_healed":0.0,"max_hp_gain":0.0,"max_hp_loss":0.0,"gold_gain":0.0,"event_name":"Golden Wing","player_choice":"Card Removal","floor":14.0,"gold_loss":0.0,"damage_taken":7.0},{"damage_healed":0.0,"max_hp_gain":0.0,"max_hp_loss":0.0,"gold_gain":0.0,"event_name":"Colosseum","player_choice":"Fight","floor":19.0,"gold_loss":0.0,"damage_taken":0.0},{"damage_healed":0.0,"max_hp_gain":0.0,"max_hp_loss":0.0,"gold_gain":0.0,"event_name":"Colosseum","player_choice":"Fought Nobs","floor":19.0,"gold_loss":0.0,"damage_taken":0.0},{"damage_healed":0.0,"max_hp_gain":0.0,"max_hp_loss":0.0,"gold_gain":0.0,"event_name":"Back to Basics","player_choice":"Simplicity","floor":20.0,"gold_loss":0.0,"damage_taken":0.0,"cards_upgraded":["Defend_B","Defend_B","Defend_B"]},{"damage_healed":0.0,"max_hp_gain":0.0,"max_hp_loss":0.0,"gold_gain":0.0,"event_name":"WeMeetAgain","player_choice":"Paid Gold","floor":21.0,"gold_loss":91.0,"damage_taken":0.0,"relics_obtained":["Regal Pillow"]},{"cards_removed":["Coolheaded"],"damage_healed":0.0,"max_hp_gain":0.0,"max_hp_loss":0.0,"gold_gain":0.0,"event_name":"Falling","player_choice":"Removed Skill","floor":36.0,"gold_loss":0.0,"damage_taken":0.0},{"damage_healed":0.0,"max_hp_gain":0.0,"max_hp_loss":0.0,"gold_gain":0.0,"event_name":"Tomb of Lord Red Mask","player_choice":"Ignored","floor":37.0,"gold_loss":0.0,"damage_taken":0.0},{"damage_healed":0.0,"max_hp_gain":0.0,"max_hp_loss":0.0,"gold_gain":0.0,"event_name":"SensoryStone","player_choice":"Memory 1","floor":46.0,"gold_loss":0.0,"damage_taken":0.0}],"is_beta":false,"boss_relics":[{"not_picked":["Runic Dome","Tiny House"],"picked":"Sozu"},{"not_picked":["Fusion Hammer","Astrolabe","Philosopher\u0027s Stone"]}],"items_purged_floors":[13],"is_endless":false,"potions_floor_spawned":[3,10,16,19,19,22,23,29,31,35,39,40,45],"ascension_level":0}