{"gold_per_floor":[215,215,234,245,207,207,232,261,288,288,132,132,145,155,155,257,257,268,282,282,296,312,312,325,325,351,351,363,380,380,305,305,409,409,419,437,337,347,366,366,366,366,446,457,332,332,242,276,276,276],"floor_reached":51,"playtime":1463,"items_purged":["Strike_B","Defend_B","Strike_B"],"score":729,"play_id":"fdbe333b-303b-4e6d-98b8-71f3fcf661ac","local_time":"20190602171000","is_ascension_mode":false,"campfire_choices":[{"data":"Sunder","floor":6.0,"key":"SMITH"},{"data":"Defragment","floor":10.0,"key":"SMITH"},{"data":"Zap","floor":12.0,"key":"SMITH"},{"data":"Melter","floor":15.0,"key":"SMITH"},{"data":"Defragment","floor":23.0,"key":"SMITH"},{"data":"Echo Form","floor":25.0,"key":"SMITH"},{"data":"Conserve Battery","floor":27.0,"key":"SMITH"},{"data":"Defend_B","floor":32.0,"key":"SMITH"},{"floor":40,"key":"REST"},{"data":"Ball Lightning","floor":42,"key":"SMITH"},{"data":"Defend_B","floor":46,"key":"SMITH"},{"floor":49,"key":"REST"}],"neow_cost":"NONE","seed_source_timestamp":0,"circlet_count":0,"master_deck":["Strike_B","Defend_B+1","Defend_B+1","Defend_B","Zap+1","Dualcast+1","BootSequence+1","Conserve Battery+1","Sunder+1","Defragment+1","Ball Lightning+1","Melter+1","Echo Form+1","Defragment+1","Chill","Fusion+1","Force Field+1","Glacier+1"],"special_seed":0,"relics":["Cracked Core","PreservedInsect","Odd Mushroom","Happy Flower","DataDisk","Eternal Feather","Oddly Smooth Stone","Inserter","Ornamental Fan","Question Card"],"potions_floor_usage":[33,33,38,50,50,50],"damage_taken":[{"damage":0.0,"enemies":"2 Louse","floor":1.0,"turns":2.0},{"damage":0.0,"enemies":"Jaw Worm","floor":3.0,"turns":2.0},{"damage":0.0,"enemies":"Small Slimes","floor":4.0,"turns":2.0},{"damage":19.0,"enemies":"Lagavulin","floor":7.0,"turns":5.0},{"damage":3.0,"enemies":"The Mushroom Lair","floor":8.0,"turns":3.0},{"damage":0.0,"enemies":"Looter","floor":13.0,"turns":1.0},{"damage":0.0,"enemies":"Exordium Wildlife","floor":14.0,"turns":2.0},{"damage":41.0,"enemies":"The Guardian","floor":16.0,"turns":8.0},{"damage":0.0,"enemies":"Spheric Guardian","floor":18.0,"turns":3.0},{"damage":10.0,"enemies":"3 Byrds","floor":19.0,"turns":3.0},{"damage":13.0,"enemies":"Snecko","floor":21.0,"turns":4.0},{"damage":15.0,"enemies":"Snake Plant","floor":22.0,"turns":4.0},{"damage":9.0,"enemies":"Shelled Parasite and Fungi","floor":24.0,"turns":5.0},{"damage":0.0,"enemies":"Centurion and Healer","floor":28.0,"turns":8.0},{"damage":15.0,"enemies":"Snecko","floor":29.0,"turns":5.0},{"damage":26,"enemies":"Automaton","floor":33,"turns":11},{"damage":12,"enemies":"Orb Walker","floor":35,"turns":4},{"damage":0,"enemies":"3 Shapes","floor":36,"turns":7},{"damage":32,"enemies":"Transient","floor":38,"turns":5},{"damage":7,"enemies":"3 Darklings","floor":39,"turns":5},{"damage":0,"enemies":"Sphere and 2 Shapes","floor":44,"turns":6},{"damage":26,"enemies":"Reptomancer","floor":48,"turns":8},{"damage":0,"enemies":"Time Eater","floor":50,"turns":12}],"seed_played":"7067371943440774461","potions_obtained":[{"floor":7.0,"key":"Fruit Juice"},{"floor":13.0,"key":"PowerPotion"},{"floor":16.0,"key":"Poison Potion"},{"floor":24.0,"key":"EssenceOfSteel"},{"floor":33,"key":"Poison Potion"},{"floor":36,"key":"GamblersBrew"},{"floor":39,"key":"FocusPotion"}],"is_trial":false,"path_per_floor":["M","?","M","M","$","R","E","?","T","R","$","R","M","M","R","B",null,"M","M","?","M","M","R","M","R","T","R","M","M","?","$","R","B",null,"M","M","$","M","M","R","?","R","T","M","$","R","?","E","R","B",null],"character_chosen":"DEFECT","items_purchased":["Sunder","DataDisk"],"campfire_rested":2,"item_purchase_floors":[5,11],"current_hp_per_floor":[75,75,75,75,75,75,56,58,58,58,58,58,58,58,58,17,80,80,70,70,57,42,51,42,54,54,66,66,51,51,51,63,37,80,68,68,68,36,29,65,65,77,77,77,77,80,80,54,80,80],"gold":276,"neow_bonus":"HUNDRED_GOLD","is_prod":false,"is_daily":false,"chose_seed":false,"campfire_upgraded":10,"win_rate":0,"timestamp":1559491800,"path_taken":["M","?","M","M","?","R","E","?","T","R","$","R","M","M","R","BOSS","M","M","?","M","M","R","M","R","T","R","M","M","?","$","R","BOSS","M","M","$","M","M","R","?","R","T","M","$","R","?","E","R","BOSS"],"build_version":"2019-01-23","purchased_purges":3,"victory":true,"max_hp_per_floor":[75,75,75,75,75,75,75,80,80,80,80,80,80,80,80,80,80,80,80,80,80,80,80,80,80,80,80,80,80,80,80,80,80,80,80,80,80,80,80,80,80,80,80,80,80,80,80,80,80,80],"card_choices":[{"not_picked":["Go for the Eyes","Rebound"],"picked":"BootSequence","floor":1.0},{"not_picked":["Reprogram","Streamline","Consume"],"picked":"SKIP","floor":3.0},{"not_picked":["Redo","Force Field"],"picked":"Conserve Battery","floor":4.0},{"not_picked":["Reboot","Storm","Cold Snap"],"picked":"SKIP","floor":7.0},{"not_picked":["Genetic Algorithm","Cold Snap"],"picked":"Defragment","floor":8.0},{"not_picked":["Doom and Gloom","Gash"],"picked":"Ball Lightning","floor":13.0},{"not_picked":["Streamline","Double Energy"],"picked":"Melter","floor":14.0},{"not_picked":["Fission","Core Surge"],"picked":"Echo Form","floor":16.0},{"not_picked":["Darkness","Hologram+1","Rebound"],"picked":"SKIP","floor":18.0},{"not_picked":["Doom and Gloom","Barrage"],"picked":"Defragment","floor":19.0},{"not_picked":["Compile Driver","Cold Snap","Melter"],"picked":"SKIP","floor":21.0},{"not_picked":["Hologram","Loop"],"picked":"Chill","floor":22.0},{"not_picked":["Ball Lightning","Conserve Battery"],"picked":"Fusion+1","floor":24.0},{"not_picked":["Auto Shields","Hologram+1"],"picked":"Force Field+1","floor":28.0},{"not_picked":["Turbo","Heatsinks+1","Cold Snap"],"picked":"SKIP","floor":29.0},{"not_picked":["Sweeping Beam","Gash+1"],"picked":"Glacier+1","floor":35},{"not_picked":["Glacier","Chill+1","Hologram"],"picked":"SKIP","floor":36},{"not_picked":["Rebound+1","Barrage","Melter"],"picked":"SKIP","floor":38},{"not_picked":["Cold Snap+1","Glacier","Redo"],"picked":"SKIP","floor":39},{"not_picked":["Streamline","Leap+1","Glacier"],"picked":"SKIP","floor":44},{"not_picked":["Beam Cell","Sweeping Beam+1","Compile Driver"],"picked":"SKIP","floor":48}],"player_experience":1273890,"relics_obtained":[{"floor":7.0,"key":"PreservedInsect"},{"floor":8.0,"key":"Odd Mushroom"},{"floor":9.0,"key":"Happy Flower"},{"floor":26.0,"key":"Oddly Smooth Stone"},{"floor":43,"key":"Ornamental Fan"},{"floor":48,"key":"Question Card"}],"event_choices":[{"damage_healed":0.0,"max_hp_gain":0.0,"max_hp_loss":0.0,"gold_gain":0.0,"event_name":"Living Wall","player_choice":"Grow","floor":2.0,"gold_loss":0.0,"damage_taken":0.0,"cards_upgraded":["Dualcast"]},{"damage_healed":0.0,"max_hp_gain":0.0,"max_hp_loss":0.0,"gold_gain":0.0,"event_name":"Mushrooms","player_choice":"Fought Mushrooms","floor":8.0,"gold_loss":0.0,"damage_taken":0.0},{"damage_healed":0.0,"max_hp_gain":0.0,"max_hp_loss":0.0,"gold_gain":0.0,"event_name":"Ghosts","player_choice":"Ignored","floor":20.0,"gold_loss":0.0,"damage_taken":0.0},{"damage_healed":0.0,"max_hp_gain":0.0,"max_hp_loss":0.0,"gold_gain":0.0,"event_name":"Cursed Tome","player_choice":"Ignored","floor":30.0,"gold_loss":0.0,"damage_taken":0.0},{"damage_healed":0,"gold_gain":0,"player_choice":"Memory 1","damage_taken":0,"max_hp_gain":0,"max_hp_loss":0,"event_name":"SensoryStone","floor":41,"gold_loss":0},{"cards_removed":["Strike_B"],"damage_healed":0,"gold_gain":0,"player_choice":"Upgrade and Remove","damage_taken":0,"max_hp_gain":0,"max_hp_loss":0,"event_name":"Designer","floor":47,"gold_loss":90,"cards_upgraded":["BootSequence"]}],"is_beta":false,"boss_relics":[{"not_picked":["Lizard Tail","Philosopher\u0027s Stone"],"picked":"Eternal Feather"},{"not_picked":["Runic Pyramid","Empty Cage"],"picked":"Inserter"}],"items_purged_floors":[31,37,45],"is_endless":false,"potions_floor_spawned":[7,13,16,24,28,33,36,39],"ascension_level":0}