{"gold_per_floor":[110,128,128,128,128,162,162,191,243,243,39,39,52,52,52,149,149,169,189,201,201,201,214,225,22,47,47,60,60,60,60,60,161,161,179,179,102,102,102,102,116,116,139,139,167,167,187,187,187,187],"floor_reached":51,"playtime":1305,"items_purged":["Strike_B"],"score":804,"play_id":"8333c63a-27a0-4abe-abb5-b6269dff794e","local_time":"20190607234419","is_ascension_mode":false,"campfire_choices":[{"data":"Ball Lightning","floor":7.0,"key":"SMITH"},{"data":"Defend_B","floor":12.0,"key":"SMITH"},{"data":"Echo Form","floor":15.0,"key":"SMITH"},{"data":"Dualcast","floor":32.0,"key":"SMITH"},{"data":"FTL","floor":42,"key":"SMITH"},{"data":"Electrodynamics","floor":44,"key":"SMITH"},{"data":"Defend_B","floor":46,"key":"SMITH"},{"floor":49,"key":"REST"}],"neow_cost":"NONE","seed_source_timestamp":786708373361869,"circlet_count":0,"master_deck":["Defend_B+1","Defend_B+1","Zap+1","Dualcast+1","Conserve Battery+1","FTL+1","Echo Form+1","Ball Lightning+1","Electrodynamics+1","Rainbow+1","Electrodynamics+1","Conserve Battery+1","Stack+1","Leap+1","Defragment+1","Auto Shields+1","Chill+1"],"special_seed":0,"relics":["Cracked Core","Bronze Scales","Pear","Smiling Mask","Juzu Bracelet","Pocketwatch","Whetstone","Astrolabe","Lantern","Strawberry","MutagenicStrength","Empty Cage","Orichalcum","Blood Vial","Mark of the Bloom"],"potions_floor_usage":[47,50,50,50],"damage_taken":[{"damage":1.0,"enemies":"Cultist","floor":1.0,"turns":3.0},{"damage":0.0,"enemies":"2 Louse","floor":2.0,"turns":2.0},{"damage":30.0,"enemies":"Gremlin Nob","floor":6.0,"turns":5.0},{"damage":13.0,"enemies":"3 Sentries","floor":8.0,"turns":5.0},{"damage":0.0,"enemies":"Small Slimes","floor":13.0,"turns":2.0},{"damage":0.0,"enemies":"Slime Boss","floor":16.0,"turns":5.0},{"damage":3.0,"enemies":"Chosen","floor":18.0,"turns":3.0},{"damage":12.0,"enemies":"Shell Parasite","floor":19.0,"turns":5.0},{"damage":10.0,"enemies":"Centurion and Healer","floor":20.0,"turns":4.0},{"damage":14.0,"enemies":"Snake Plant","floor":23.0,"turns":3.0},{"damage":2.0,"enemies":"Snecko","floor":24.0,"turns":4.0},{"damage":0.0,"enemies":"3 Cultists","floor":28.0,"turns":2.0},{"damage":7.0,"enemies":"Colosseum Slavers","floor":30.0,"turns":3.0},{"damage":36.0,"enemies":"Champ","floor":33.0,"turns":9.0},{"damage":7.0,"enemies":"3 Darklings","floor":35.0,"turns":3.0},{"damage":0.0,"enemies":"3 Shapes","floor":41.0,"turns":2.0},{"damage":0,"enemies":"Nemesis","floor":45,"turns":7},{"damage":22,"enemies":"Writhing Mass","floor":47,"turns":5},{"damage":25,"enemies":"Time Eater","floor":50,"turns":10}],"seed_played":"-6395264486270088084","potions_obtained":[{"floor":6.0,"key":"FearPotion"},{"floor":8.0,"key":"AttackPotion"},{"floor":16.0,"key":"LiquidBronze"},{"floor":18.0,"key":"Swift Potion"},{"floor":47,"key":"Swift Potion"}],"is_trial":false,"path_per_floor":["M","M","?","?","?","E","R","E","T","?","$","R","M","?","R","B",null,"M","M","M","$","?","M","M","$","T","T","M","?","?","?","R","B",null,"M","?","$","?","?","$","M","R","T","R","E","R","M","?","R","B",null],"character_chosen":"DEFECT","items_purchased":["Whetstone","Lantern","Leap","FocusPotion"],"campfire_rested":1,"item_purchase_floors":[11,25,25,37],"current_hp_per_floor":[81,81,81,78,78,58,58,45,45,45,45,45,45,27,27,27,92,89,77,67,67,67,53,51,51,58,58,58,58,51,51,51,15,99,92,92,92,92,92,92,92,92,92,92,92,92,72,72,72,47],"gold":187,"neow_bonus":"TEN_PERCENT_HP_BONUS","is_prod":false,"is_daily":false,"chose_seed":false,"campfire_upgraded":7,"win_rate":0,"timestamp":1559947459,"path_taken":["M","?","?","?","?","E","R","E","T","?","$","R","M","?","R","BOSS","M","M","M","$","?","M","M","$","T","?","M","?","?","?","R","BOSS","M","?","$","?","?","$","M","R","T","R","E","R","M","?","R","BOSS"],"build_version":"2019-01-23","purchased_purges":1,"victory":true,"max_hp_per_floor":[82,82,82,82,82,92,92,92,92,92,92,92,92,92,92,92,92,92,92,92,92,92,92,92,92,99,99,99,99,99,99,99,99,99,99,99,99,99,99,99,99,99,99,99,99,99,99,99,99,99],"card_choices":[{"not_picked":["Beam Cell","Chill"],"picked":"Conserve Battery","floor":1.0},{"not_picked":["Static Discharge","Doom and Gloom"],"picked":"FTL","floor":2.0},{"not_picked":["Multi-Cast","Barrage"],"picked":"Ball Lightning","floor":6.0},{"not_picked":["Coolheaded","Sweeping Beam","Conserve Battery"],"picked":"SKIP","floor":8.0},{"not_picked":["Ball Lightning","Reinforced Body","Skim"],"picked":"SKIP","floor":13.0},{"not_picked":["Hyperbeam","Creative AI"],"picked":"Electrodynamics","floor":16.0},{"not_picked":["Heatsinks","Barrage"],"picked":"Conserve Battery+1","floor":18.0},{"not_picked":["Blizzard","Doom and Gloom+1"],"picked":"Stack+1","floor":19.0},{"not_picked":["Rebound","Ball Lightning","Leap+1"],"picked":"SKIP","floor":20.0},{"not_picked":["Compile Driver","Sunder","Turbo"],"picked":"SKIP","floor":23.0},{"not_picked":["Gash","Turbo","Static Discharge"],"picked":"SKIP","floor":24.0},{"not_picked":["Leap","Turbo"],"picked":"Defragment+1","floor":28.0},{"not_picked":["Coolheaded","Self Repair"],"picked":"Auto Shields+1","floor":35.0},{"not_picked":["Conserve Battery","Barrage"],"picked":"Chill","floor":41},{"not_picked":["Reinforced Body+1","Loop+1","Rebound+1"],"picked":"SKIP","floor":45},{"not_picked":["Hello World+1","Double Energy","Stack"],"picked":"SKIP","floor":47}],"player_experience":1285673,"relics_obtained":[{"floor":6.0,"key":"Pear"},{"floor":8.0,"key":"Smiling Mask"},{"floor":9.0,"key":"Juzu Bracelet"},{"floor":26.0,"key":"Strawberry"},{"floor":43,"key":"Orichalcum"},{"floor":45,"key":"Blood Vial"}],"event_choices":[{"damage_healed":0.0,"max_hp_gain":0.0,"max_hp_loss":0.0,"gold_gain":0.0,"event_name":"Liars Game","player_choice":"Ignored","floor":3.0,"gold_loss":0.0,"damage_taken":0.0},{"damage_healed":0.0,"max_hp_gain":0.0,"max_hp_loss":0.0,"gold_gain":0.0,"event_name":"Scrap Ooze","player_choice":"Success","floor":4.0,"gold_loss":0.0,"damage_taken":3.0,"relics_obtained":["Bronze Scales"]},{"damage_healed":0.0,"max_hp_gain":0.0,"max_hp_loss":0.0,"gold_gain":0.0,"event_name":"Match and Keep!","player_choice":"1 cards matched","floor":5.0,"gold_loss":0.0,"damage_taken":0.0,"cards_obtained":["Echo Form"]},{"damage_healed":0.0,"max_hp_gain":0.0,"max_hp_loss":0.0,"gold_gain":0.0,"event_name":"Dead Adventurer","player_choice":"Searched \u00272\u0027 times","floor":10.0,"gold_loss":0.0,"damage_taken":0.0,"relics_obtained":["Pocketwatch"]},{"damage_healed":0.0,"max_hp_gain":0.0,"max_hp_loss":0.0,"gold_gain":0.0,"event_name":"Shining Light","player_choice":"Entered Light","floor":14.0,"gold_loss":0.0,"damage_taken":18.0,"cards_upgraded":["Zap","Conserve Battery"]},{"damage_healed":0.0,"max_hp_gain":0.0,"max_hp_loss":0.0,"gold_gain":0.0,"event_name":"Vampires","player_choice":"Ignored","floor":22.0,"gold_loss":0.0,"damage_taken":0.0},{"damage_healed":0.0,"max_hp_gain":0.0,"max_hp_loss":0.0,"gold_gain":0.0,"event_name":"Cursed Tome","player_choice":"Ignored","floor":29.0,"gold_loss":0.0,"damage_taken":0.0},{"damage_healed":0.0,"max_hp_gain":0.0,"max_hp_loss":0.0,"gold_gain":0.0,"event_name":"Colosseum","player_choice":"Fight","floor":30.0,"gold_loss":0.0,"damage_taken":0.0},{"damage_healed":0.0,"max_hp_gain":0.0,"max_hp_loss":0.0,"gold_gain":0.0,"event_name":"Colosseum","player_choice":"Fled From Nobs","floor":30.0,"gold_loss":0.0,"damage_taken":0.0},{"damage_healed":0.0,"max_hp_gain":0.0,"max_hp_loss":0.0,"gold_gain":0.0,"event_name":"Drug Dealer","player_choice":"Inject Mutagens","floor":31.0,"gold_loss":0.0,"damage_taken":0.0,"relics_obtained":["MutagenicStrength"]},{"damage_healed":0.0,"max_hp_gain":0.0,"max_hp_loss":0.0,"gold_gain":0.0,"event_name":"Mysterious Sphere","player_choice":"Ignored","floor":36.0,"gold_loss":0.0,"damage_taken":0.0},{"damage_healed":0.0,"max_hp_gain":0.0,"max_hp_loss":0.0,"gold_gain":0.0,"event_name":"Tomb of Lord Red Mask","player_choice":"Ignored","floor":38.0,"gold_loss":0.0,"damage_taken":0.0},{"cards_removed":["Compile Driver"],"damage_healed":0.0,"max_hp_gain":0.0,"max_hp_loss":0.0,"gold_gain":0.0,"event_name":"Falling","player_choice":"Removed Attack","floor":39.0,"gold_loss":0.0,"damage_taken":0.0},{"damage_healed":0,"gold_gain":0,"player_choice":"Upgrade","damage_taken":0,"relics_obtained":["Mark of the Bloom"],"max_hp_gain":0,"max_hp_loss":0,"event_name":"MindBloom","floor":48,"gold_loss":0,"cards_upgraded":["Defend_B","Leap","Chill"]}],"is_beta":false,"boss_relics":[{"not_picked":["Pandora\u0027s Box","Runic Pyramid"],"picked":"Astrolabe"},{"not_picked":["Snecko Eye","Velvet Choker"],"picked":"Empty Cage"}],"items_purged_floors":[11],"is_endless":false,"potions_floor_spawned":[6,8,16,18,20,33,41,45,47],"ascension_level":0}