{"gold_per_floor":[109,122,122,139,157,177,192,205,205,237,247,280,280,555,555,660,660,678,689,689,689],"floor_reached":21,"playtime":3127,"items_purged":[],"score":195,"play_id":"b1d4469b-4f0a-458e-ab54-ddb8128e0427","local_time":"20190502222007","is_ascension_mode":false,"campfire_choices":[{"data":"Fiend Fire","floor":15,"key":"SMITH"}],"neow_cost":"NONE","seed_source_timestamp":0,"circlet_count":0,"master_deck":["Strike_R","Strike_R","Strike_R","Strike_R+1","Strike_R","Defend_R","Defend_R","Defend_R","Defend_R","Bash","Shrug It Off","Rage","Flex","Reaper+1","Forethought","Armaments","Clash","Fire Breathing+1","Fiend Fire+1","Sword Boomerang","Corruption","Clash","Infernal Blade","Regret","Barricade","Headbutt","Blood for Blood+1"],"special_seed":0,"relics":["Black Blood","Sundial","Anchor","Boot"],"potions_floor_usage":[12,16,16,16],"damage_taken":[{"damage":0.0,"enemies":"2 Louse","floor":1.0,"turns":3.0},{"damage":2.0,"enemies":"Cultist","floor":2.0,"turns":4.0},{"damage":1.0,"enemies":"Jaw Worm","floor":4.0,"turns":4.0},{"damage":11.0,"enemies":"3 Louse","floor":5.0,"turns":4.0},{"damage":0,"enemies":"2 Fungi Beasts","floor":6,"turns":3},{"damage":4,"enemies":"Looter","floor":7,"turns":3},{"damage":13,"enemies":"Large Slime","floor":8,"turns":5},{"damage":38,"enemies":"3 Sentries","floor":10,"turns":9},{"damage":9,"enemies":"3 Louse","floor":11,"turns":4},{"damage":7,"enemies":"Lagavulin","floor":12,"turns":5},{"damage":24,"enemies":"Slime Boss","floor":16,"turns":11},{"damage":18,"enemies":"Spheric Guardian","floor":18,"turns":4},{"damage":79,"enemies":"3 Byrds","floor":19,"turns":8},{"damage":17,"enemies":"Snecko","floor":21,"turns":2}],"seed_played":"7153676680830597860","potions_obtained":[{"floor":1.0,"key":"PowerPotion"},{"floor":5,"key":"SpeedPotion"},{"floor":7,"key":"SmokeBomb"},{"floor":8,"key":"AttackPotion"},{"floor":12,"key":"Poison Potion"},{"floor":19,"key":"SpeedPotion"}],"is_trial":false,"path_per_floor":["M","M","?","M","M","M","M","M","T","E","M","E","?","?","R","B",null,"M","M","?","M"],"character_chosen":"IRONCLAD","items_purchased":[],"campfire_rested":0,"item_purchase_floors":[],"current_hp_per_floor":[80,80,80,80,80,80,80,76,76,56,56,55,39,39,39,27,80,72,11,11,0],"gold":689,"neow_bonus":"THREE_CARDS","is_prod":false,"is_daily":false,"chose_seed":false,"campfire_upgraded":1,"win_rate":0.0,"timestamp":1556853607,"path_taken":["M","M","?","M","M","M","?","M","T","E","M","E","?","?","R","BOSS","M","M","?","M"],"build_version":"2019-01-23","purchased_purges":0,"victory":false,"max_hp_per_floor":[80,80,80,80,80,80,80,80,80,80,80,80,80,80,80,80,80,80,80,80,80],"card_choices":[{"not_picked":["Blood for Blood","True Grit"],"picked":"Shrug It Off","floor":0.0},{"not_picked":["Battle Trance","Pommel Strike"],"picked":"Rage","floor":1.0},{"not_picked":["Pummel","True Grit"],"picked":"Flex","floor":2.0},{"not_picked":["Perfected Strike","Hemokinesis"],"picked":"Armaments","floor":4.0},{"not_picked":["Clothesline","Sword Boomerang"],"picked":"Clash","floor":5},{"not_picked":["Sword Boomerang","Searing Blow"],"picked":"Fire Breathing","floor":6},{"not_picked":["Twin Strike","Wild Strike"],"picked":"Fiend Fire","floor":7},{"not_picked":["Bloodletting","Shrug It Off"],"picked":"Sword Boomerang","floor":8},{"not_picked":["Clash","Immolate"],"picked":"Corruption","floor":10},{"not_picked":["Perfected Strike","Armaments"],"picked":"Clash","floor":11},{"not_picked":["Cleave","Wild Strike"],"picked":"Infernal Blade","floor":12},{"not_picked":["Berserk","Offering"],"picked":"Barricade","floor":16},{"not_picked":["Wild Strike","Flex"],"picked":"Headbutt","floor":18},{"not_picked":["Wild Strike+1","Warcry+1"],"picked":"Blood for Blood+1","floor":19}],"player_experience":26960,"relics_obtained":[{"floor":9,"key":"Sundial"},{"floor":10,"key":"Anchor"},{"floor":12,"key":"Boot"}],"event_choices":[{"damage_healed":0.0,"max_hp_gain":0.0,"max_hp_loss":0.0,"gold_gain":0.0,"event_name":"Match and Keep!","player_choice":"2 cards matched","floor":3.0,"gold_loss":0.0,"damage_taken":0.0,"cards_obtained":["Reaper","Forethought"]},{"damage_healed":0.0,"max_hp_gain":0.0,"max_hp_loss":0.0,"gold_gain":0.0,"event_name":"Match and Keep!","player_choice":"2 cards matched","floor":3.0,"gold_loss":0.0,"damage_taken":0.0,"cards_obtained":["Reaper","Forethought"]},{"damage_healed":0,"gold_gain":0,"player_choice":"Entered Light","damage_taken":16,"max_hp_gain":0,"max_hp_loss":0,"event_name":"Shining Light","floor":13,"gold_loss":0,"cards_upgraded":["Reaper","Strike_R"]},{"damage_healed":0,"gold_gain":275,"player_choice":"Desecrate","damage_taken":0,"max_hp_gain":0,"max_hp_loss":0,"event_name":"Golden Shrine","floor":14,"gold_loss":0,"cards_obtained":["Regret"]},{"damage_healed":0,"gold_gain":0,"player_choice":"Forge","damage_taken":0,"max_hp_gain":0,"max_hp_loss":0,"event_name":"Accursed Blacksmith","floor":20,"gold_loss":0,"cards_upgraded":["Fire Breathing"]}],"is_beta":false,"boss_relics":[{"not_picked":["Philosopher\u0027s Stone","Ectoplasm"],"picked":"Black Blood"}],"items_purged_floors":[],"is_endless":false,"potions_floor_spawned":[1,5,7,8,12,19],"killed_by":"Snecko","ascension_level":0}