{"gold_per_floor":[115,90,107,107,107,107,171,171,171,196,271,305,305,326,326,445,445,459,473,398,423,348,348,388,413,413,413,434,468,468,483,483,609,609,630,630,653,356,381,381,402,277,277,297,297,297,320,340,340,340],"floor_reached":51,"playtime":1576,"items_purged":["Defend_B","Strike_B","Defend_B"],"score":679,"play_id":"b44cafc8-da01-4667-88c5-99c3f5bef4d3","local_time":"20190618194854","is_ascension_mode":false,"campfire_choices":[{"data":"Dualcast","floor":6.0,"key":"SMITH"},{"data":"Zap","floor":8.0,"key":"SMITH"},{"data":"Sunder","floor":13.0,"key":"SMITH"},{"data":"Cold Snap","floor":15.0,"key":"SMITH"},{"data":"Creative AI","floor":23.0,"key":"SMITH"},{"data":"Go for the Eyes","floor":27.0,"key":"SMITH"},{"floor":30.0,"key":"REST"},{"floor":32.0,"key":"REST"},{"data":"Capacitor","floor":45,"key":"SMITH"},{"floor":49,"key":"REST"}],"neow_cost":"NONE","seed_source_timestamp":286199786735219,"circlet_count":0,"master_deck":["Strike_B","Defend_B","Defend_B","Zap+1","Dualcast+1","Cold Snap+1","Conserve Battery","Melter","Genetic Algorithm+1","Sunder+1","Steam+1","Creative AI+1","BootSequence+1","Ball Lightning","Rainbow+1","Go for the Eyes+1","Capacitor+1","Echo Form","Writhe","Sweeping Beam+1","Coolheaded+1","Conserve Battery+1","Go for the Eyes"],"special_seed":0,"relics":["Cracked Core","Potion Belt","Golden Idol","Toxic Egg 2","Odd Mushroom","Orrery","Art of War","Symbiotic Virus","Shuriken","Cursed Key","Runic Capacitor"],"potions_floor_usage":[50,50,50,50,50],"damage_taken":[{"damage":2.0,"enemies":"Small Slimes","floor":1.0,"turns":3.0},{"damage":0.0,"enemies":"2 Louse","floor":3.0,"turns":3.0},{"damage":0.0,"enemies":"Jaw Worm","floor":10.0,"turns":3.0},{"damage":9.0,"enemies":"The Mushroom Lair","floor":12.0,"turns":4.0},{"damage":0.0,"enemies":"Exordium Wildlife","floor":14.0,"turns":3.0},{"damage":25.0,"enemies":"Slime Boss","floor":16.0,"turns":13.0},{"damage":3.0,"enemies":"2 Thieves","floor":18.0,"turns":4.0},{"damage":0.0,"enemies":"Chosen","floor":19.0,"turns":4.0},{"damage":2.0,"enemies":"Snecko","floor":21.0,"turns":6.0},{"damage":33.0,"enemies":"Book of Stabbing","floor":24.0,"turns":6.0},{"damage":11.0,"enemies":"Snake Plant","floor":25.0,"turns":4.0},{"damage":8.0,"enemies":"Shelled Parasite and Fungi","floor":28.0,"turns":5.0},{"damage":2.0,"enemies":"Gremlin Leader","floor":29.0,"turns":6.0},{"damage":9.0,"enemies":"3 Cultists","floor":31.0,"turns":5.0},{"damage":39.0,"enemies":"Champ","floor":33.0,"turns":12.0},{"damage":18.0,"enemies":"Orb Walker","floor":35.0,"turns":4.0},{"damage":0.0,"enemies":"3 Shapes","floor":37.0,"turns":2.0},{"damage":6.0,"enemies":"3 Darklings","floor":39.0,"turns":6.0},{"damage":4.0,"enemies":"Transient","floor":41.0,"turns":5.0},{"damage":18,"enemies":"Maw","floor":44,"turns":8},{"damage":19,"enemies":"Jaw Worm Horde","floor":47,"turns":5},{"damage":16,"enemies":"Transient","floor":48,"turns":5},{"damage":24,"enemies":"Donu and Deca","floor":50,"turns":7}],"seed_played":"6046080122231499849","potions_obtained":[{"floor":3.0,"key":"Swift Potion"},{"floor":10.0,"key":"Swift Potion"},{"floor":14.0,"key":"PowerPotion"},{"floor":16.0,"key":"Fruit Juice"},{"floor":18.0,"key":"FocusPotion"},{"floor":19.0,"key":"Fire Potion"},{"floor":33.0,"key":"SteroidPotion"},{"floor":35.0,"key":"Dexterity Potion"},{"floor":39.0,"key":"Energy Potion"}],"is_trial":false,"path_per_floor":["M","$","M","$","?","R","?","R","T","M","?","?","R","M","R","B",null,"M","M","?","M","$","R","E","M","T","R","M","E","R","M","R","B",null,"M","?","M","$","M","?","M","$","T","M","R","?","M","M","R","B",null],"character_chosen":"DEFECT","items_purchased":["Conserve Battery","Runic Capacitor"],"campfire_rested":3,"item_purchase_floors":[2,38],"current_hp_per_floor":[73,73,73,73,55,55,55,55,55,55,44,35,35,35,35,15,80,77,77,77,75,75,75,42,31,31,31,23,21,45,36,60,21,80,62,80,80,80,74,74,70,70,70,52,52,52,33,17,41,17],"gold":340,"neow_bonus":"RANDOM_COMMON_RELIC","is_prod":false,"is_daily":false,"chose_seed":false,"campfire_upgraded":7,"win_rate":0,"timestamp":1560883734,"path_taken":["M","$","M","$","?","R","?","R","T","M","?","?","R","M","R","BOSS","M","M","?","M","$","R","E","M","T","R","M","E","R","M","R","BOSS","M","?","M","$","M","?","M","$","T","M","R","?","?","M","R","BOSS"],"build_version":"2019-01-23","purchased_purges":3,"victory":true,"max_hp_per_floor":[75,75,75,75,75,75,75,75,75,75,75,75,75,75,75,80,80,80,80,80,80,80,80,80,80,80,80,80,80,80,80,80,80,80,80,80,80,80,80,80,80,80,80,80,80,80,80,80,80,80],"card_choices":[{"not_picked":["Coolheaded","Redo"],"picked":"Cold Snap","floor":1.0},{"not_picked":["Static Discharge","Rip and Tear"],"picked":"Melter","floor":3.0},{"not_picked":["Double Energy+1","Redo+1"],"picked":"Genetic Algorithm+1","floor":10.0},{"not_picked":["Hologram+1","Blizzard"],"picked":"Sunder","floor":12.0},{"not_picked":["Stack+1","Multi-Cast+1"],"picked":"Steam+1","floor":14.0},{"not_picked":["Biased Cognition","Thunder Strike"],"picked":"Creative AI","floor":16.0},{"not_picked":["Barrage","Cold Snap"],"picked":"BootSequence+1","floor":17.0},{"not_picked":["Stack+1","Blizzard"],"picked":"Ball Lightning","floor":17.0},{"not_picked":["Turbo+1","Ball Lightning"],"picked":"Rainbow+1","floor":17.0},{"not_picked":["Beam Cell","Turbo+1","Storm"],"picked":"SKIP","floor":18.0},{"not_picked":["Cold Snap","Barrage","Hologram+1"],"picked":"SKIP","floor":19.0},{"not_picked":["Auto Shields+1","Scrape","BootSequence+1"],"picked":"SKIP","floor":21.0},{"not_picked":["Barrage","Stack+1","Scrape"],"picked":"SKIP","floor":24.0},{"not_picked":["Redo+1","Beam Cell"],"picked":"Go for the Eyes","floor":25.0},{"not_picked":["Rebound+1","Stack+1","Compile Driver+1"],"picked":"SKIP","floor":28.0},{"not_picked":["Multi-Cast+1","Sunder"],"picked":"Capacitor","floor":29.0},{"not_picked":["Melter","Streamline","Blizzard"],"picked":"SKIP","floor":31.0},{"not_picked":["Reboot+1","Thunder Strike"],"picked":"Echo Form","floor":33.0},{"not_picked":["Hologram+1","Streamline+1","Redo+1"],"picked":"SKIP","floor":35.0},{"not_picked":["Stack+1","Ball Lightning+1"],"picked":"Sweeping Beam+1","floor":37.0},{"not_picked":["Redo+1","Steam+1"],"picked":"Coolheaded+1","floor":39.0},{"not_picked":["Coolheaded+1","Ball Lightning+1","Streamline+1"],"picked":"SKIP","floor":41.0},{"not_picked":["Cold Snap","Redo+1"],"picked":"Conserve Battery+1","floor":44},{"not_picked":["Hello World","Skim+1","Melter"],"picked":"SKIP","floor":47},{"not_picked":["Rebound","Heatsinks+1","Redo+1"],"picked":"SKIP","floor":48}],"player_experience":1298554,"relics_obtained":[{"floor":9.0,"key":"Toxic Egg 2"},{"floor":12.0,"key":"Odd Mushroom"},{"floor":24.0,"key":"Art of War"},{"floor":26.0,"key":"Symbiotic Virus"},{"floor":29.0,"key":"Shuriken"}],"event_choices":[{"damage_healed":0.0,"max_hp_gain":0.0,"max_hp_loss":0.0,"gold_gain":0.0,"event_name":"Golden Idol","player_choice":"Take Damage","floor":5.0,"gold_loss":0.0,"damage_taken":18.0,"relics_obtained":["Golden Idol"]},{"damage_healed":0.0,"max_hp_gain":0.0,"max_hp_loss":0.0,"gold_gain":64.0,"event_name":"Golden Wing","player_choice":"Gained Gold","floor":7.0,"gold_loss":0.0,"damage_taken":0.0},{"damage_healed":0.0,"max_hp_gain":0.0,"max_hp_loss":0.0,"gold_gain":75.0,"event_name":"World of Goop","player_choice":"Gather Gold","floor":11.0,"gold_loss":0.0,"damage_taken":11.0},{"damage_healed":0.0,"max_hp_gain":0.0,"max_hp_loss":0.0,"gold_gain":0.0,"event_name":"Mushrooms","player_choice":"Fought Mushrooms","floor":12.0,"gold_loss":0.0,"damage_taken":0.0},{"cards_removed":["Strike_B"],"damage_healed":0.0,"max_hp_gain":0.0,"max_hp_loss":0.0,"gold_gain":0.0,"event_name":"Beggar","player_choice":"Gave Gold","floor":20.0,"gold_loss":75.0,"damage_taken":0.0},{"damage_healed":20.0,"max_hp_gain":0.0,"max_hp_loss":0.0,"gold_gain":0.0,"event_name":"Winding Halls","player_choice":"Writhe","floor":36.0,"gold_loss":0.0,"damage_taken":0.0,"cards_obtained":["Writhe"]},{"damage_healed":0.0,"max_hp_gain":0.0,"max_hp_loss":0.0,"gold_gain":0.0,"event_name":"Tomb of Lord Red Mask","player_choice":"Ignored","floor":40.0,"gold_loss":0.0,"damage_taken":0.0},{"damage_healed":0,"gold_gain":0,"cards_transformed":["Strike_B"],"player_choice":"Transformed","damage_taken":0,"max_hp_gain":0,"max_hp_loss":0,"event_name":"Transmorgrifier","floor":46,"gold_loss":0,"cards_obtained":["Go for the Eyes"]}],"is_beta":false,"boss_relics":[{"not_picked":["Eternal Feather","Pandora\u0027s Box"],"picked":"Orrery"},{"not_picked":["Coffee Dripper","FrozenCore"],"picked":"Cursed Key"}],"items_purged_floors":[22,38,42],"is_endless":false,"potions_floor_spawned":[3,10,14,16,18,19,21,33,35,39],"ascension_level":0}