{"gold_per_floor":[361,131,131,149,179,179,179,214,261,64,64,79,96,72,72,170,170,186,198,198,215,233,233,233],"floor_reached":24,"playtime":700,"items_purged":[],"score":221,"play_id":"0087a5ac-86c2-4534-a14f-df0f13e5afc0","local_time":"20190302202913","is_ascension_mode":false,"campfire_choices":[{"data":"Capacitor","floor":6.0,"key":"SMITH"},{"data":"Buffer","floor":11.0,"key":"SMITH"},{"data":"Echo Form","floor":15.0,"key":"SMITH"},{"floor":23,"key":"REST"}],"neow_cost":"PERCENT_DAMAGE","seed_source_timestamp":1585861723409990,"circlet_count":0,"master_deck":["Strike_B","Strike_B","Strike_B","Defend_B","Defend_B","Defend_B","Zap","Dualcast","Undo","Apotheosis+1","Capacitor+1","Buffer+1","Echo Form+1","Conserve Battery","Core Surge","Cold Snap","Chaos","White Noise"],"special_seed":0,"relics":["Cracked Core","Tiny Chest","Strawberry","Happy Flower","Runic Capacitor","White Beast Statue"],"potions_floor_usage":[21],"damage_taken":[{"damage":3.0,"enemies":"2 Louse","floor":1.0,"turns":2.0},{"damage":0.0,"enemies":"Cultist","floor":4.0,"turns":3.0},{"damage":0.0,"enemies":"Gremlin Nob","floor":8.0,"turns":5.0},{"damage":0.0,"enemies":"Small Slimes","floor":12.0,"turns":3.0},{"damage":0.0,"enemies":"Looter","floor":13.0,"turns":3.0},{"damage":19.0,"enemies":"Slime Boss","floor":16.0,"turns":14.0},{"damage":0.0,"enemies":"Spheric Guardian","floor":18.0,"turns":5.0},{"damage":22.0,"enemies":"2 Thieves","floor":19.0,"turns":5.0},{"damage":15,"enemies":"Chosen and Byrds","floor":21,"turns":7},{"damage":28,"enemies":"Snake Plant","floor":22,"turns":6},{"damage":12,"enemies":"Book of Stabbing","floor":24,"turns":4}],"seed_played":"6075359563468823479","potions_obtained":[{"floor":8.0,"key":"Strength Potion"},{"floor":16.0,"key":"Fire Potion"},{"floor":18.0,"key":"Ancient Potion"},{"floor":19.0,"key":"Poison Potion"},{"floor":21,"key":"Poison Potion"},{"floor":22,"key":"Explosive Potion"}],"is_trial":false,"path_per_floor":["M","$","?","M","?","R","?","E","T","$","R","M","M","$","R","B",null,"M","M","?","M","M","R","E"],"character_chosen":"DEFECT","items_purchased":["Apotheosis","Capacitor","Runic Capacitor","Conserve Battery"],"campfire_rested":1,"item_purchase_floors":[2,2,10,14],"current_hp_per_floor":[51,51,51,51,44,44,44,51,51,51,51,51,51,51,51,32,82,82,60,60,45,17,41,29],"gold":233,"neow_bonus":"TWO_FIFTY_GOLD","is_prod":false,"is_daily":false,"chose_seed":false,"campfire_upgraded":3,"win_rate":0,"timestamp":1551558553,"path_taken":["M","$","?","?","?","R","?","E","T","$","R","M","?","?","R","BOSS","M","M","?","M","?","R","E"],"build_version":"2019-01-23","purchased_purges":0,"victory":false,"max_hp_per_floor":[75,75,75,75,75,75,75,82,82,82,82,82,82,82,82,82,82,82,82,82,82,82,82,82],"card_choices":[{"not_picked":["Rebound","Streamline"],"picked":"Undo","floor":1.0},{"not_picked":["Stack","Turbo","Double Energy"],"picked":"SKIP","floor":4.0},{"not_picked":["Turbo","Redo","Streamline"],"picked":"SKIP","floor":8.0},{"not_picked":["Loop","Barrage","Reinforced Body"],"picked":"SKIP","floor":12.0},{"not_picked":["Auto Shields","Ball Lightning"],"picked":"Echo Form","floor":13.0},{"not_picked":["Machine Learning","Creative AI"],"picked":"Core Surge","floor":16.0},{"not_picked":["Auto Shields","Darkness"],"picked":"Cold Snap","floor":18.0},{"not_picked":["Skim+1","Steam+1"],"picked":"Chaos","floor":19.0},{"not_picked":["Cold Snap+1","Tempest","Lockon"],"picked":"SKIP","floor":21},{"not_picked":["Stack","Streamline"],"picked":"White Noise","floor":22}],"player_experience":1078826,"relics_obtained":[{"floor":8.0,"key":"Strawberry"},{"floor":9.0,"key":"Happy Flower"}],"event_choices":[{"damage_healed":0.0,"max_hp_gain":0.0,"max_hp_loss":0.0,"gold_gain":0.0,"event_name":"Upgrade Shrine","player_choice":"Upgraded","floor":3.0,"gold_loss":0.0,"damage_taken":0.0,"cards_upgraded":["Apotheosis"]},{"damage_healed":0.0,"max_hp_gain":0.0,"max_hp_loss":0.0,"gold_gain":0.0,"event_name":"Scrap Ooze","player_choice":"Success","floor":5.0,"gold_loss":0.0,"damage_taken":7.0,"relics_obtained":["Tiny Chest"]},{"damage_healed":0.0,"max_hp_gain":0.0,"max_hp_loss":0.0,"gold_gain":0.0,"cards_transformed":["Strike_B"],"event_name":"Transmorgrifier","player_choice":"Transformed","floor":7.0,"gold_loss":0.0,"damage_taken":0.0,"cards_obtained":["Buffer"]},{"cards_removed":["Defend_B"],"damage_healed":0.0,"max_hp_gain":0.0,"max_hp_loss":0.0,"gold_gain":0.0,"event_name":"Purifier","player_choice":"Purged","floor":20.0,"gold_loss":0.0,"damage_taken":0.0}],"is_beta":false,"boss_relics":[{"not_picked":["Lizard Tail","Black Star"],"picked":"White Beast Statue"}],"items_purged_floors":[],"is_endless":false,"potions_floor_spawned":[8,16,18,19,21,22],"killed_by":"Book of Stabbing","ascension_level":0}