{"gold_per_floor":[113,113,131,150,163,190,206,241,266,266,294,311,323,21,21,125,125,143,143,154,154,172,172,198,198,198,198],"floor_reached":27,"playtime":2891,"items_purged":[],"score":281,"play_id":"d2c794a5-4123-42c7-ae39-9be4ec9fdd21","local_time":"20190512015931","is_ascension_mode":true,"campfire_choices":[{"floor":10.0,"key":"REST"},{"floor":15.0,"key":"RECALL"},{"floor":23.0,"key":"REST"},{"floor":25.0,"key":"REST"}],"neow_cost":"NONE","seed_source_timestamp":198635836132300,"circlet_count":0,"master_deck":["Defend_G","Defend_G+1","Defend_G","Defend_G","Defend_G","Strike_G","Strike_G","Strike_G","Strike_G","Strike_G","Survivor","Neutralize","Malaise","Cloak And Dagger","Dodge and Roll+1","Skewer","Flying Knee","All Out Attack","Heel Hook","Blade Dance+1","Cloak And Dagger+1","Well Laid Plans","Outmaneuver+1","Flash of Steel","Phantasmal Killer+1","Deflect+1","Pain","Dagger Spray+1","Cloak And Dagger+1"],"special_seed":0,"relics":["Ring of the Snake","The Courier","Toxic Egg 2","War Paint","Happy Flower","Kunai","WristBlade","Smiling Mask","WarpedTongs","Sundial"],"potions_floor_usage":[],"damage_taken":[{"damage":2.0,"enemies":"Small Slimes","floor":1.0,"turns":4.0},{"damage":1.0,"enemies":"Cultist","floor":3.0,"turns":3.0},{"damage":0.0,"enemies":"2 Louse","floor":4.0,"turns":3.0},{"damage":20.0,"enemies":"Exordium Wildlife","floor":5.0,"turns":8.0},{"damage":26.0,"enemies":"3 Sentries","floor":6.0,"turns":13.0},{"damage":0.0,"enemies":"Exordium Thugs","floor":7.0,"turns":4.0},{"damage":18.0,"enemies":"Gremlin Nob","floor":8.0,"turns":6.0},{"damage":4.0,"enemies":"Lagavulin","floor":11.0,"turns":9.0},{"damage":2.0,"enemies":"Blue Slaver","floor":12.0,"turns":3.0},{"damage":0.0,"enemies":"2 Fungi Beasts","floor":13.0,"turns":4.0},{"damage":14.0,"enemies":"The Guardian","floor":16.0,"turns":14.0},{"damage":22.0,"enemies":"Shell Parasite","floor":18.0,"turns":6.0},{"damage":4.0,"enemies":"Chosen","floor":20.0,"turns":6.0},{"damage":32.0,"enemies":"Snecko","floor":22.0,"turns":6.0},{"damage":24.0,"enemies":"Book of Stabbing","floor":24.0,"turns":8.0},{"damage":30,"enemies":"Slavers","floor":27,"turns":3}],"seed_played":"-8327379711928244105","potions_obtained":[{"floor":1.0,"key":"GamblersBrew"},{"floor":5.0,"key":"SpeedPotion"},{"floor":6.0,"key":"SpeedPotion"},{"floor":8.0,"key":"GamblersBrew"},{"floor":11.0,"key":"Explosive Potion"}],"is_trial":false,"path_per_floor":["M","?","M","M","M","E","M","E","T","R","E","M","M","$","R","B",null,"M","?","M","?","M","R","E","R","T","E"],"character_chosen":"THE_SILENT","items_purchased":["Kunai","Outmaneuver+1","Flash of Steel"],"campfire_rested":3,"item_purchase_floors":[14,14,14],"current_hp_per_floor":[68,68,67,67,47,21,21,3,3,24,20,18,18,18,18,4,70,48,48,44,44,12,33,9,30,30,0],"gold":198,"neow_bonus":"ONE_RANDOM_RARE_CARD","is_prod":false,"is_daily":false,"chose_seed":false,"campfire_upgraded":0,"win_rate":0,"timestamp":1557644371,"path_taken":["M","?","M","M","M","E","M","E","T","R","E","M","M","$","R","BOSS","M","?","M","?","M","R","E","R","T","E"],"build_version":"2019-01-23","purchased_purges":0,"victory":false,"max_hp_per_floor":[70,70,70,70,70,70,70,70,70,70,70,70,70,70,70,70,70,70,70,70,70,70,70,70,70,70,70],"card_choices":[{"not_picked":["Eviscerate","Terror","Underhanded Strike"],"picked":"SKIP","floor":1.0},{"not_picked":["Quick Slash","PiercingWail"],"picked":"Cloak And Dagger","floor":3.0},{"not_picked":["Prepared","Bouncing Flask"],"picked":"Dodge and Roll","floor":4.0},{"not_picked":["Sucker Punch","Acrobatics"],"picked":"Skewer","floor":5.0},{"not_picked":["PiercingWail","Backflip"],"picked":"Flying Knee","floor":6.0},{"not_picked":["Prepared","Glass Knife"],"picked":"All Out Attack","floor":7.0},{"not_picked":["Distraction","Acrobatics"],"picked":"Heel Hook","floor":8.0},{"not_picked":["Dagger Throw","Dodge and Roll+1"],"picked":"Blade Dance+1","floor":11.0},{"not_picked":["Acrobatics+1","Sucker Punch"],"picked":"Cloak And Dagger+1","floor":12.0},{"not_picked":["Poisoned Stab","Footwork"],"picked":"Well Laid Plans","floor":13.0},{"not_picked":["Tools of the Trade","Envenom"],"picked":"Phantasmal Killer+1","floor":16.0},{"not_picked":["Dash+1","Underhanded Strike","Deadly Poison+1"],"picked":"SKIP","floor":18.0},{"not_picked":["Finisher","Heel Hook"],"picked":"Deflect+1","floor":20.0},{"not_picked":["Expertise+1","Backflip+1"],"picked":"Dagger Spray+1","floor":22.0},{"not_picked":["PiercingWail+1","Heel Hook"],"picked":"Cloak And Dagger+1","floor":24.0}],"player_experience":103369,"relics_obtained":[{"floor":6.0,"key":"The Courier"},{"floor":8.0,"key":"Toxic Egg 2"},{"floor":9.0,"key":"War Paint"},{"floor":11.0,"key":"Happy Flower"},{"floor":24.0,"key":"Sundial"}],"event_choices":[{"damage_healed":0.0,"max_hp_gain":0.0,"max_hp_loss":0.0,"gold_gain":0.0,"event_name":"Liars Game","player_choice":"Ignored","floor":2.0,"gold_loss":0.0,"damage_taken":0.0},{"damage_healed":0.0,"max_hp_gain":0.0,"max_hp_loss":0.0,"gold_gain":0.0,"event_name":"The Mausoleum","player_choice":"Opened","floor":19.0,"gold_loss":0.0,"damage_taken":0.0,"relics_obtained":["Smiling Mask"]},{"damage_healed":0.0,"max_hp_gain":0.0,"max_hp_loss":0.0,"gold_gain":0.0,"event_name":"Accursed Blacksmith","player_choice":"Rummage","floor":21.0,"gold_loss":0.0,"damage_taken":0.0,"relics_obtained":["WarpedTongs"],"cards_obtained":["Pain"]}],"is_beta":false,"boss_relics":[{"not_picked":["Eternal Feather","Runic Pyramid"],"picked":"WristBlade"}],"items_purged_floors":[],"is_endless":false,"potions_floor_spawned":[1,5,6,8,11],"killed_by":"Slavers","ascension_level":2}