{"gold_per_floor":[113,113,113,125,136,169,169,202,202,222,222,279,279,296,296,395,395,406,422,432,448,448,483,494,528,528,77,102,102,34,67,67,162,162,179,193,209,224,224],"floor_reached":39,"playtime":5143,"items_purged":[],"score":498,"play_id":"9154f2d6-0310-4a65-a00c-2445103d9aeb","local_time":"20190501162204","is_ascension_mode":false,"campfire_choices":[{"floor":7.0,"key":"REST"},{"data":"Inflame","floor":11.0,"key":"SMITH"},{"floor":15.0,"key":"REST"},{"floor":29.0,"key":"REST"},{"floor":32.0,"key":"REST"}],"neow_cost":"NONE","seed_source_timestamp":0,"circlet_count":0,"master_deck":["Strike_R+1","Strike_R","Strike_R+1","Strike_R","Strike_R","Defend_R","Defend_R+1","Defend_R","Defend_R","Bash","Shrug It Off+1","Sword Boomerang","Inflame+1","Blood for Blood","Twin Strike","Heavy Blade","Sword Boomerang","Seeing Red","Juggernaut","Flame Barrier","Carnage+1","Blood for Blood","Body Slam","Entrench","Demon Form","Demon Form","Armaments","Pummel","Blind","Twin Strike+1","Metallicize","Intimidate","Barricade","Clothesline+1","Burning Pact+1","Armaments+1","Second Wind+1"],"special_seed":0,"relics":["Burning Blood","Anchor","Pantograph","Sundial","Oddly Smooth Stone","War Paint","Fusion Hammer","Ginger","Darkstone Periapt","Calipers","Shuriken","Self Forming Clay","Ornamental Fan","Pocketwatch","Cursed Key"],"potions_floor_usage":[38],"damage_taken":[{"damage":7.0,"enemies":"Small Slimes","floor":1.0,"turns":3.0},{"damage":1.0,"enemies":"Cultist","floor":4.0,"turns":3.0},{"damage":1.0,"enemies":"Jaw Worm","floor":5.0,"turns":2.0},{"damage":17.0,"enemies":"Gremlin Nob","floor":6.0,"turns":4.0},{"damage":30.0,"enemies":"3 Sentries","floor":8.0,"turns":8.0},{"damage":0.0,"enemies":"3 Louse","floor":10.0,"turns":3.0},{"damage":15.0,"enemies":"Gremlin Nob","floor":12.0,"turns":4.0},{"damage":0.0,"enemies":"Looter","floor":14.0,"turns":2.0},{"damage":46.0,"enemies":"Hexaghost","floor":16.0,"turns":9.0},{"damage":0.0,"enemies":"Chosen","floor":18.0,"turns":3.0},{"damage":18.0,"enemies":"2 Thieves","floor":19.0,"turns":3.0},{"damage":16.0,"enemies":"Centurion and Healer","floor":20.0,"turns":4.0},{"damage":1.0,"enemies":"Shelled Parasite and Fungi","floor":21.0,"turns":5.0},{"damage":20.0,"enemies":"Book of Stabbing","floor":23.0,"turns":5.0},{"damage":15.0,"enemies":"Cultist and Chosen","floor":24.0,"turns":6.0},{"damage":20.0,"enemies":"Slavers","floor":25.0,"turns":5.0},{"damage":27.0,"enemies":"Gremlin Leader","floor":28.0,"turns":6.0},{"damage":9.0,"enemies":"Book of Stabbing","floor":31.0,"turns":6.0},{"damage":14.0,"enemies":"Champ","floor":33.0,"turns":8.0},{"damage":3.0,"enemies":"Orb Walker","floor":35.0,"turns":4.0},{"damage":50.0,"enemies":"3 Darklings","floor":36.0,"turns":5.0},{"damage":28,"enemies":"Writhing Mass","floor":37,"turns":6},{"damage":26,"enemies":"Maw","floor":38,"turns":8},{"damage":15,"enemies":"3 Darklings","floor":39,"turns":2}],"seed_played":"8181586318930189175","potions_obtained":[{"floor":5.0,"key":"AttackPotion"},{"floor":8.0,"key":"SneckoOil"},{"floor":10.0,"key":"EssenceOfSteel"},{"floor":14.0,"key":"LiquidBronze"},{"floor":16.0,"key":"Block Potion"},{"floor":21.0,"key":"Strength Potion"},{"floor":23.0,"key":"FearPotion"},{"floor":24.0,"key":"Block Potion"},{"floor":25.0,"key":"AttackPotion"},{"floor":33.0,"key":"SkillPotion"}],"is_trial":false,"path_per_floor":["M","?","?","M","M","E","R","E","T","M","R","?","?","M","R","B",null,"M","M","M","M","?","E","M","E","T","$","E","R","$","E","R","B",null,"M","M","M","M","M"],"character_chosen":"IRONCLAD","items_purchased":["Self Forming Clay","Armaments","Pummel","Blind","Metallicize"],"campfire_rested":4,"item_purchase_floors":[27,27,27,27,30],"current_hp_per_floor":[87,62,44,49,54,43,69,45,45,51,51,42,47,53,80,53,93,93,81,71,76,76,62,53,39,39,39,18,45,45,42,69,85,93,93,49,27,7,0],"gold":224,"neow_bonus":"TEN_PERCENT_HP_BONUS","is_prod":false,"is_daily":false,"chose_seed":false,"campfire_upgraded":1,"win_rate":0.0,"timestamp":1556745724,"path_taken":["M","?","?","M","M","E","R","E","T","M","R","?","?","M","R","BOSS","M","M","M","M","?","E","M","E","T","?","E","R","$","E","R","BOSS","M","M","M","M","M"],"build_version":"2019-01-23","purchased_purges":0,"victory":false,"max_hp_per_floor":[88,88,88,88,88,88,88,88,88,88,88,88,93,93,93,93,93,93,93,93,93,93,93,93,93,93,93,93,93,93,93,93,93,93,93,93,93,93,93],"card_choices":[{"not_picked":["Body Slam","Whirlwind"],"picked":"Shrug It Off","floor":1.0},{"not_picked":["Shrug It Off","True Grit"],"picked":"Sword Boomerang","floor":4.0},{"not_picked":["Warcry","Reckless Charge"],"picked":"Inflame","floor":5.0},{"not_picked":["Searing Blow","Fiend Fire"],"picked":"Blood for Blood","floor":6.0},{"not_picked":["Fire Breathing","Body Slam"],"picked":"Twin Strike","floor":8.0},{"not_picked":["Dropkick","Warcry"],"picked":"Heavy Blade","floor":10.0},{"not_picked":["Hemokinesis","Entrench"],"picked":"Sword Boomerang","floor":12.0},{"not_picked":["Twin Strike","Armaments"],"picked":"Seeing Red","floor":14.0},{"not_picked":["Impervious","Barricade"],"picked":"Juggernaut","floor":16.0},{"not_picked":["Anger","Cleave"],"picked":"Flame Barrier","floor":18.0},{"not_picked":["Dual Wield","True Grit"],"picked":"Carnage+1","floor":19.0},{"not_picked":["Searing Blow","Warcry"],"picked":"Blood for Blood","floor":20.0},{"not_picked":["Pommel Strike","Power Through+1"],"picked":"Body Slam","floor":21.0},{"not_picked":["Power Through+1","Pommel Strike"],"picked":"Entrench","floor":23.0},{"not_picked":["Flex","Feel No Pain"],"picked":"Demon Form","floor":24.0},{"not_picked":["Combust","Rupture+1"],"picked":"Demon Form","floor":25.0},{"not_picked":["Uppercut","Rupture"],"picked":"Twin Strike+1","floor":28.0},{"not_picked":["Flex","Body Slam+1"],"picked":"Intimidate","floor":31.0},{"not_picked":["Limit Break","Reaper"],"picked":"Barricade","floor":33.0},{"not_picked":["Twin Strike+1","Shrug It Off+1"],"picked":"Clothesline+1","floor":35.0},{"not_picked":["Clash","Disarm+1"],"picked":"Burning Pact+1","floor":36},{"not_picked":["Clash","Rupture+1"],"picked":"Armaments+1","floor":37},{"not_picked":["Burning Pact+1","Fiend Fire"],"picked":"Second Wind+1","floor":38}],"player_experience":5549,"relics_obtained":[{"floor":6.0,"key":"Pantograph"},{"floor":8.0,"key":"Sundial"},{"floor":9.0,"key":"Oddly Smooth Stone"},{"floor":23.0,"key":"Darkstone Periapt"},{"floor":25.0,"key":"Calipers"},{"floor":26.0,"key":"Shuriken"},{"floor":28.0,"key":"Ornamental Fan"},{"floor":31.0,"key":"Pocketwatch"}],"event_choices":[{"damage_healed":0.0,"max_hp_gain":0.0,"max_hp_loss":0.0,"gold_gain":0.0,"event_name":"Scrap Ooze","player_choice":"Success","floor":2.0,"gold_loss":0.0,"damage_taken":25.0,"relics_obtained":["Anchor"]},{"damage_healed":0.0,"max_hp_gain":0.0,"max_hp_loss":0.0,"gold_gain":0.0,"event_name":"Shining Light","player_choice":"Entered Light","floor":3.0,"gold_loss":0.0,"damage_taken":18.0,"cards_upgraded":["Strike_R","Strike_R"]},{"damage_healed":0.0,"max_hp_gain":0.0,"max_hp_loss":0.0,"gold_gain":0.0,"event_name":"Dead Adventurer","player_choice":"Searched \u00272\u0027 times","floor":12.0,"gold_loss":0.0,"damage_taken":0.0,"relics_obtained":["War Paint"]},{"damage_healed":0.0,"max_hp_gain":5.0,"max_hp_loss":0.0,"gold_gain":0.0,"event_name":"Big Fish","player_choice":"Donut","floor":13.0,"gold_loss":0.0,"damage_taken":0.0},{"damage_healed":0.0,"max_hp_gain":0.0,"max_hp_loss":0.0,"gold_gain":0.0,"event_name":"WeMeetAgain","player_choice":"Gave Potion","floor":22.0,"gold_loss":0.0,"damage_taken":0.0,"relics_obtained":["Ginger"]}],"is_beta":false,"boss_relics":[{"not_picked":["Calling Bell","Coffee Dripper"],"picked":"Fusion Hammer"},{"not_picked":["White Beast Statue","Snecko Eye"],"picked":"Cursed Key"}],"items_purged_floors":[],"is_endless":false,"potions_floor_spawned":[5,8,10,14,16,21,23,24,25,33],"killed_by":"3 Darklings","ascension_level":0}