{"gold_per_floor":[219,219,219,219,237,237,83,83,83,83,83,100,100,112,112,210,210,230,241,203,203,128,128,139,139,139,195,195,210,210,237,237,332,382,392,492,102,117,117,117,117,135,135,153,169,169,169,188,188,188],"floor_reached":51,"playtime":1855,"items_purged":["Strike_B","Strike_B"],"score":698,"play_id":"571bd946-1c62-49b5-8a25-c14744bdb53f","local_time":"20190508201156","is_ascension_mode":false,"campfire_choices":[{"data":"Go for the Eyes","floor":6.0,"key":"SMITH"},{"data":"Zap","floor":8.0,"key":"SMITH"},{"data":"Cold Snap","floor":10.0,"key":"SMITH"},{"data":"Undo","floor":15.0,"key":"SMITH"},{"data":"Defragment","floor":23.0,"key":"SMITH"},{"data":"Blizzard","floor":25.0,"key":"SMITH"},{"data":"Blizzard","floor":28.0,"key":"SMITH"},{"data":"Buffer","floor":32,"key":"SMITH"},{"data":"Echo Form","floor":40,"key":"SMITH"},{"data":"Defend_B","floor":46,"key":"SMITH"},{"data":"Defend_B","floor":49,"key":"SMITH"}],"neow_cost":"NONE","seed_source_timestamp":1548268894508731,"circlet_count":0,"master_deck":["Strike_B","Defend_B+1","Defend_B+1","Defend_B","Defend_B","Zap+1","Dualcast+1","Go for the Eyes+1","Cold Snap+1","Undo+1","Glacier","Buffer+1","Defragment+1","Conserve Battery+1","Blizzard+1","Blizzard+1","Ball Lightning+1","Chill","Echo Form+1","Madness","Madness","Seek","Chaos+1"],"special_seed":0,"relics":["Cracked Core","DataDisk","Symbiotic Virus","Nuclear Battery","Sundial","Tiny Chest","Peace Pipe","Tiny House","Du-Vu Doll","Ice Cream","Mummified Hand"],"potions_floor_usage":[50,50,50],"damage_taken":[{"damage":5.0,"enemies":"Small Slimes","floor":1.0,"turns":3.0},{"damage":0.0,"enemies":"Cultist","floor":5.0,"turns":3.0},{"damage":0.0,"enemies":"2 Louse","floor":12.0,"turns":2.0},{"damage":0.0,"enemies":"2 Fungi Beasts","floor":14.0,"turns":3.0},{"damage":1.0,"enemies":"Slime Boss","floor":16.0,"turns":9.0},{"damage":0.0,"enemies":"Chosen","floor":18.0,"turns":5.0},{"damage":0.0,"enemies":"Spheric Guardian","floor":19.0,"turns":6.0},{"damage":0.0,"enemies":"Snecko","floor":24.0,"turns":7.0},{"damage":8.0,"enemies":"Gremlin Leader","floor":27.0,"turns":11.0},{"damage":1.0,"enemies":"Snake Plant","floor":29.0,"turns":5.0},{"damage":0,"enemies":"Book of Stabbing","floor":31,"turns":6},{"damage":36,"enemies":"Champ","floor":33,"turns":13},{"damage":7,"enemies":"Orb Walker","floor":35,"turns":4},{"damage":0,"enemies":"Mind Bloom Boss Battle","floor":36,"turns":9},{"damage":8,"enemies":"3 Darklings","floor":38,"turns":5},{"damage":15,"enemies":"Transient","floor":42,"turns":5},{"damage":0,"enemies":"Jaw Worm Horde","floor":44,"turns":4},{"damage":0,"enemies":"Writhing Mass","floor":45,"turns":7},{"damage":0,"enemies":"Spire Growth","floor":48,"turns":7},{"damage":6,"enemies":"Time Eater","floor":50,"turns":17}],"seed_played":"6015243399670615372","potions_obtained":[{"floor":12.0,"key":"Fire Potion"},{"floor":14.0,"key":"SkillPotion"},{"floor":16.0,"key":"Swift Potion"}],"is_trial":false,"path_per_floor":["M","?","$","$","M","R","$","R","T","R","?","M","$","M","R","B",null,"M","M","$","?","$","R","M","R","T","E","R","M","?","E","R","B",null,"M","?","$","M","$","R","?","M","T","M","M","R","?","M","R","B",null],"character_chosen":"DEFECT","items_purchased":["DataDisk","Blizzard","Ice Cream"],"campfire_rested":0,"item_purchase_floors":[7,20,37],"current_hp_per_floor":[70,70,70,70,70,70,70,70,70,70,70,70,70,70,70,69,75,75,75,75,75,75,75,75,75,75,67,67,66,66,66,66,30,80,73,73,73,65,65,65,55,40,40,40,40,40,40,40,40,34],"gold":188,"neow_bonus":"HUNDRED_GOLD","is_prod":false,"is_daily":false,"chose_seed":false,"campfire_upgraded":11,"win_rate":0,"timestamp":1557342716,"path_taken":["M","?","?","$","M","R","$","R","T","R","?","M","$","M","R","BOSS","M","M","$","?","?","R","M","R","T","E","R","M","?","E","R","BOSS","M","?","$","M","$","R","?","M","T","M","M","R","?","?","R","BOSS"],"build_version":"2019-01-23","purchased_purges":2,"victory":true,"max_hp_per_floor":[75,75,75,75,75,75,75,75,75,75,75,75,75,75,75,75,75,75,75,75,75,75,75,75,75,75,75,75,75,75,75,75,75,80,80,80,80,80,80,80,80,80,80,80,80,80,80,80,80,80],"card_choices":[{"not_picked":["Rebound","Stack"],"picked":"Go for the Eyes","floor":1.0},{"not_picked":["Blizzard","Rebound"],"picked":"Cold Snap","floor":5.0},{"not_picked":["All For One","Steam"],"picked":"Undo","floor":12.0},{"not_picked":["Tempest","Hologram"],"picked":"Glacier","floor":14.0},{"not_picked":["Biased Cognition","Seek"],"picked":"Buffer","floor":16.0},{"not_picked":["Tempest+1","Genetic Algorithm+1"],"picked":"Defragment","floor":18.0},{"not_picked":["Sweeping Beam","Coolheaded"],"picked":"Conserve Battery","floor":19.0},{"not_picked":["Double Energy","Beam Cell"],"picked":"Ball Lightning+1","floor":24.0},{"not_picked":["Sweeping Beam+1","Auto Shields+1"],"picked":"Chill","floor":27.0},{"not_picked":["Barrage+1","Sunder","Rebound"],"picked":"SKIP","floor":29.0},{"not_picked":["Cold Snap","Beam Cell","Reprogram+1"],"picked":"SKIP","floor":31},{"not_picked":["Thunder Strike","All For One"],"picked":"Echo Form","floor":33},{"not_picked":["Heatsinks+1","Steam","Rebound+1"],"picked":"SKIP","floor":35},{"not_picked":["Doom and Gloom+1","Streamline","Rebound+1"],"picked":"SKIP","floor":38},{"not_picked":["Undo","Ball Lightning+1","Rip and Tear+1"],"picked":"SKIP","floor":42},{"not_picked":["Melter+1","Genetic Algorithm","Leap"],"picked":"SKIP","floor":44},{"not_picked":["Hello World","Fission","Sweeping Beam+1"],"picked":"SKIP","floor":45},{"not_picked":["FTL+1","Doom and Gloom+1"],"picked":"Chaos+1","floor":48}],"player_experience":1224848,"relics_obtained":[{"floor":9.0,"key":"Symbiotic Virus"},{"floor":26.0,"key":"Sundial"},{"floor":27.0,"key":"Tiny Chest"},{"floor":31,"key":"Peace Pipe"},{"floor":36,"key":"Du-Vu Doll"},{"floor":43,"key":"Mummified Hand"}],"event_choices":[{"damage_healed":0.0,"max_hp_gain":0.0,"max_hp_loss":0.0,"gold_gain":0.0,"event_name":"Upgrade Shrine","player_choice":"Upgraded","floor":2.0,"gold_loss":0.0,"damage_taken":0.0,"cards_upgraded":["Dualcast"]},{"cards_removed":["Strike_B"],"damage_healed":0.0,"max_hp_gain":0.0,"max_hp_loss":0.0,"gold_gain":0.0,"event_name":"Living Wall","player_choice":"Forget","floor":11.0,"gold_loss":0.0,"damage_taken":0.0},{"damage_healed":0.0,"max_hp_gain":0.0,"max_hp_loss":0.0,"gold_gain":0.0,"event_name":"Match and Keep!","player_choice":"1 cards matched","floor":21.0,"gold_loss":0.0,"damage_taken":0.0,"cards_obtained":["Blizzard"]},{"damage_healed":0,"gold_gain":0,"player_choice":"Ignored","damage_taken":0,"max_hp_gain":0,"max_hp_loss":0,"event_name":"The Mausoleum","floor":30,"gold_loss":0},{"damage_healed":0,"gold_gain":0,"player_choice":"Fight","damage_taken":0,"max_hp_gain":0,"max_hp_loss":0,"event_name":"MindBloom","floor":36,"gold_loss":0},{"damage_healed":0,"gold_gain":0,"player_choice":"Embrace Madness","damage_taken":10,"max_hp_gain":0,"max_hp_loss":0,"event_name":"Winding Halls","floor":41,"gold_loss":0,"cards_obtained":["Madness","Madness"]},{"damage_healed":0,"gold_gain":0,"player_choice":"1 cards matched","damage_taken":0,"max_hp_gain":0,"max_hp_loss":0,"event_name":"Match and Keep!","floor":47,"gold_loss":0,"cards_obtained":["Seek"]}],"is_beta":false,"boss_relics":[{"not_picked":["Runic Pyramid","Inserter"],"picked":"Nuclear Battery"},{"not_picked":["Philosopher\u0027s Stone","Black Star"],"picked":"Tiny House"}],"items_purged_floors":[22,37],"is_endless":false,"potions_floor_spawned":[12,14,16,19,29,33,38,42,45],"ascension_level":0}