{"gold_per_floor":[111,111,126,141,156,156,188,201,226,236,236,304,304,319,319,417,417,429,460,460,471,471,471,500,167,194,194,116,136,136,151,151,249,249,268,168,168,181,191,218,218,231,231,231,231,243,263,52,52,52],"floor_reached":51,"playtime":1630,"items_purged":["Strike_B+1","Gash+1"],"score":874,"play_id":"4fd08bc0-7fd8-4459-9921-c0cd468b00ee","local_time":"20190506130155","is_ascension_mode":false,"campfire_choices":[{"data":"Ball Lightning","floor":6.0,"key":"SMITH"},{"data":"Zap","floor":11.0,"key":"SMITH"},{"data":"Dualcast","floor":13.0,"key":"SMITH"},{"data":"Coolheaded","floor":15.0,"key":"SMITH"},{"data":"Electrodynamics","floor":23.0,"key":"SMITH"},{"floor":27.0,"key":"REST"},{"data":"Capacitor","floor":32.0,"key":"SMITH"},{"floor":41,"key":"REST"},{"data":"Creative AI","floor":45,"key":"SMITH"},{"floor":49,"key":"REST"}],"neow_cost":"NONE","seed_source_timestamp":1349759859923486,"circlet_count":0,"master_deck":["Strike_B+1","Defend_B+1","Defend_B+1","Defend_B+1","Zap+1","Dualcast+1","Coolheaded+1","Ball Lightning+1","Electrodynamics+1","Conserve Battery+1","Capacitor+1","Creative AI+1","Stack+1","Compile Driver+1","Glacier+1","Thunder Strike"],"special_seed":0,"relics":["Cracked Core","Vajra","Oddly Smooth Stone","Gremlin Horn","Red Mask","Lantern","Singing Bowl","Pen Nib","Astrolabe","Bag of Preparation","Bottled Lightning"],"potions_floor_usage":[50,50,50],"damage_taken":[{"damage":1.0,"enemies":"Cultist","floor":1.0,"turns":3.0},{"damage":0.0,"enemies":"2 Louse","floor":3.0,"turns":2.0},{"damage":3.0,"enemies":"Small Slimes","floor":4.0,"turns":3.0},{"damage":2.0,"enemies":"3 Louse","floor":5.0,"turns":3.0},{"damage":24.0,"enemies":"3 Sentries","floor":7.0,"turns":7.0},{"damage":2.0,"enemies":"Blue Slaver","floor":8.0,"turns":4.0},{"damage":1.0,"enemies":"Red Slaver","floor":10.0,"turns":3.0},{"damage":0.0,"enemies":"Looter","floor":14.0,"turns":2.0},{"damage":24.0,"enemies":"Hexaghost","floor":16.0,"turns":9.0},{"damage":10.0,"enemies":"Shell Parasite","floor":18.0,"turns":8.0},{"damage":0.0,"enemies":"Masked Bandits","floor":19.0,"turns":2.0},{"damage":5.0,"enemies":"2 Thieves","floor":21.0,"turns":2.0},{"damage":19.0,"enemies":"Book of Stabbing","floor":24.0,"turns":6.0},{"damage":4.0,"enemies":"Snecko","floor":29.0,"turns":5.0},{"damage":2.0,"enemies":"Cultist and Chosen","floor":31.0,"turns":5.0},{"damage":20.0,"enemies":"Champ","floor":33.0,"turns":12.0},{"damage":0.0,"enemies":"3 Shapes","floor":35.0,"turns":5.0},{"damage":8.0,"enemies":"3 Darklings","floor":38.0,"turns":3.0},{"damage":14.0,"enemies":"Writhing Mass","floor":39.0,"turns":7.0},{"damage":19,"enemies":"Reptomancer","floor":40,"turns":7},{"damage":0,"enemies":"4 Shapes","floor":42,"turns":2},{"damage":22,"enemies":"Sphere and 2 Shapes","floor":46,"turns":5},{"damage":0,"enemies":"Jaw Worm Horde","floor":47,"turns":3},{"damage":0,"enemies":"Time Eater","floor":50,"turns":15}],"seed_played":"-4309784419111595392","potions_obtained":[{"floor":1.0,"key":"Swift Potion"},{"floor":7.0,"key":"PowerPotion"},{"floor":8.0,"key":"Explosive Potion"},{"floor":16.0,"key":"FearPotion"},{"floor":21.0,"key":"Dexterity Potion"},{"floor":29.0,"key":"FocusPotion"}],"is_trial":false,"path_per_floor":["M","$","M","M","M","R","E","M","T","M","R","T","R","M","R","B",null,"M","?","?","M","?","R","E","$","T","R","$","M","$","M","R","B",null,"M","$","T","M","M","E","R","M","T","?","R","M","M","$","R","B",null],"character_chosen":"DEFECT","items_purchased":["Singing Bowl","Capacitor","FocusPotion","Thunder Strike"],"campfire_rested":3,"item_purchase_floors":[25,28,48,48],"current_hp_per_floor":[81,81,81,78,76,76,52,50,50,49,49,49,49,49,49,25,82,72,72,72,67,67,67,48,48,48,72,72,70,70,70,70,50,86,88,88,88,82,70,51,78,80,80,82,82,62,64,64,94,94],"gold":52,"neow_bonus":"TEN_PERCENT_HP_BONUS","is_prod":false,"is_daily":false,"chose_seed":false,"campfire_upgraded":7,"win_rate":0,"timestamp":1557144115,"path_taken":["M","$","M","M","M","R","E","M","T","M","R","?","R","M","R","BOSS","M","?","?","M","?","R","E","$","T","R","?","M","$","M","R","BOSS","M","$","?","M","M","E","R","M","T","?","R","M","M","$","R","BOSS"],"build_version":"2019-01-23","purchased_purges":2,"victory":true,"max_hp_per_floor":[82,82,82,82,82,82,82,82,82,82,82,82,82,82,82,82,82,82,82,82,82,82,82,82,82,82,82,82,84,84,86,86,86,86,88,88,88,90,92,92,92,94,94,96,96,98,100,100,100,100],"card_choices":[{"not_picked":["Double Energy","Leap","Scrape"],"picked":"SKIP","floor":1.0},{"not_picked":["Blizzard","Self Repair","Hologram"],"picked":"SKIP","floor":3.0},{"not_picked":["Steam","Gash"],"picked":"Coolheaded","floor":4.0},{"not_picked":["Chill","Turbo"],"picked":"Ball Lightning","floor":5.0},{"not_picked":["FTL","Multi-Cast","Compile Driver"],"picked":"SKIP","floor":7.0},{"not_picked":["Redo","Streamline","Barrage"],"picked":"SKIP","floor":8.0},{"not_picked":["Chaos","Compile Driver","Beam Cell"],"picked":"SKIP","floor":10.0},{"not_picked":["Chaos","Compile Driver","Beam Cell"],"picked":"SKIP","floor":10.0},{"not_picked":["Static Discharge","Coolheaded","Cold Snap"],"picked":"SKIP","floor":14.0},{"not_picked":["Core Surge","Amplify"],"picked":"Electrodynamics","floor":16.0},{"not_picked":["Barrage","Go for the Eyes"],"picked":"Conserve Battery+1","floor":18.0},{"not_picked":["Reboot","Barrage+1","Force Field"],"picked":"SKIP","floor":21.0},{"not_picked":["Hologram","Redo+1","Core Surge"],"picked":"SKIP","floor":24.0},{"not_picked":["Barrage","Go for the Eyes","Aggregate+1"],"picked":"Singing Bowl","floor":29.0},{"not_picked":["Gash","Sunder","Conserve Battery"],"picked":"Singing Bowl","floor":31.0},{"not_picked":["Fission","Electrodynamics"],"picked":"Creative AI","floor":33.0},{"not_picked":["Leap","Double Energy","Recycle+1"],"picked":"Singing Bowl","floor":35.0},{"not_picked":["Barrage","Ball Lightning","Doom and Gloom+1"],"picked":"Singing Bowl","floor":38.0},{"not_picked":["Redo","Genetic Algorithm","Hologram+1"],"picked":"Singing Bowl","floor":39.0},{"not_picked":["Reinforced Body","Undo+1"],"picked":"Glacier+1","floor":40},{"not_picked":["Redo","Sweeping Beam+1","Turbo+1"],"picked":"Singing Bowl","floor":42},{"not_picked":["Mayhem","Flash of Steel","Secret Technique"],"picked":"Singing Bowl","floor":44},{"not_picked":["Auto Shields+1","Static Discharge","Skim+1"],"picked":"Singing Bowl","floor":46},{"not_picked":["Lockon+1","Compile Driver","Aggregate"],"picked":"Singing Bowl","floor":47}],"player_experience":1220272,"relics_obtained":[{"floor":7.0,"key":"Vajra"},{"floor":9.0,"key":"Oddly Smooth Stone"},{"floor":12.0,"key":"Gremlin Horn"},{"floor":19.0,"key":"Red Mask"},{"floor":24.0,"key":"Lantern"},{"floor":26.0,"key":"Pen Nib"},{"floor":40,"key":"Bag of Preparation"},{"floor":43,"key":"Bottled Lightning"}],"event_choices":[{"damage_healed":0.0,"max_hp_gain":0.0,"max_hp_loss":0.0,"gold_gain":0.0,"event_name":"Masked Bandits","player_choice":"Fought Bandits","floor":19.0,"gold_loss":0.0,"damage_taken":0.0},{"damage_healed":0.0,"max_hp_gain":0.0,"max_hp_loss":0.0,"gold_gain":0.0,"event_name":"Back to Basics","player_choice":"Simplicity","floor":20.0,"gold_loss":0.0,"damage_taken":0.0,"cards_upgraded":["Strike_B","Strike_B","Strike_B","Strike_B","Defend_B","Defend_B","Defend_B","Defend_B"]},{"damage_healed":0.0,"max_hp_gain":0.0,"max_hp_loss":0.0,"gold_gain":0.0,"event_name":"Cursed Tome","player_choice":"Ignored","floor":22.0,"gold_loss":0.0,"damage_taken":0.0},{"damage_healed":0,"gold_gain":0,"player_choice":"Memory 1","damage_taken":0,"max_hp_gain":0,"max_hp_loss":0,"event_name":"SensoryStone","floor":44,"gold_loss":0}],"is_beta":false,"boss_relics":[{"not_picked":["Coffee Dripper","Pandora\u0027s Box","Velvet Choker"]},{"not_picked":["Philosopher\u0027s Stone","Calling Bell"],"picked":"Astrolabe"}],"items_purged_floors":[25,36],"is_endless":false,"potions_floor_spawned":[1,7,8,16,21,29,33,35,40,42,47],"ascension_level":0}