{"gold_per_floor":[115,127,77,152,152,171,171,190,190,190,190,201,201,221,221,221],"floor_reached":16,"playtime":351,"items_purged":[],"score":92,"play_id":"5c5f65d3-a0de-4bd4-8aff-e3974684e70d","local_time":"20190606200839","is_ascension_mode":false,"campfire_choices":[{"data":"Zap","floor":7,"key":"SMITH"},{"data":"Strike_B","floor":13,"key":"SMITH"},{"data":"Strike_B","floor":15,"key":"SMITH"}],"neow_cost":"NONE","seed_source_timestamp":688404973350730,"circlet_count":0,"master_deck":["Strike_B+1","Strike_B+1","Strike_B","Strike_B","Defend_B","Defend_B","Defend_B","Defend_B+1","Zap+1","Dualcast+1","Chill","Conserve Battery"],"relics":["Cracked Core","Pantograph","Letter Opener"],"potions_floor_usage":[],"damage_taken":[{"damage":2,"enemies":"Small Slimes","floor":1,"turns":4},{"damage":0,"enemies":"2 Louse","floor":2,"turns":2},{"damage":0,"enemies":"Cultist","floor":6,"turns":3},{"damage":0,"enemies":"Exordium Wildlife","floor":8,"turns":5},{"damage":3,"enemies":"Large Slime","floor":12,"turns":5},{"damage":8,"enemies":"Gremlin Gang","floor":14,"turns":5},{"damage":16,"enemies":"Hexaghost","floor":16,"turns":6}],"seed_played":"2047257257356649557","potions_obtained":[{"floor":1,"key":"GamblersBrew"},{"floor":6,"key":"Weak Potion"},{"floor":8,"key":"AttackPotion"}],"is_trial":false,"path_per_floor":["M","M","$","?","?","M","R","M","T","?","$","M","R","M","R","B"],"character_chosen":"DEFECT","items_purchased":["Conserve Battery"],"campfire_rested":0,"item_purchase_floors":[3],"current_hp_per_floor":[80,80,80,69,53,53,53,53,53,53,53,50,50,42,42,51],"gold":221,"neow_bonus":"TEN_PERCENT_HP_BONUS","is_prod":false,"is_daily":false,"chose_seed":false,"campfire_upgraded":3,"win_rate":0,"timestamp":1559848119,"path_taken":["M","M","$","?","?","M","R","M","T","?","$","M","R","M","R","BOSS"],"build_version":"2019-01-23","purchased_purges":0,"victory":false,"max_hp_per_floor":[82,82,82,82,82,82,82,82,82,82,82,82,82,82,82,82],"card_choices":[{"not_picked":["Fusion","Rebound","Beam Cell"],"picked":"SKIP","floor":1},{"not_picked":["Beam Cell","Hello World"],"picked":"Chill","floor":2},{"not_picked":["Rebound","Go for the Eyes","Redo"],"picked":"SKIP","floor":6},{"not_picked":["Conserve Battery","Go for the Eyes","Sweeping Beam"],"picked":"SKIP","floor":8},{"not_picked":["Recycle","Melter","Conserve Battery"],"picked":"SKIP","floor":12},{"not_picked":["Lockon","Redo","Self Repair"],"picked":"SKIP","floor":14}],"player_experience":1284271,"relics_obtained":[{"floor":9,"key":"Pantograph"}],"event_choices":[{"damage_healed":0,"gold_gain":75,"player_choice":"Gather Gold","damage_taken":11,"max_hp_gain":0,"max_hp_loss":0,"event_name":"World of Goop","floor":4,"gold_loss":0},{"damage_healed":0,"gold_gain":0,"player_choice":"Entered Light","damage_taken":16,"max_hp_gain":0,"max_hp_loss":0,"event_name":"Shining Light","floor":5,"gold_loss":0,"cards_upgraded":["Dualcast","Defend_B"]},{"damage_healed":0,"gold_gain":0,"player_choice":"Gave Potion","damage_taken":0,"relics_obtained":["Letter Opener"],"max_hp_gain":0,"max_hp_loss":0,"event_name":"WeMeetAgain","floor":10,"gold_loss":0}],"is_beta":false,"boss_relics":[],"items_purged_floors":[],"is_endless":false,"potions_floor_spawned":[1,6,8],"killed_by":"Hexaghost","ascension_level":0}