{"gold_per_floor":[111,76,176,189,203,203,203,203,283,317,117,117,134,134,134,229,229,243,260,181,191,191],"floor_reached":22,"playtime":618,"items_purged":["Defend_B"],"score":184,"play_id":"125e3649-dcd7-471c-b24d-fe42110f620d","local_time":"20190514182000","is_ascension_mode":false,"campfire_choices":[{"data":"Dualcast","floor":6.0,"key":"SMITH"},{"data":"Zap","floor":8.0,"key":"SMITH"},{"data":"Defragment","floor":12.0,"key":"SMITH"},{"data":"Defragment","floor":15.0,"key":"SMITH"}],"neow_cost":"NONE","seed_source_timestamp":2061174243236959,"circlet_count":0,"master_deck":["Strike_B","Strike_B","Strike_B","Defend_B","Defend_B","Defend_B","Zap+1","Dualcast+1","Capacitor","Defragment+1","Coolheaded","All For One","Defragment+1","Conserve Battery","Ball Lightning+1","Defragment"],"special_seed":0,"relics":["Cracked Core","Boot","Tiny Chest","Singing Bowl","Matryoshka","Black Star"],"potions_floor_usage":[],"damage_taken":[{"damage":1.0,"enemies":"Cultist","floor":1.0,"turns":3.0},{"damage":0.0,"enemies":"Jaw Worm","floor":4.0,"turns":4.0},{"damage":5.0,"enemies":"2 Louse","floor":5.0,"turns":3.0},{"damage":29.0,"enemies":"Gremlin Nob","floor":10.0,"turns":4.0},{"damage":13.0,"enemies":"Exordium Thugs","floor":13.0,"turns":6.0},{"damage":27.0,"enemies":"The Guardian","floor":16.0,"turns":9.0},{"damage":15.0,"enemies":"3 Byrds","floor":18.0,"turns":4.0},{"damage":8,"enemies":"Spheric Guardian","floor":19,"turns":5},{"damage":13,"enemies":"Shelled Parasite and Fungi","floor":21,"turns":6},{"damage":17,"enemies":"Snecko","floor":22,"turns":6}],"seed_played":"-8581764426096253805","potions_obtained":[{"floor":1.0,"key":"Regen Potion"},{"floor":13.0,"key":"Poison Potion"},{"floor":16.0,"key":"Weak Potion"}],"is_trial":false,"path_per_floor":["M","$","?","M","M","R","?","R","T","E","$","R","M","T","R","B",null,"M","M","$","M","M"],"character_chosen":"DEFECT","items_purchased":["Defragment","Defragment","Conserve Battery","Defragment"],"campfire_rested":0,"item_purchase_floors":[2,11,11,20],"current_hp_per_floor":[74,74,74,74,69,69,69,69,69,42,42,42,31,31,31,6,81,68,60,60,49,32],"gold":191,"neow_bonus":"RANDOM_COMMON_RELIC","is_prod":false,"is_daily":false,"chose_seed":false,"campfire_upgraded":4,"win_rate":0,"timestamp":1557854400,"path_taken":["M","?","?","M","?","R","?","R","T","E","?","R","M","?","R","BOSS","M","M","?","M","M"],"build_version":"2019-01-23","purchased_purges":1,"victory":false,"max_hp_per_floor":[75,75,75,75,75,75,75,75,75,77,77,77,79,79,79,81,81,83,83,83,85,85],"card_choices":[{"not_picked":["Reprogram","Leap"],"picked":"Capacitor","floor":1.0},{"not_picked":["Steam","White Noise","Chaos"],"picked":"SKIP","floor":4.0},{"not_picked":["Turbo","Loop"],"picked":"Coolheaded","floor":5.0},{"not_picked":["Compile Driver","Chaos","Sunder"],"picked":"Singing Bowl","floor":10.0},{"not_picked":["Reinforced Body","Go for the Eyes","Fusion"],"picked":"Singing Bowl","floor":13.0},{"not_picked":["Biased Cognition","Amplify","Meteor Strike"],"picked":"Singing Bowl","floor":16.0},{"not_picked":["Genetic Algorithm","Steam","Leap"],"picked":"Singing Bowl","floor":18.0},{"not_picked":["Coolheaded","Go for the Eyes"],"picked":"Ball Lightning+1","floor":19},{"not_picked":["White Noise","Compile Driver","Biased Cognition"],"picked":"Singing Bowl","floor":21}],"player_experience":1236376,"relics_obtained":[{"floor":9.0,"key":"Tiny Chest"},{"floor":10.0,"key":"Singing Bowl"},{"floor":14.0,"key":"Matryoshka"}],"event_choices":[{"damage_healed":0.0,"max_hp_gain":0.0,"max_hp_loss":0.0,"gold_gain":100.0,"event_name":"Golden Shrine","player_choice":"Pray","floor":3.0,"gold_loss":0.0,"damage_taken":0.0},{"damage_healed":0.0,"max_hp_gain":0.0,"max_hp_loss":0.0,"gold_gain":0.0,"cards_transformed":["Strike_B"],"event_name":"Transmorgrifier","player_choice":"Transformed","floor":7.0,"gold_loss":0.0,"damage_taken":0.0,"cards_obtained":["All For One"]}],"is_beta":false,"boss_relics":[{"not_picked":["Fusion Hammer","Snecko Eye"],"picked":"Black Star"}],"items_purged_floors":[11],"is_endless":false,"potions_floor_spawned":[1,13,16,19],"killed_by":"Snecko","ascension_level":0}