{"gold_per_floor":[114,130,142,72,15,41,16,16,16,44,64,99,99,99,99,194,194,214,313,238,238,7,7,24,35,86,86,102,119,119,19,19,120,120,139,139,139,71,87,87,187,187,241,254,254,268,42,42,42,42],"floor_reached":51,"playtime":1691,"items_purged":["Scrape","Gash+1","Regret"],"score":661,"play_id":"fef72ff6-4580-4722-b43e-5369430ff9fc","local_time":"20190301203622","is_ascension_mode":false,"campfire_choices":[{"data":"Ball Lightning","floor":8.0,"key":"SMITH"},{"data":"Dualcast","floor":13.0,"key":"SMITH"},{"data":"Cold Snap","floor":15.0,"key":"SMITH"},{"data":"Defragment","floor":23.0,"key":"SMITH"},{"data":"Zap","floor":27.0,"key":"SMITH"},{"data":"Electrodynamics","floor":30,"key":"SMITH"},{"data":"Auto Shields","floor":32,"key":"SMITH"},{"data":"Echo Form","floor":40,"key":"SMITH"},{"data":"Defragment","floor":42,"key":"SMITH"},{"floor":49,"key":"REST"}],"neow_cost":"NONE","seed_source_timestamp":0,"circlet_count":0,"master_deck":["Zap+1","Dualcast+1","Cold Snap+1","Auto Shields+1","Ball Lightning+1","Glacier","Electrodynamics+1","Ball Lightning","Conserve Battery","BootSequence","Blizzard+1","Core Surge","Defragment+1","FTL+1","Echo Form+1","Defragment+1","Undo+1","Glacier+1"],"special_seed":0,"relics":["Cracked Core","Shuriken","StoneCalendar","Sundial","Darkstone Periapt","Regal Pillow","Thread and Needle","Pandora\u0027s Box","Whetstone","Ancient Tea Set","Cursed Key","Prayer Wheel","Blood Vial"],"potions_floor_usage":[29,46,50,50,50],"damage_taken":[{"damage":0.0,"enemies":"Cultist","floor":1.0,"turns":4.0},{"damage":2.0,"enemies":"Jaw Worm","floor":2.0,"turns":4.0},{"damage":3.0,"enemies":"Small Slimes","floor":3.0,"turns":4.0},{"damage":14.0,"enemies":"3 Sentries","floor":6.0,"turns":11.0},{"damage":8.0,"enemies":"Lagavulin","floor":10.0,"turns":7.0},{"damage":3.0,"enemies":"Looter","floor":11.0,"turns":3.0},{"damage":14.0,"enemies":"3 Sentries","floor":12.0,"turns":7.0},{"damage":5.0,"enemies":"Hexaghost","floor":16.0,"turns":9.0},{"damage":0.0,"enemies":"Chosen","floor":18.0,"turns":3.0},{"damage":0.0,"enemies":"Shell Parasite","floor":24.0,"turns":4.0},{"damage":2.0,"enemies":"Centurion and Healer","floor":25.0,"turns":4.0},{"damage":0.0,"enemies":"Snecko","floor":28.0,"turns":4.0},{"damage":8,"enemies":"Shelled Parasite and Fungi","floor":29,"turns":3},{"damage":16,"enemies":"Champ","floor":33,"turns":7},{"damage":28,"enemies":"3 Darklings","floor":35,"turns":4},{"damage":0,"enemies":"Orb Walker","floor":39,"turns":4},{"damage":0,"enemies":"Mind Bloom Boss Battle","floor":41,"turns":6},{"damage":13,"enemies":"Jaw Worm Horde","floor":44,"turns":4},{"damage":3,"enemies":"3 Darklings","floor":46,"turns":3},{"damage":13,"enemies":"Time Eater","floor":50,"turns":19}],"seed_played":"7258923193313518954","potions_obtained":[{"floor":2.0,"key":"Fire Potion"},{"floor":10.0,"key":"EssenceOfSteel"},{"floor":11.0,"key":"PowerPotion"},{"floor":24.0,"key":"Swift Potion"},{"floor":33,"key":"Poison Potion"},{"floor":46,"key":"Fruit Juice"}],"is_trial":false,"path_per_floor":["M","M","M","$","?","E","$","R","T","E","M","E","R","T","R","B",null,"M","?","$","?","$","R","M","M","T","R","M","M","R","$","R","B",null,"M","?","?","$","M","R","?","R","T","M","?","M","$","?","R","B",null],"character_chosen":"DEFECT","items_purchased":["Auto Shields","Ball Lightning","Whetstone","Defragment","Defragment","PowerPotion","PowerPotion"],"campfire_rested":1,"item_purchase_floors":[4,7,22,22,38,47,47],"current_hp_per_floor":[82,80,77,77,77,63,63,63,63,55,52,38,38,38,38,33,82,82,82,82,82,82,82,82,80,80,80,80,72,72,72,72,56,82,54,54,54,54,54,54,54,54,60,49,49,53,53,53,89,76],"gold":42,"neow_bonus":"TEN_PERCENT_HP_BONUS","is_prod":false,"is_daily":false,"chose_seed":false,"campfire_upgraded":9,"win_rate":0,"timestamp":1551472582,"path_taken":["M","?","?","$","?","E","$","R","T","E","?","E","R","?","R","BOSS","M","?","$","?","$","R","M","M","T","R","?","M","R","?","R","BOSS","M","?","?","$","M","R","?","R","T","M","?","M","$","?","R","BOSS"],"build_version":"2019-01-23","purchased_purges":3,"victory":true,"max_hp_per_floor":[82,82,82,82,82,82,82,82,82,82,82,82,82,82,82,82,82,82,82,82,82,82,82,82,82,82,82,82,82,82,82,82,82,82,82,82,82,82,82,82,82,82,88,88,84,89,89,89,89,89],"card_choices":[{"not_picked":["Rebound","Loop","Stack"],"picked":"SKIP","floor":1.0},{"not_picked":["Fission","Leap"],"picked":"Cold Snap","floor":2.0},{"not_picked":["Doom and Gloom","Hello World","Heatsinks"],"picked":"SKIP","floor":3.0},{"not_picked":["Beam Cell","Sweeping Beam","Leap"],"picked":"SKIP","floor":6.0},{"not_picked":["Auto Shields","Go for the Eyes","Force Field"],"picked":"SKIP","floor":10.0},{"not_picked":["Compile Driver","Sweeping Beam","Gash"],"picked":"SKIP","floor":11.0},{"not_picked":["Genetic Algorithm","Creative AI"],"picked":"Glacier","floor":12.0},{"not_picked":["Meteor Strike","Machine Learning"],"picked":"Electrodynamics","floor":16.0},{"not_picked":["Cold Snap+1","Rebound","Coolheaded"],"picked":"SKIP","floor":18.0},{"not_picked":["Stack","Go for the Eyes","Compile Driver+1"],"picked":"SKIP","floor":24.0},{"not_picked":["Reboot","Barrage","Consume"],"picked":"SKIP","floor":25.0},{"not_picked":["Redo","Force Field"],"picked":"FTL+1","floor":28.0},{"not_picked":["Hologram","Scrape","Melter"],"picked":"SKIP","floor":29},{"not_picked":["Machine Learning","Fission"],"picked":"Echo Form","floor":33},{"not_picked":["Redo+1","Steam Power+1","Loop+1"],"picked":"SKIP","floor":35},{"not_picked":["Cold Snap+1","Auto Shields+1"],"picked":"Undo+1","floor":39},{"not_picked":["Coolheaded","Rebound","Rip and Tear+1"],"picked":"SKIP","floor":44},{"not_picked":["Hologram","Leap","Barrage+1"],"picked":"SKIP","floor":44},{"not_picked":["Ball Lightning","FTL"],"picked":"Glacier+1","floor":46},{"not_picked":["Multi-Cast","Tempest+1","Turbo"],"picked":"SKIP","floor":46}],"player_experience":1075961,"relics_obtained":[{"floor":6.0,"key":"StoneCalendar"},{"floor":9.0,"key":"Sundial"},{"floor":10.0,"key":"Darkstone Periapt"},{"floor":12.0,"key":"Regal Pillow"},{"floor":14.0,"key":"Thread and Needle"},{"floor":26.0,"key":"Ancient Tea Set"},{"floor":41,"key":"Prayer Wheel"},{"floor":43,"key":"Blood Vial"}],"event_choices":[{"damage_healed":0.0,"max_hp_gain":0.0,"max_hp_loss":0.0,"gold_gain":0.0,"event_name":"WeMeetAgain","player_choice":"Paid Gold","floor":5.0,"gold_loss":57.0,"damage_taken":0.0,"relics_obtained":["Shuriken"]},{"damage_healed":0.0,"max_hp_gain":0.0,"max_hp_loss":0.0,"gold_gain":99.0,"event_name":"Nest","player_choice":"Stole From Cult","floor":19.0,"gold_loss":0.0,"damage_taken":0.0},{"damage_healed":0.0,"max_hp_gain":0.0,"max_hp_loss":0.0,"gold_gain":0.0,"event_name":"NoteForYourself","player_choice":"Ignored","floor":21.0,"gold_loss":0.0,"damage_taken":0.0},{"damage_healed":0,"gold_gain":0,"player_choice":"Ignored","damage_taken":0,"max_hp_gain":0,"max_hp_loss":0,"event_name":"Tomb of Lord Red Mask","floor":36,"gold_loss":0},{"cards_removed":["FTL"],"damage_healed":0,"gold_gain":0,"player_choice":"Removed Attack","damage_taken":0,"max_hp_gain":0,"max_hp_loss":0,"event_name":"Falling","floor":37,"gold_loss":0},{"damage_healed":0,"gold_gain":0,"player_choice":"Fight","damage_taken":0,"max_hp_gain":0,"max_hp_loss":0,"event_name":"MindBloom","floor":41,"gold_loss":0},{"damage_healed":0,"gold_gain":0,"player_choice":"Max HP","damage_taken":0,"max_hp_gain":0,"max_hp_loss":4,"event_name":"Winding Halls","floor":45,"gold_loss":0},{"damage_healed":0,"gold_gain":0,"player_choice":"Memory 1","damage_taken":0,"max_hp_gain":0,"max_hp_loss":0,"event_name":"SensoryStone","floor":48,"gold_loss":0}],"is_beta":false,"boss_relics":[{"not_picked":["FrozenCore","Velvet Choker"],"picked":"Pandora\u0027s Box"},{"not_picked":["Lizard Tail","Busted Crown"],"picked":"Cursed Key"}],"items_purged_floors":[20,31,47],"is_endless":false,"potions_floor_spawned":[2,10,11,12,24,25,33,46],"ascension_level":0}