{"gold_per_floor":[116,116,133,148,160,160,209,209,232,232,248,282,282,282,282,282],"floor_reached":16,"playtime":285,"items_purged":[],"score":100,"play_id":"da5b49e4-e42d-4dff-8f0f-109ed189a9af","local_time":"20190526114303","is_ascension_mode":false,"campfire_choices":[{"data":"Dualcast","floor":6,"key":"SMITH"},{"data":"Defragment","floor":8,"key":"SMITH"},{"data":"Zap","floor":15,"key":"SMITH"}],"neow_cost":"NONE","seed_source_timestamp":3074559805977055,"circlet_count":0,"master_deck":["Strike_B","Strike_B","Strike_B","Strike_B","Defend_B","Defend_B","Defend_B","Defend_B","Zap+1","Dualcast+1","Chill","Blizzard","Defragment+1"],"special_seed":0,"relics":["Cracked Core","Smiling Mask","Anchor","Boot"],"potions_floor_usage":[11],"damage_taken":[{"damage":0.0,"enemies":"2 Louse","floor":1.0,"turns":2.0},{"damage":0.0,"enemies":"Cultist","floor":3.0,"turns":3.0},{"damage":10,"enemies":"Small Slimes","floor":4,"turns":3},{"damage":5,"enemies":"2 Fungi Beasts","floor":5,"turns":4},{"damage":0,"enemies":"Large Slime","floor":11,"turns":4},{"damage":13,"enemies":"3 Sentries","floor":12,"turns":8},{"damage":0,"enemies":"The Guardian","floor":16,"turns":1}],"seed_played":"8769448373426109770","potions_obtained":[{"floor":3.0,"key":"Swift Potion"},{"floor":5,"key":"SteroidPotion"},{"floor":11,"key":"EntropicBrew"}],"is_trial":false,"path_per_floor":["M","?","M","M","M","R","T","R","T","$","M","E","?","$","R","B"],"character_chosen":"DEFECT","items_purchased":[],"campfire_rested":0,"item_purchase_floors":[],"current_hp_per_floor":[75,75,75,65,60,60,60,60,60,60,60,47,52,52,52,52],"gold":282,"neow_bonus":"THREE_CARDS","is_prod":false,"is_daily":false,"chose_seed":false,"campfire_upgraded":3,"win_rate":0,"timestamp":1558867383,"path_taken":["M","?","M","M","M","R","?","R","T","$","?","E","?","$","R","BOSS"],"build_version":"2019-01-23","purchased_purges":0,"victory":false,"max_hp_per_floor":[75,75,75,75,75,75,75,75,75,75,75,75,80,80,80,80],"card_choices":[{"not_picked":["Sweeping Beam","Turbo"],"picked":"Chill","floor":0.0},{"not_picked":["Beam Cell","Heatsinks","Gash"],"picked":"SKIP","floor":1.0},{"not_picked":["Chill","Recycle"],"picked":"Blizzard","floor":3.0},{"not_picked":["Streamline","Leap"],"picked":"Defragment","floor":4},{"not_picked":["Lockon","Aggregate","Streamline"],"picked":"SKIP","floor":5},{"not_picked":["Streamline","Doom and Gloom","Blizzard"],"picked":"SKIP","floor":11},{"not_picked":["Gash","Go for the Eyes","Self Repair"],"picked":"SKIP","floor":12}],"player_experience":1257867,"relics_obtained":[{"floor":7,"key":"Smiling Mask"},{"floor":9,"key":"Anchor"},{"floor":12,"key":"Boot"}],"event_choices":[{"damage_healed":0.0,"max_hp_gain":0.0,"max_hp_loss":0.0,"gold_gain":0.0,"event_name":"The Woman in Blue","player_choice":"Bought 0 Potions","floor":2.0,"gold_loss":0.0,"damage_taken":0.0},{"damage_healed":0,"gold_gain":0,"player_choice":"Donut","damage_taken":0,"max_hp_gain":5,"max_hp_loss":0,"event_name":"Big Fish","floor":13,"gold_loss":0}],"is_beta":false,"boss_relics":[],"items_purged_floors":[],"is_endless":false,"potions_floor_spawned":[3,5,11],"killed_by":"The Guardian","ascension_level":0}