{"gold_per_floor":[216,235,235,235,235,197,215,215,215,215,235,235,262,274,274,274],"floor_reached":16,"playtime":487,"items_purged":[],"score":100,"play_id":"c1a57cdd-8d79-4a49-85d8-c379f629de23","local_time":"20190216150612","is_ascension_mode":false,"campfire_choices":[{"data":"Zap","floor":8.0,"key":"SMITH"},{"data":"Dualcast","floor":10,"key":"SMITH"},{"data":"Coolheaded","floor":12,"key":"SMITH"},{"data":"Creative AI","floor":15,"key":"SMITH"}],"neow_cost":"NONE","seed_source_timestamp":357268567559447,"circlet_count":0,"master_deck":["Strike_B","Strike_B","Strike_B","Defend_B","Defend_B","Defend_B","Zap+1","Dualcast+1","Coolheaded+1","Undo","Capacitor","Creative AI+1"],"special_seed":0,"relics":["Cracked Core","Bronze Scales"],"potions_floor_usage":[],"damage_taken":[{"damage":0.0,"enemies":"2 Louse","floor":1.0,"turns":2.0},{"damage":0.0,"enemies":"Cultist","floor":2.0,"turns":4.0},{"damage":0.0,"enemies":"Jaw Worm","floor":7.0,"turns":5.0},{"damage":2,"enemies":"Gremlin Gang","floor":11,"turns":6},{"damage":17,"enemies":"3 Sentries","floor":13,"turns":11},{"damage":6,"enemies":"2 Fungi Beasts","floor":14,"turns":4},{"damage":55,"enemies":"Slime Boss","floor":16,"turns":6}],"seed_played":"-6214095106519316557","potions_obtained":[{"floor":1.0,"key":"SkillPotion"},{"floor":2.0,"key":"AttackPotion"},{"floor":11,"key":"FearPotion"}],"is_trial":false,"path_per_floor":["M","M","?","$","?","$","M","R","T","R","M","R","E","M","R","B"],"character_chosen":"DEFECT","items_purchased":["Undo"],"campfire_rested":0,"item_purchase_floors":[6],"current_hp_per_floor":[75,75,75,75,75,75,75,75,75,75,73,73,56,50,50,0],"gold":274,"neow_bonus":"HUNDRED_GOLD","is_prod":false,"is_daily":false,"chose_seed":false,"campfire_upgraded":4,"win_rate":0,"timestamp":1550329572,"path_taken":["M","M","?","?","?","$","M","R","T","R","?","R","E","M","R","BOSS"],"build_version":"2019-01-23","purchased_purges":0,"victory":false,"max_hp_per_floor":[75,75,75,75,75,75,75,75,75,75,75,75,75,75,75,75],"card_choices":[{"not_picked":["Storm","Rebound","Streamline"],"picked":"SKIP","floor":1.0},{"not_picked":["Fusion","Barrage"],"picked":"Coolheaded","floor":2.0},{"not_picked":["Gash","Static Discharge","Compile Driver"],"picked":"SKIP","floor":7.0},{"not_picked":["Go for the Eyes","Coolheaded"],"picked":"Capacitor","floor":11},{"not_picked":["Streamline","Scrape"],"picked":"Creative AI","floor":13},{"not_picked":["Blizzard","Redo","Static Discharge"],"picked":"SKIP","floor":14}],"player_experience":1043669,"relics_obtained":[{"floor":13,"key":"Bronze Scales"}],"event_choices":[{"cards_removed":["Strike_B"],"damage_healed":0.0,"max_hp_gain":0.0,"max_hp_loss":0.0,"gold_gain":0.0,"event_name":"Bonfire Elementals","player_choice":"Offered Basic","floor":3.0,"gold_loss":0.0,"damage_taken":0.0},{"cards_removed":["Defend_B"],"damage_healed":0.0,"max_hp_gain":0.0,"max_hp_loss":0.0,"gold_gain":0.0,"event_name":"Wheel of Change","player_choice":"Card Removal","floor":5.0,"gold_loss":0.0,"damage_taken":0.0}],"is_beta":false,"boss_relics":[],"items_purged_floors":[],"is_endless":false,"potions_floor_spawned":[1,2,11],"killed_by":"Slime Boss","ascension_level":0}