{"gold_per_floor":[211,238,91,102,27,27,41,57,57,57,57,88,88,88,88,189,189,189,189,189,129,129,129,129,129,129,129,129,129,29,29,29,29],"floor_reached":33,"playtime":611,"items_purged":["Strike_B","Writhe"],"score":268,"play_id":"78f1b282-d103-44ac-9116-2ea4e9e16e7b","local_time":"20190607232020","is_ascension_mode":false,"campfire_choices":[{"data":"Dualcast","floor":6.0,"key":"SMITH"},{"data":"Zap","floor":10.0,"key":"SMITH"},{"data":"Ball Lightning","floor":15.0,"key":"SMITH"},{"data":"Capacitor","floor":23.0,"key":"SMITH"},{"floor":27.0,"key":"REST"},{"floor":32,"key":"REST"}],"neow_cost":"NONE","seed_source_timestamp":0,"circlet_count":0,"master_deck":["Strike_B","Strike_B","Strike_B","Defend_B","Defend_B","Defend_B","Zap+1","Dualcast+1","Capacitor+1","Ball Lightning+1","Conserve Battery+1"],"special_seed":0,"relics":["Cracked Core","Blood Vial","DataDisk","Sundial","Singing Bowl","Ectoplasm","Ginger","Darkstone Periapt"],"potions_floor_usage":[33],"damage_taken":[{"damage":0.0,"enemies":"Cultist","floor":1.0,"turns":4.0},{"damage":1.0,"enemies":"Jaw Worm","floor":4.0,"turns":3.0},{"damage":0.0,"enemies":"Small Slimes","floor":7.0,"turns":2.0},{"damage":5.0,"enemies":"Exordium Thugs","floor":8.0,"turns":3.0},{"damage":13.0,"enemies":"Gremlin Nob","floor":12.0,"turns":3.0},{"damage":11.0,"enemies":"Slime Boss","floor":16.0,"turns":7.0},{"damage":16.0,"enemies":"Shell Parasite","floor":18.0,"turns":4.0},{"damage":15.0,"enemies":"2 Thieves","floor":21.0,"turns":4.0},{"damage":17.0,"enemies":"Snake Plant","floor":22.0,"turns":4.0},{"damage":17.0,"enemies":"Shelled Parasite and Fungi","floor":24.0,"turns":6.0},{"damage":19.0,"enemies":"Centurion and Healer","floor":25.0,"turns":7.0},{"damage":0,"enemies":"Automaton","floor":33,"turns":2}],"seed_played":"-1058143281557986722","potions_obtained":[{"floor":1.0,"key":"Swift Potion"},{"floor":4.0,"key":"SteroidPotion"},{"floor":7.0,"key":"AttackPotion"},{"floor":14.0,"key":"Strength Potion"},{"floor":21.0,"key":"SkillPotion"}],"is_trial":false,"path_per_floor":["M","T","$","M","$","R","M","M","T","R","$","E","?","?","R","B",null,"M","?","$","M","M","R","M","M","T","R","?","?","$","?","R","B"],"character_chosen":"DEFECT","items_purchased":["DataDisk"],"campfire_rested":2,"item_purchase_floors":[3],"current_hp_per_floor":[75,75,75,74,74,74,75,70,70,70,70,61,61,61,61,54,79,65,65,65,52,39,39,26,11,11,37,43,43,43,34,61,63],"gold":29,"neow_bonus":"HUNDRED_GOLD","is_prod":false,"is_daily":false,"chose_seed":false,"campfire_upgraded":4,"win_rate":0,"timestamp":1559946020,"path_taken":["M","?","$","M","?","R","M","M","T","R","$","E","?","?","R","BOSS","M","?","$","M","M","R","?","M","T","R","?","?","$","?","R","BOSS"],"build_version":"2019-01-23","purchased_purges":2,"victory":false,"max_hp_per_floor":[75,75,75,75,75,75,75,75,75,75,75,77,77,77,77,79,79,81,81,81,81,83,83,85,87,87,87,93,93,93,93,93,93],"card_choices":[{"not_picked":["Loop","Rebound"],"picked":"Capacitor","floor":1.0},{"not_picked":["White Noise","Beam Cell"],"picked":"Ball Lightning","floor":4.0},{"not_picked":["Leap","Hologram","Lockon"],"picked":"SKIP","floor":7.0},{"not_picked":["Redo","Force Field","Auto Shields"],"picked":"SKIP","floor":8.0},{"not_picked":["Amplify","Streamline","Storm"],"picked":"Singing Bowl","floor":12.0},{"not_picked":["Amplify","Biased Cognition","Seek"],"picked":"Singing Bowl","floor":16.0},{"not_picked":["Rebound+1","Stack","Go for the Eyes"],"picked":"Singing Bowl","floor":18.0},{"not_picked":["Steam","Rip and Tear"],"picked":"Conserve Battery+1","floor":21.0},{"not_picked":["Barrage","Go for the Eyes","Skim"],"picked":"Singing Bowl","floor":22.0},{"not_picked":["Go for the Eyes","Ball Lightning+1","Double Energy"],"picked":"Singing Bowl","floor":24.0},{"not_picked":["Steam","Leap","Redo"],"picked":"Singing Bowl","floor":25.0}],"player_experience":1285030,"relics_obtained":[{"floor":2.0,"key":"Blood Vial"},{"floor":9.0,"key":"Sundial"},{"floor":12.0,"key":"Singing Bowl"},{"floor":26.0,"key":"Ginger"}],"event_choices":[{"damage_healed":0.0,"max_hp_gain":0.0,"max_hp_loss":0.0,"gold_gain":0.0,"event_name":"The Cleric","player_choice":"Leave","floor":13.0,"gold_loss":0.0,"damage_taken":0.0},{"damage_healed":0.0,"max_hp_gain":0.0,"max_hp_loss":0.0,"gold_gain":0.0,"event_name":"Lab","player_choice":"Got Potions","floor":14.0,"gold_loss":0.0,"damage_taken":0.0},{"cards_removed":["Defend_B"],"damage_healed":0.0,"max_hp_gain":0.0,"max_hp_loss":0.0,"gold_gain":0.0,"event_name":"Bonfire Elementals","player_choice":"Offered Basic","floor":19.0,"gold_loss":0.0,"damage_taken":0.0},{"damage_healed":0,"gold_gain":0,"player_choice":"Opened","damage_taken":0,"relics_obtained":["Darkstone Periapt"],"max_hp_gain":0,"max_hp_loss":0,"event_name":"The Mausoleum","floor":28,"gold_loss":0,"cards_obtained":["Writhe"]},{"damage_healed":0,"gold_gain":0,"player_choice":"Ignored","damage_taken":0,"max_hp_gain":0,"max_hp_loss":0,"event_name":"Cursed Tome","floor":29,"gold_loss":0},{"damage_healed":0,"gold_gain":0,"player_choice":"Damaged","damage_taken":9,"max_hp_gain":0,"max_hp_loss":0,"event_name":"Wheel of Change","floor":31,"gold_loss":0}],"is_beta":false,"boss_relics":[{"not_picked":["Coffee Dripper","Runic Pyramid"],"picked":"Ectoplasm"}],"items_purged_floors":[5,30],"is_endless":false,"potions_floor_spawned":[1,4,7,21,24,25],"killed_by":"Automaton","ascension_level":0}