{"gold_per_floor":[109,109,284,284,132,166,166,166,166,166,186,186,197,210,210,308,308,318,334,334,47,65,65,65,65,92,7,7,27,42,77,77,77],"floor_reached":33,"playtime":915,"items_purged":[],"score":263,"play_id":"5b4ced27-10b8-4780-b9c1-37d8a8a79824","local_time":"20190502215003","is_ascension_mode":false,"campfire_choices":[{"data":"Defragment","floor":7.0,"key":"SMITH"},{"data":"Zap","floor":12.0,"key":"SMITH"},{"data":"Ball Lightning","floor":15.0,"key":"SMITH"},{"data":"Buffer","floor":23.0,"key":"SMITH"},{"data":"Coolheaded","floor":25.0,"key":"SMITH"},{"floor":32,"key":"REST"}],"neow_cost":"NONE","seed_source_timestamp":1036683214290349,"circlet_count":0,"master_deck":["Strike_B","Strike_B","Strike_B","Strike_B","Defend_B","Defend_B","Defend_B+1","Defend_B","Zap+1","Dualcast+1","Defragment+1","Ball Lightning+1","Buffer+1","Coolheaded+1","Conserve Battery+1","Darkness+1","White Noise","Undo"],"special_seed":0,"relics":["FrozenCore","Bag of Preparation","Orichalcum","War Paint","Bag of Marbles","Symbiotic Virus","Enchiridion","Bird Faced Urn","Centennial Puzzle","Ginger"],"potions_floor_usage":[31],"damage_taken":[{"damage":0.0,"enemies":"2 Louse","floor":1.0,"turns":2.0},{"damage":6.0,"enemies":"3 Sentries","floor":6.0,"turns":9.0},{"damage":0.0,"enemies":"Small Slimes","floor":11.0,"turns":2.0},{"damage":0.0,"enemies":"Cultist","floor":13.0,"turns":2.0},{"damage":3.0,"enemies":"Large Slime","floor":14.0,"turns":3.0},{"damage":22.0,"enemies":"Hexaghost","floor":16.0,"turns":6.0},{"damage":5.0,"enemies":"3 Byrds","floor":18.0,"turns":5.0},{"damage":0.0,"enemies":"2 Thieves","floor":19.0,"turns":3.0},{"damage":1.0,"enemies":"Centurion and Healer","floor":22.0,"turns":9.0},{"damage":8.0,"enemies":"Snake Plant","floor":29.0,"turns":4.0},{"damage":0.0,"enemies":"Cultist and Chosen","floor":30.0,"turns":5.0},{"damage":97.0,"enemies":"Gremlin Leader","floor":31.0,"turns":12.0},{"damage":0,"enemies":"Champ","floor":33,"turns":3}],"seed_played":"1039309777995086651","potions_obtained":[{"floor":13.0,"key":"Regen Potion"},{"floor":14.0,"key":"SpeedPotion"},{"floor":16.0,"key":"SmokeBomb"},{"floor":22.0,"key":"Regen Potion"},{"floor":31,"key":"Fruit Juice"}],"is_trial":false,"path_per_floor":["M","?","?","?","$","E","R","$","T","?","M","R","M","M","R","B",null,"M","M","?","$","M","R","$","R","T","?","?","M","M","E","R","B"],"character_chosen":"DEFECT","items_purchased":["War Paint","Bird Faced Urn"],"campfire_rested":1,"item_purchase_floors":[5,21],"current_hp_per_floor":[75,68,68,61,61,55,55,55,55,55,55,55,55,52,52,30,75,70,70,54,54,59,59,59,59,59,59,59,59,71,22,46,54],"gold":77,"neow_bonus":"RANDOM_COMMON_RELIC","is_prod":false,"is_daily":false,"chose_seed":false,"campfire_upgraded":5,"win_rate":0,"timestamp":1556830203,"path_taken":["M","?","?","?","$","E","R","$","T","?","?","R","M","M","R","BOSS","M","M","?","$","M","R","$","R","T","?","?","M","M","E","R","BOSS"],"build_version":"2019-01-23","purchased_purges":0,"victory":false,"max_hp_per_floor":[75,75,75,75,75,75,75,75,75,75,75,75,75,75,75,75,75,75,75,75,75,75,75,75,75,75,75,75,75,75,80,80,80],"card_choices":[{"not_picked":["Steam","Barrage","Darkness"],"picked":"SKIP","floor":1.0},{"not_picked":["Glacier","Gash"],"picked":"Defragment","floor":6.0},{"not_picked":["Barrage","Gash","FTL"],"picked":"SKIP","floor":11.0},{"not_picked":["Beam Cell","Rip and Tear","Storm"],"picked":"SKIP","floor":13.0},{"not_picked":["Hello World","Hologram"],"picked":"Ball Lightning","floor":14.0},{"not_picked":["Core Surge","Multi-Cast"],"picked":"Buffer","floor":16.0},{"not_picked":["Skim","Recycle"],"picked":"Coolheaded","floor":18.0},{"not_picked":["Redo","Aggregate"],"picked":"Conserve Battery+1","floor":19.0},{"not_picked":["Hologram","Leap"],"picked":"Darkness+1","floor":22.0},{"not_picked":["Auto Shields","Stack","Beam Cell"],"picked":"SKIP","floor":29.0},{"not_picked":["Hologram","Steam"],"picked":"Undo","floor":30.0},{"not_picked":["Leap","Undo","Steam"],"picked":"SKIP","floor":31}],"player_experience":1212533,"relics_obtained":[{"floor":6.0,"key":"Bag of Marbles"},{"floor":9.0,"key":"Symbiotic Virus"},{"floor":20.0,"key":"Enchiridion"},{"floor":26.0,"key":"Centennial Puzzle"}],"event_choices":[{"damage_healed":0.0,"max_hp_gain":0.0,"max_hp_loss":0.0,"gold_gain":0.0,"event_name":"Scrap Ooze","player_choice":"Success","floor":2.0,"gold_loss":0.0,"damage_taken":7.0,"relics_obtained":["Orichalcum"]},{"damage_healed":0.0,"max_hp_gain":0.0,"max_hp_loss":0.0,"gold_gain":175.0,"event_name":"Liars Game","player_choice":"AGREE","floor":3.0,"gold_loss":0.0,"damage_taken":0.0,"cards_obtained":["Doubt"]},{"cards_removed":["Doubt"],"damage_healed":0.0,"max_hp_gain":0.0,"max_hp_loss":0.0,"gold_gain":0.0,"event_name":"Golden Wing","player_choice":"Card Removal","floor":4.0,"gold_loss":0.0,"damage_taken":7.0},{"damage_healed":0.0,"max_hp_gain":0.0,"max_hp_loss":0.0,"gold_gain":0.0,"event_name":"Match and Keep!","player_choice":"0 cards matched","floor":10.0,"gold_loss":0.0,"damage_taken":0.0,"cards_obtained":[]},{"damage_healed":0.0,"max_hp_gain":0.0,"max_hp_loss":0.0,"gold_gain":0.0,"event_name":"Cursed Tome","player_choice":"Obtained Book","floor":20.0,"gold_loss":0.0,"damage_taken":16.0},{"damage_healed":0.0,"max_hp_gain":0.0,"max_hp_loss":0.0,"gold_gain":0.0,"event_name":"Addict","player_choice":"Obtained Relic","floor":27.0,"gold_loss":85.0,"damage_taken":0.0,"relics_obtained":["Ginger"]},{"damage_healed":0.0,"max_hp_gain":0.0,"max_hp_loss":0.0,"gold_gain":0.0,"event_name":"The Library","player_choice":"Read","floor":28.0,"gold_loss":0.0,"damage_taken":0.0,"cards_obtained":["White Noise"]}],"is_beta":false,"boss_relics":[{"not_picked":["Orrery","Inserter"],"picked":"FrozenCore"}],"items_purged_floors":[],"is_endless":false,"potions_floor_spawned":[13,14,16,22,31],"killed_by":"Champ","ascension_level":0}