{"gold_per_floor":[109,109,120,120,120,120,139,139,139,88,113,144,144,144,144,272,272,293,218,150,175,175,175,175,175,200,200,213,113,113,113,113,236,236,255,255,278,278,299,343,343,343,343,149,70,0,0,0,0,0],"floor_reached":51,"playtime":1174,"items_purged":["Strike_B","Decay"],"score":665,"play_id":"fccfb87c-df52-4435-b30d-52fa88ee2b60","local_time":"20190302151305","is_ascension_mode":false,"campfire_choices":[{"data":"Strike_B","floor":6.0,"key":"SMITH"},{"data":"Electrodynamics","floor":13.0,"key":"SMITH"},{"data":"Coolheaded","floor":15.0,"key":"SMITH"},{"data":"Defragment","floor":23.0,"key":"SMITH"},{"data":"Echo Form","floor":25.0,"key":"SMITH"},{"data":"Capacitor","floor":27.0,"key":"SMITH"},{"data":"Capacitor","floor":30.0,"key":"SMITH"},{"data":"Defend_B","floor":32.0,"key":"SMITH"},{"data":"Echo Form","floor":41.0,"key":"SMITH"},{"data":"Defragment","floor":47,"key":"SMITH"},{"data":"Defend_B","floor":49,"key":"SMITH"}],"neow_cost":"NONE","seed_source_timestamp":1566512880652181,"circlet_count":0,"master_deck":["Defend_B+1","Defend_B+1","Defend_B","Zap+1","Dualcast+1","Coolheaded+1","Conserve Battery+1","Electrodynamics+1","Echo Form+1","Defragment+1","Capacitor+1","Capacitor+1","Echo Form+1","Darkness+1","Go for the Eyes+1","Defragment+1","Defragment+1","Doubt"],"special_seed":0,"relics":["Cracked Core","Golden Idol","Symbiotic Virus","Sundial","Cursed Key","Happy Flower","Empty Cage","Darkstone Periapt","DollysMirror","Red Mask"],"potions_floor_usage":[50,50],"damage_taken":[{"damage":0.0,"enemies":"Small Slimes","floor":1.0,"turns":3.0},{"damage":0.0,"enemies":"Cultist","floor":3.0,"turns":3.0},{"damage":0.0,"enemies":"2 Louse","floor":7.0,"turns":2.0},{"damage":3.0,"enemies":"Red Slaver","floor":11.0,"turns":3.0},{"damage":9.0,"enemies":"Gremlin Nob","floor":12.0,"turns":3.0},{"damage":31.0,"enemies":"The Guardian","floor":16.0,"turns":11.0},{"damage":10.0,"enemies":"2 Thieves","floor":18.0,"turns":4.0},{"damage":5.0,"enemies":"Spheric Guardian","floor":21.0,"turns":4.0},{"damage":3.0,"enemies":"3 Cultists","floor":28.0,"turns":3.0},{"damage":21.0,"enemies":"Collector","floor":33.0,"turns":8.0},{"damage":0.0,"enemies":"3 Shapes","floor":35.0,"turns":4.0},{"damage":11.0,"enemies":"Orb Walker","floor":37.0,"turns":4.0},{"damage":13.0,"enemies":"Maw","floor":39.0,"turns":7.0},{"damage":12.0,"enemies":"Reptomancer","floor":40.0,"turns":6.0},{"damage":79,"enemies":"Donu and Deca","floor":50,"turns":9}],"seed_played":"-6137614841327762997","potions_obtained":[{"floor":1.0,"key":"Weak Potion"},{"floor":16.0,"key":"Weak Potion"},{"floor":21.0,"key":"FocusPotion"},{"floor":35.0,"key":"SkillPotion"}],"is_trial":false,"path_per_floor":["M","?","M","?","$","R","M","?","T","$","M","E","R","?","R","B",null,"M","$","$","M","?","R","$","R","T","R","M","$","R","?","R","B",null,"M","?","M","?","M","E","R","?","T","$","$","?","R","?","R","B",null],"character_chosen":"DEFECT","items_purchased":["Conserve Battery","Defragment","DollysMirror","Defragment"],"campfire_rested":0,"item_purchase_floors":[10,20,44,45],"current_hp_per_floor":[75,75,75,57,57,57,57,62,62,62,59,50,50,50,50,19,80,70,70,70,65,65,65,65,65,65,65,62,62,62,62,62,41,80,80,80,69,69,56,44,44,44,44,44,44,44,44,86,86,7],"gold":0,"neow_bonus":"UPGRADE_CARD","is_prod":false,"is_daily":false,"chose_seed":false,"campfire_upgraded":11,"win_rate":0,"timestamp":1551539585,"path_taken":["M","?","M","?","$","R","M","?","T","$","M","E","R","?","R","BOSS","M","$","?","M","?","R","$","R","T","R","?","$","R","?","R","BOSS","M","?","M","?","M","E","R","?","T","?","$","?","R","?","R","BOSS"],"build_version":"2019-01-23","purchased_purges":2,"victory":true,"max_hp_per_floor":[75,75,75,75,75,75,75,80,80,80,80,80,80,80,80,80,80,80,80,80,80,80,80,80,80,80,80,80,80,80,80,80,80,80,80,80,80,80,80,80,80,80,80,80,80,80,80,86,86,86],"card_choices":[{"not_picked":["Consume","Turbo","Sweeping Beam"],"picked":"SKIP","floor":1.0},{"not_picked":["Turbo","Barrage","Stack"],"picked":"SKIP","floor":3.0},{"not_picked":["Turbo","Cold Snap"],"picked":"Coolheaded","floor":7.0},{"not_picked":["Steam","Go for the Eyes"],"picked":"Electrodynamics","floor":11.0},{"not_picked":["Leap","Blizzard","Compile Driver"],"picked":"SKIP","floor":12.0},{"not_picked":["Creative AI","Seek"],"picked":"Echo Form","floor":16.0},{"not_picked":["Gash","Barrage","Turbo+1"],"picked":"SKIP","floor":18.0},{"not_picked":["Leap+1","Compile Driver"],"picked":"Capacitor","floor":21.0},{"not_picked":["Conserve Battery","Darkness"],"picked":"Capacitor","floor":28.0},{"not_picked":["All For One","Seek"],"picked":"Echo Form","floor":33.0},{"not_picked":["Rebound","Sunder","Redo+1"],"picked":"SKIP","floor":35.0},{"not_picked":["Conserve Battery","Go for the Eyes"],"picked":"Darkness+1","floor":37.0},{"not_picked":["Reboot","Scrape","Consume"],"picked":"SKIP","floor":39.0},{"not_picked":["Gash+1","Consume+1"],"picked":"Go for the Eyes+1","floor":40.0}],"player_experience":1077652,"relics_obtained":[{"floor":9.0,"key":"Symbiotic Virus"},{"floor":12.0,"key":"Sundial"},{"floor":26.0,"key":"Happy Flower"},{"floor":40.0,"key":"Darkstone Periapt"}],"event_choices":[{"damage_healed":0.0,"max_hp_gain":0.0,"max_hp_loss":0.0,"gold_gain":0.0,"event_name":"Living Wall","player_choice":"Grow","floor":2.0,"gold_loss":0.0,"damage_taken":0.0,"cards_upgraded":["Zap"]},{"damage_healed":0.0,"max_hp_gain":0.0,"max_hp_loss":0.0,"gold_gain":0.0,"event_name":"Golden Idol","player_choice":"Take Damage","floor":4.0,"gold_loss":0.0,"damage_taken":18.0,"relics_obtained":["Golden Idol"]},{"damage_healed":0.0,"max_hp_gain":5.0,"max_hp_loss":0.0,"gold_gain":0.0,"event_name":"Big Fish","player_choice":"Donut","floor":8.0,"gold_loss":0.0,"damage_taken":0.0},{"damage_healed":0.0,"max_hp_gain":0.0,"max_hp_loss":0.0,"gold_gain":0.0,"event_name":"Accursed Blacksmith","player_choice":"Forge","floor":14.0,"gold_loss":0.0,"damage_taken":0.0,"cards_upgraded":["Conserve Battery"]},{"cards_removed":["Strike_B"],"damage_healed":0.0,"max_hp_gain":0.0,"max_hp_loss":0.0,"gold_gain":0.0,"event_name":"Purifier","player_choice":"Purged","floor":22.0,"gold_loss":0.0,"damage_taken":0.0},{"damage_healed":0.0,"max_hp_gain":0.0,"max_hp_loss":0.0,"gold_gain":0.0,"event_name":"Mysterious Sphere","player_choice":"Ignored","floor":36.0,"gold_loss":0.0,"damage_taken":0.0},{"cards_removed":["Strike_B"],"damage_healed":0.0,"max_hp_gain":0.0,"max_hp_loss":0.0,"gold_gain":0.0,"event_name":"Falling","player_choice":"Removed Attack","floor":38.0,"gold_loss":0.0,"damage_taken":0.0},{"damage_healed":0.0,"max_hp_gain":0.0,"max_hp_loss":0.0,"gold_gain":0.0,"event_name":"SensoryStone","player_choice":"Memory 1","floor":42.0,"gold_loss":0.0,"damage_taken":0.0},{"damage_healed":0,"gold_gain":0,"player_choice":"Paid","damage_taken":0,"relics_obtained":["Red Mask"],"max_hp_gain":0,"max_hp_loss":0,"event_name":"Tomb of Lord Red Mask","floor":46,"gold_loss":70},{"damage_healed":36,"gold_gain":0,"player_choice":"Heal","damage_taken":0,"max_hp_gain":0,"max_hp_loss":0,"event_name":"MindBloom","floor":48,"gold_loss":0,"cards_obtained":["Doubt"]}],"is_beta":false,"boss_relics":[{"not_picked":["Sozu","Ectoplasm"],"picked":"Cursed Key"},{"not_picked":["Eternal Feather","Lizard Tail"],"picked":"Empty Cage"}],"items_purged_floors":[19,29],"is_endless":false,"potions_floor_spawned":[1,16,21,35],"ascension_level":0}