{"gold_per_floor":[110,127,141,158,158,193,193,236,283,283,299,330,74,92,92,186,186,207,207,226,40,40,40,80,100,127,127,127,127,141,179,179,179],"floor_reached":33,"playtime":1634,"items_purged":["Pain"],"score":614,"play_id":"6ceb350a-b371-42c7-9ebb-7cfc5dc0fa04","local_time":"20190621113503","is_ascension_mode":true,"campfire_choices":[{"data":"Searing Blow","floor":7.0,"key":"SMITH"},{"data":"Searing Blow+1","floor":10.0,"key":"SMITH"},{"data":"Armaments","floor":15.0,"key":"SMITH"},{"data":"Searing Blow+2","floor":23.0,"key":"SMITH"},{"floor":27.0,"key":"REST"},{"floor":32,"key":"REST"}],"neow_cost":"NONE","seed_source_timestamp":167990218352184,"circlet_count":0,"master_deck":["AscendersBane","Strike_R","Strike_R","Strike_R","Strike_R","Strike_R","Defend_R","Defend_R+1","Defend_R+1","Defend_R","Bash","Searing Blow+3","Carnage","Perfected Strike","Headbutt","Perfected Strike","Power Through","True Grit","Double Tap","Armaments+1","Pommel Strike","Immolate","Writhe","Clumsy","Pommel Strike","J.A.X.","Perfected Strike","Evolve","Armaments","Fiend Fire","Pummel","Double Tap"],"special_seed":0,"relics":["Burning Blood","Golden Idol","War Paint","Darkstone Periapt","Bronze Scales","Anchor","ClockworkSouvenir","Calling Bell","Blood Vial","Kunai","Charon\u0027s Ashes","Juzu Bracelet","Lantern","Boot"],"potions_floor_usage":[31],"damage_taken":[{"damage":4.0,"enemies":"2 Louse","floor":1.0,"turns":4.0},{"damage":11.0,"enemies":"Small Slimes","floor":2.0,"turns":4.0},{"damage":9.0,"enemies":"Jaw Worm","floor":3.0,"turns":4.0},{"damage":11.0,"enemies":"Red Slaver","floor":4.0,"turns":5.0},{"damage":25.0,"enemies":"3 Sentries","floor":6.0,"turns":6.0},{"damage":16.0,"enemies":"Gremlin Nob","floor":8.0,"turns":4.0},{"damage":7.0,"enemies":"Lots of Slimes","floor":11.0,"turns":5.0},{"damage":22.0,"enemies":"3 Sentries","floor":12.0,"turns":7.0},{"damage":6.0,"enemies":"Exordium Thugs","floor":14.0,"turns":4.0},{"damage":4.0,"enemies":"Hexaghost","floor":16.0,"turns":9.0},{"damage":10.0,"enemies":"2 Thieves","floor":18.0,"turns":4.0},{"damage":28.0,"enemies":"Shell Parasite","floor":20.0,"turns":5.0},{"damage":0.0,"enemies":"Snecko","floor":22.0,"turns":1.0},{"damage":41.0,"enemies":"Gremlin Leader","floor":24.0,"turns":8.0},{"damage":21.0,"enemies":"Chosen and Byrds","floor":25.0,"turns":6.0},{"damage":32.0,"enemies":"Sentry and Sphere","floor":30.0,"turns":5.0},{"damage":25,"enemies":"Slavers","floor":31,"turns":4},{"damage":58,"enemies":"Automaton","floor":33,"turns":6}],"seed_played":"7201812592045454800","potions_obtained":[{"floor":1.0,"key":"SpeedPotion"},{"floor":2.0,"key":"AttackPotion"},{"floor":6.0,"key":"Block Potion"},{"floor":14.0,"key":"Energy Potion"},{"floor":16.0,"key":"SmokeBomb"},{"floor":18.0,"key":"PowerPotion"},{"floor":24.0,"key":"Weak Potion"},{"floor":30.0,"key":"Weak Potion"}],"is_trial":false,"path_per_floor":["M","M","M","M","?","E","R","E","T","R","M","E","$","M","R","B",null,"M","?","M","$","M","R","E","M","T","R","?","?","M","E","R","B"],"character_chosen":"IRONCLAD","items_purchased":["ClockworkSouvenir","Armaments","Evolve","Armaments"],"campfire_rested":2,"item_purchase_floors":[13,13,21,21],"current_hp_per_floor":[70,65,62,57,57,38,38,28,28,28,27,11,11,11,11,13,72,70,70,50,50,58,58,25,12,12,37,37,54,30,13,38,0],"gold":179,"neow_bonus":"THREE_CARDS","is_prod":false,"is_daily":false,"chose_seed":false,"campfire_upgraded":4,"win_rate":0,"timestamp":1561142103,"path_taken":["M","M","M","M","?","E","R","E","T","R","M","E","$","M","R","BOSS","M","?","M","$","M","R","E","M","T","R","?","?","M","E","R","BOSS"],"build_version":"2019-01-23","purchased_purges":1,"victory":false,"max_hp_per_floor":[75,75,75,75,68,68,68,68,68,68,68,68,68,68,68,68,86,86,86,86,86,86,86,86,86,86,86,86,86,86,86,86,86],"card_choices":[{"not_picked":["Burning Pact","Infernal Blade"],"picked":"Searing Blow","floor":0.0},{"not_picked":["Whirlwind","Twin Strike"],"picked":"Carnage","floor":1.0},{"not_picked":["Corruption","Fire Breathing"],"picked":"Perfected Strike","floor":2.0},{"not_picked":["Burning Pact","Clash","Body Slam"],"picked":"SKIP","floor":3.0},{"not_picked":["Heavy Blade","Clash"],"picked":"Headbutt","floor":4.0},{"not_picked":["Seeing Red","Heavy Blade"],"picked":"Perfected Strike","floor":6.0},{"not_picked":["Corruption","Combust"],"picked":"Power Through","floor":8.0},{"not_picked":["Flex","Perfected Strike"],"picked":"True Grit","floor":11.0},{"not_picked":["Havoc","Seeing Red"],"picked":"Double Tap","floor":12.0},{"not_picked":["Rage","Intimidate"],"picked":"Pommel Strike","floor":14.0},{"not_picked":["Berserk","Limit Break"],"picked":"Immolate","floor":16.0},{"not_picked":["Bloodletting","Blood for Blood"],"picked":"Pommel Strike","floor":18.0},{"not_picked":["Sword Boomerang","Rage"],"picked":"Perfected Strike","floor":20.0},{"not_picked":["Anger","Ghostly Armor"],"picked":"Fiend Fire","floor":24.0},{"not_picked":["Body Slam","Twin Strike"],"picked":"Pummel","floor":25.0},{"not_picked":["Bloodletting","Combust+1","Anger"],"picked":"SKIP","floor":30.0},{"not_picked":["Headbutt","Combust"],"picked":"Double Tap","floor":31}],"player_experience":937367,"relics_obtained":[{"floor":6.0,"key":"War Paint"},{"floor":8.0,"key":"Darkstone Periapt"},{"floor":9.0,"key":"Bronze Scales"},{"floor":12.0,"key":"Anchor"},{"floor":17.0,"key":"Blood Vial"},{"floor":17.0,"key":"Kunai"},{"floor":17.0,"key":"Charon\u0027s Ashes"},{"floor":24.0,"key":"Juzu Bracelet"},{"floor":26.0,"key":"Lantern"},{"floor":31,"key":"Boot"}],"event_choices":[{"damage_healed":0.0,"max_hp_gain":0.0,"max_hp_loss":7.0,"gold_gain":0.0,"event_name":"Golden Idol","player_choice":"Lose Max HP","floor":5.0,"gold_loss":0.0,"damage_taken":0.0,"relics_obtained":["Golden Idol"]},{"damage_healed":0.0,"max_hp_gain":0.0,"max_hp_loss":0.0,"gold_gain":0.0,"event_name":"Drug Dealer","player_choice":"Obtain J.A.X.","floor":19.0,"gold_loss":0.0,"damage_taken":0.0,"cards_obtained":["J.A.X."]},{"damage_healed":0.0,"max_hp_gain":0.0,"max_hp_loss":0.0,"gold_gain":0.0,"event_name":"Vampires","player_choice":"Ignored","floor":28.0,"gold_loss":0.0,"damage_taken":0.0},{"damage_healed":17.0,"max_hp_gain":0.0,"max_hp_loss":0.0,"gold_gain":0.0,"event_name":"The Library","player_choice":"Heal","floor":29.0,"gold_loss":0.0,"damage_taken":0.0}],"is_beta":false,"boss_relics":[{"not_picked":["Astrolabe","Ectoplasm"],"picked":"Calling Bell"}],"items_purged_floors":[21],"is_endless":false,"potions_floor_spawned":[1,2,6,14,16,18,24,30],"killed_by":"Automaton","ascension_level":20}