{"gold_per_floor":[112,129,10,0,0,30,30,42,67,67,83,103,103,138,138,267,267,286,306,61,61,61,61,61],"floor_reached":24,"playtime":706,"items_purged":[],"score":366,"play_id":"f4be91c3-fbc1-446c-a675-a1607091b2bb","local_time":"20190621144000","is_ascension_mode":true,"campfire_choices":[{"data":"Hemokinesis","floor":7.0,"key":"SMITH"},{"data":"Disarm","floor":13.0,"key":"SMITH"},{"data":"True Grit","floor":15.0,"key":"SMITH"},{"floor":23.0,"key":"REST"}],"neow_cost":"NONE","seed_source_timestamp":577509198820241,"circlet_count":0,"master_deck":["AscendersBane","Strike_R","Strike_R","Defend_R","Defend_R","Defend_R","Defend_R","Bash","Cleave","Inflame","Hemokinesis+1","Headbutt","Spot Weakness","Shrug It Off","Injury","Disarm+1","Ghostly Armor","True Grit+1","Limit Break","Combust+1","Warcry+1","Hemokinesis+1","Flame Barrier","Battle Trance+1"],"special_seed":0,"relics":["Burning Blood","NeowsBlessing","Juzu Bracelet","Centennial Puzzle","Golden Idol","Vajra","Astrolabe","Meat on the Bone"],"potions_floor_usage":[24,24],"damage_taken":[{"damage":0.0,"enemies":"Cultist","floor":1.0,"turns":1.0},{"damage":0.0,"enemies":"Jaw Worm","floor":2.0,"turns":1.0},{"damage":3.0,"enemies":"3 Sentries","floor":6.0,"turns":1.0},{"damage":4.0,"enemies":"2 Louse","floor":8.0,"turns":2.0},{"damage":15.0,"enemies":"Blue Slaver","floor":11.0,"turns":4.0},{"damage":2.0,"enemies":"Large Slime","floor":12.0,"turns":2.0},{"damage":7.0,"enemies":"Gremlin Nob","floor":14.0,"turns":3.0},{"damage":56.0,"enemies":"Hexaghost","floor":16.0,"turns":11.0},{"damage":24.0,"enemies":"Chosen","floor":18.0,"turns":6.0},{"damage":37.0,"enemies":"3 Byrds","floor":19.0,"turns":4.0},{"damage":42,"enemies":"Book of Stabbing","floor":24,"turns":7}],"seed_played":"-1076709210211606636","potions_obtained":[{"floor":1.0,"key":"Weak Potion"},{"floor":2.0,"key":"Swift Potion"},{"floor":14.0,"key":"SpeedPotion"},{"floor":18.0,"key":"Poison Potion"},{"floor":19.0,"key":"SpeedPotion"}],"is_trial":false,"path_per_floor":["M","M","$","?","$","E","R","M","T","?","M","M","R","E","R","B",null,"M","M","$","?","?","R","E"],"character_chosen":"IRONCLAD","items_purchased":["Hemokinesis","Headbutt","Meat on the Bone"],"campfire_rested":1,"item_purchase_floors":[3,3,20],"current_hp_per_floor":[78,80,80,80,80,80,80,80,80,80,71,75,75,74,74,24,66,48,17,17,17,17,41,0],"gold":61,"neow_bonus":"THREE_ENEMY_KILL","is_prod":false,"is_daily":false,"chose_seed":false,"campfire_upgraded":3,"win_rate":0,"timestamp":1561146000,"path_taken":["M","?","$","?","$","E","R","M","T","?","M","M","R","E","R","BOSS","M","M","$","?","?","R","E"],"build_version":"2019-01-23","purchased_purges":0,"victory":false,"max_hp_per_floor":[80,80,80,80,80,80,80,80,80,80,80,80,80,80,80,80,80,80,80,80,80,80,80,80],"card_choices":[{"not_picked":["Sever Soul","Shockwave"],"picked":"Cleave","floor":1.0},{"not_picked":["Evolve","Headbutt"],"picked":"Inflame","floor":2.0},{"not_picked":["Clothesline","Entrench"],"picked":"Spot Weakness","floor":6.0},{"not_picked":["Wild Strike","Dark Embrace"],"picked":"Shrug It Off","floor":8.0},{"not_picked":["Headbutt","Rupture"],"picked":"Disarm","floor":11.0},{"not_picked":["Body Slam","Anger"],"picked":"Ghostly Armor","floor":12.0},{"not_picked":["Sentinel","Heavy Blade"],"picked":"True Grit","floor":14.0},{"not_picked":["Reaper","Impervious"],"picked":"Limit Break","floor":16.0},{"not_picked":["Headbutt","Burning Pact"],"picked":"Flame Barrier","floor":18.0},{"not_picked":["Shrug It Off","Clash+1"],"picked":"Battle Trance+1","floor":19.0}],"player_experience":106799,"relics_obtained":[{"floor":6.0,"key":"Juzu Bracelet"},{"floor":9.0,"key":"Centennial Puzzle"},{"floor":14.0,"key":"Vajra"}],"event_choices":[{"damage_healed":0.0,"max_hp_gain":0.0,"max_hp_loss":0.0,"gold_gain":0.0,"event_name":"World of Goop","player_choice":"Left Gold","floor":4.0,"gold_loss":10.0,"damage_taken":0.0},{"damage_healed":0.0,"max_hp_gain":0.0,"max_hp_loss":0.0,"gold_gain":0.0,"event_name":"Golden Idol","player_choice":"Take Wound","floor":10.0,"gold_loss":0.0,"damage_taken":0.0,"relics_obtained":["Golden Idol"],"cards_obtained":["Injury"]},{"damage_healed":0.0,"max_hp_gain":0.0,"max_hp_loss":0.0,"gold_gain":0.0,"event_name":"Beggar","player_choice":"Ignored","floor":21.0,"gold_loss":0.0,"damage_taken":0.0},{"damage_healed":0.0,"max_hp_gain":0.0,"max_hp_loss":0.0,"gold_gain":0.0,"event_name":"Cursed Tome","player_choice":"Ignored","floor":22.0,"gold_loss":0.0,"damage_taken":0.0}],"is_beta":false,"boss_relics":[{"not_picked":["Philosopher\u0027s Stone","Ectoplasm"],"picked":"Astrolabe"}],"items_purged_floors":[],"is_endless":false,"potions_floor_spawned":[1,2,14,18,19],"killed_by":"Book of Stabbing","ascension_level":12}