{"gold_per_floor":[109,128,144,154,166,166,201,216,243,263,438,456,476,241,241,340,340,356,356,301,314,333,333,358,370,409,421,446,481,493,519,531,543],"floor_reached":33,"playtime":3193,"items_purged":["Strike_G"],"score":339,"play_id":"38c551ce-98c3-43f0-9293-80c14b8eef57","local_time":"20190603214149","is_ascension_mode":true,"campfire_choices":[{"data":"Crippling Poison","floor":6,"key":"SMITH"},{"data":"Wraith Form v2","floor":15,"key":"SMITH"},{"data":"After Image","floor":23,"key":"SMITH"},{"data":"Accuracy","floor":25,"key":"SMITH"},{"data":"Bouncing Flask","floor":30,"key":"SMITH"},{"floor":32,"key":"REST"}],"neow_cost":"CURSE","seed_source_timestamp":4662493650283890,"circlet_count":0,"master_deck":["Survivor","Neutralize","Clumsy","Malaise","Flying Knee","Crippling Poison+1","Blade Dance","Quick Slash","Cloak And Dagger","PiercingWail","Accuracy+1","Predator","Well Laid Plans","Doubt","Poisoned Stab","Well Laid Plans","Wraith Form v2+1","Blade Dance","Bullet Time","Malaise","PiercingWail","Caltrops","Acrobatics","After Image+1","Burst","Eviscerate","Dagger Spray","PiercingWail+1","Bouncing Flask+1","Endless Agony+1","Deadly Poison+1","Infinite Blades"],"relics":["Ring of the Snake","Lantern","Smiling Mask","Pandora\u0027s Box","Tiny Chest","MawBank","Centennial Puzzle","Art of War"],"potions_floor_usage":[12,16,16,18,18,24],"damage_taken":[{"damage":0,"enemies":"2 Louse","floor":1,"turns":3},{"damage":3,"enemies":"Jaw Worm","floor":2,"turns":5},{"damage":1,"enemies":"Cultist","floor":3,"turns":4},{"damage":4,"enemies":"Blue Slaver","floor":4,"turns":5},{"damage":1,"enemies":"Large Slime","floor":5,"turns":9},{"damage":20,"enemies":"3 Sentries","floor":7,"turns":7},{"damage":2,"enemies":"Exordium Thugs","floor":8,"turns":5},{"damage":0,"enemies":"3 Louse","floor":10,"turns":2},{"damage":0,"enemies":"Gremlin Gang","floor":12,"turns":3},{"damage":6,"enemies":"Exordium Thugs","floor":13,"turns":4},{"damage":0,"enemies":"Hexaghost","floor":16,"turns":9},{"damage":14,"enemies":"2 Thieves","floor":18,"turns":4},{"damage":23,"enemies":"Shell Parasite","floor":21,"turns":5},{"damage":6,"enemies":"Centurion and Healer","floor":22,"turns":9},{"damage":23,"enemies":"Gremlin Leader","floor":24,"turns":9},{"damage":2,"enemies":"Shelled Parasite and Fungi","floor":28,"turns":6},{"damage":9,"enemies":"Sentry and Sphere","floor":31,"turns":8},{"damage":39,"enemies":"Collector","floor":33,"turns":6}],"seed_played":"7698207088526208998","potions_obtained":[{"floor":4,"key":"Poison Potion"},{"floor":5,"key":"Poison Potion"},{"floor":8,"key":"SkillPotion"},{"floor":13,"key":"Fire Potion"},{"floor":16,"key":"Explosive Potion"},{"floor":22,"key":"SkillPotion"},{"floor":28,"key":"Weak Potion"}],"is_trial":false,"path_per_floor":["M","M","M","M","M","R","E","M","T","M","?","M","M","$","R","B",null,"M","?","?","M","M","R","E","R","T","$","M","T","R","M","R","B"],"character_chosen":"THE_SILENT","items_purchased":["Wraith Form v2","Blade Dance"],"campfire_rested":1,"item_purchase_floors":[14,14],"current_hp_per_floor":[70,67,66,62,61,61,41,39,39,39,39,39,33,33,33,33,70,56,70,70,47,41,41,18,18,18,18,16,16,16,7,28,0],"gold":543,"neow_bonus":"TRANSFORM_TWO_CARDS","is_prod":false,"is_daily":false,"chose_seed":false,"campfire_upgraded":5,"win_rate":0,"timestamp":1559612509,"path_taken":["M","M","M","M","M","R","E","M","T","M","?","M","M","$","R","BOSS","M","?","?","?","M","R","E","R","T","$","?","?","R","M","R","BOSS"],"build_version":"2019-01-23","purchased_purges":1,"victory":false,"max_hp_per_floor":[70,70,70,70,70,70,70,70,70,70,70,70,70,70,70,70,70,70,70,70,70,70,70,70,70,70,70,70,70,70,70,70,70],"card_choices":[{"not_picked":["Slice","Backflip"],"picked":"Crippling Poison","floor":1},{"not_picked":["Riddle With Holes","PiercingWail"],"picked":"Blade Dance","floor":2},{"not_picked":["All Out Attack","Masterful Stab"],"picked":"Quick Slash","floor":3},{"not_picked":["Flechettes","Underhanded Strike"],"picked":"Cloak And Dagger","floor":4},{"not_picked":["Bane","Eviscerate"],"picked":"PiercingWail","floor":5},{"not_picked":["Skewer","Dagger Throw"],"picked":"Accuracy","floor":7},{"not_picked":["Flying Knee","Footwork"],"picked":"Predator","floor":8},{"not_picked":["Prepared","All Out Attack"],"picked":"Well Laid Plans","floor":10},{"not_picked":["Crippling Poison","Sucker Punch"],"picked":"Poisoned Stab","floor":12},{"not_picked":["Poisoned Stab","Dodge and Roll"],"picked":"Well Laid Plans","floor":13},{"not_picked":["A Thousand Cuts","Malaise"],"picked":"Bullet Time","floor":16},{"not_picked":["Quick Slash","Heel Hook"],"picked":"Dagger Spray","floor":18},{"not_picked":["Bane+1","Outmaneuver+1"],"picked":"PiercingWail+1","floor":21},{"not_picked":["Choke","Well Laid Plans"],"picked":"Bouncing Flask","floor":22},{"not_picked":["Acrobatics","Quick Slash"],"picked":"Endless Agony+1","floor":24},{"not_picked":["Bane","Distraction+1"],"picked":"Deadly Poison+1","floor":28},{"not_picked":["Underhanded Strike","Riddle With Holes"],"picked":"Infinite Blades","floor":31}],"player_experience":193302,"relics_obtained":[{"floor":7,"key":"Lantern"},{"floor":9,"key":"Smiling Mask"},{"floor":24,"key":"MawBank"},{"floor":26,"key":"Centennial Puzzle"},{"floor":29,"key":"Art of War"}],"event_choices":[{"damage_healed":0,"gold_gain":175,"player_choice":"AGREE","damage_taken":0,"max_hp_gain":0,"max_hp_loss":0,"event_name":"Liars Game","floor":11,"gold_loss":0,"cards_obtained":["Doubt"]},{"damage_healed":23,"gold_gain":0,"player_choice":"Heal","damage_taken":0,"max_hp_gain":0,"max_hp_loss":0,"event_name":"The Library","floor":19,"gold_loss":0},{"damage_healed":0,"gold_gain":0,"player_choice":"Obtained Relic","damage_taken":0,"relics_obtained":["Tiny Chest"],"max_hp_gain":0,"max_hp_loss":0,"event_name":"Addict","floor":20,"gold_loss":85}],"is_beta":false,"boss_relics":[{"not_picked":["Orrery","Astrolabe"],"picked":"Pandora\u0027s Box"}],"items_purged_floors":[14],"is_endless":false,"potions_floor_spawned":[4,5,8,13,16,22,28],"killed_by":"Collector","ascension_level":1}