{"path_per_floor":["M","M","M","M","M","R","E","R","T","M","E","M","M","M","R","B",null,"M","M","$","?"],"character_chosen":"IRONCLAD","items_purchased":["Shuriken","Ancient Tea Set","Twin Strike","Finesse","Seeing Red"],"gold_per_floor":[214,231,251,265,285,285,310,310,359,379,413,433,451,469,469,565,565,584,599,17,17,17],"floor_reached":22,"campfire_rested":1,"playtime":3251,"item_purchase_floors":[20,20,20,20,20],"current_hp_per_floor":[74,69,75,77,72,72,56,56,56,62,51,48,41,47,80,46,80,45,25,25,25,0],"items_purged":[],"gold":17,"score":202,"play_id":"c4ceb88e-dbf4-4041-8c97-4f57578f5e71","local_time":"20180606002651","is_prod":false,"is_daily":false,"chose_seed":false,"is_ascension_mode":false,"campfire_upgraded":2,"win_rate":0,"timestamp":1528241211,"campfire_choices":[{"data":"Flex","floor":6,"key":"SMITH"},{"data":"Disarm","floor":8,"key":"SMITH"},{"floor":15,"key":"REST"}],"path_taken":["M","M","M","M","M","R","E","R","T","M","E","M","M","M","R","BOSS","M","M","$","?","M"],"build_version":"2018-05-31","seed_source_timestamp":436005985207176,"purchased_purges":0,"victory":false,"master_deck":["Strike_R","Strike_R","Strike_R+1","Strike_R","Strike_R","Defend_R","Defend_R","Defend_R","Defend_R","Bash","Disarm+1","Reckless Charge+1","Shrug It Off","Flex+1","Headbutt","Shrug It Off","Thunderclap","Flex","Second Wind","Metallicize","Perfected Strike","Demon Form","Pummel","Dual Wield","Twin Strike","Finesse","Seeing Red","Decay"],"max_hp_per_floor":[80,80,80,80,80,80,80,80,80,80,80,80,80,80,80,80,80,80,80,80,80,80],"relics":["Burning Blood","Whetstone","Regal Pillow","Bottled Flame","White Beast Statue","Shuriken","Ancient Tea Set"],"card_choices":[{"not_picked":["Iron Wave","Carnage"],"picked":"Disarm","floor":1},{"not_picked":["Evolve","Dual Wield"],"picked":"Reckless Charge","floor":2},{"not_picked":["Iron Wave","Sword Boomerang"],"picked":"Shrug It Off","floor":3},{"not_picked":["Iron Wave","Heavy Blade"],"picked":"Flex","floor":4},{"not_picked":["Body Slam","Impervious"],"picked":"Headbutt","floor":5},{"not_picked":["Warcry","Clothesline"],"picked":"Shrug It Off","floor":7},{"not_picked":["True Grit","Intimidate"],"picked":"Thunderclap","floor":10},{"not_picked":["Clash","Barricade"],"picked":"Flex","floor":11},{"not_picked":["Rupture","Sentinel"],"picked":"Second Wind","floor":12},{"not_picked":["Thunderclap","Ghostly Armor"],"picked":"Metallicize","floor":13},{"not_picked":["Shrug It Off","Pommel Strike"],"picked":"Perfected Strike","floor":14},{"not_picked":["Offering","Limit Break"],"picked":"Demon Form","floor":16},{"not_picked":["Clothesline","Headbutt"],"picked":"Pummel","floor":18},{"not_picked":["Flex","Sentinel"],"picked":"Dual Wield","floor":19}],"player_experience":306695,"potions_floor_usage":[4,11,11,11],"damage_taken":[{"damage":12,"enemies":"2 Louse","floor":1,"turns":3},{"damage":11,"enemies":"Jaw Worm","floor":2,"turns":4},{"damage":0,"enemies":"Cultist","floor":3,"turns":3},{"damage":4,"enemies":"Red Slaver","floor":4,"turns":4},{"damage":11,"enemies":"Blue Slaver","floor":5,"turns":3},{"damage":22,"enemies":"3 Sentries","floor":7,"turns":8},{"damage":0,"enemies":"2 Fungi Beasts","floor":10,"turns":2},{"damage":17,"enemies":"Lagavulin","floor":11,"turns":4},{"damage":9,"enemies":"Exordium Wildlife","floor":12,"turns":4},{"damage":13,"enemies":"Exordium Thugs","floor":13,"turns":5},{"damage":0,"enemies":"Large Slime","floor":14,"turns":4},{"damage":40,"enemies":"The Guardian","floor":16,"turns":12},{"damage":41,"enemies":"3 Byrds","floor":18,"turns":7},{"damage":26,"enemies":"Chosen","floor":19,"turns":5},{"damage":30,"enemies":"Centurion and Healer","floor":22,"turns":4}],"relics_obtained":[{"floor":7,"key":"Whetstone"},{"floor":9,"key":"Regal Pillow"},{"floor":11,"key":"Bottled Flame"}],"event_choices":[{"event_name":"Forgotten Altar","player_choice":"Smashed Altar","floor":21,"damage_taken":0}],"boss_relics":[{"not_picked":["Ectoplasm","Black Star"],"picked":"White Beast Statue"}],"items_purged_floors":[],"potions_floor_spawned":[2,3,4,7,14,16,18,19],"seed_played":"-7827411492593735602","killed_by":"Centurion and Healer","ascension_level":0,"potions_obtained":[{"floor":2,"key":"SteroidPotion"},{"floor":3,"key":"Swift Potion"},{"floor":4,"key":"Energy Potion"},{"floor":7,"key":"PowerPotion"},{"floor":14,"key":"SpeedPotion"},{"floor":16,"key":"SkillPotion"},{"floor":18,"key":"Explosive Potion"}],"is_trial":false}