{"path_per_floor":["M","M","?","?","M","E","R","M","T","R","$","M","R","E","R","B",null,"M","M","M","$","M"],"character_chosen":"IRONCLAD","items_purchased":["Singing Bowl","Matryoshka"],"gold_per_floor":[117,129,99,99,115,155,155,168,192,192,35,48,48,88,88,208,208,224,248,268,10,31,31],"floor_reached":23,"campfire_rested":2,"playtime":1152,"current_hp_per_floor":[80,80,80,60,66,47,47,37,37,61,61,67,67,56,80,21,82,58,54,29,29,18,0],"items_purged":[],"gold":31,"score":203,"play_id":"2ad748f0-0bca-486d-8dcd-690f7da617f1","local_time":"20180422011913","is_prod":false,"is_daily":false,"chose_seed":false,"is_ascension_mode":false,"campfire_upgraded":2,"timestamp":1524356353,"path_taken":["M","M","?","?","M","E","R","M","T","R","$","?","R","E","R","BOSS","M","M","M","$","M","E"],"build_version":"2018-04-19","seed_source_timestamp":536817623558149,"purchased_purges":1,"victory":false,"master_deck":["Strike_R+1","Strike_R","Strike_R","Strike_R","Strike_R","Defend_R","Defend_R","Defend_R","Defend_R","Bash","Whirlwind+1","Twin Strike+1","Clothesline+1","Heavy Blade","Thunderclap","Demon Form","Clumsy","Clumsy","Clumsy","Iron Wave","Armaments"],"max_hp_per_floor":[80,80,80,80,80,80,80,80,80,80,80,80,80,82,82,82,82,84,86,86,86,86,86],"relics":["Burning Blood","NeowsBlessing","Golden Idol","Whetstone","Lantern","Singing Bowl","Juzu Bracelet","Calling Bell","Prayer Wheel","Darkstone Periapt","Red Skull","Matryoshka"],"card_choices":[{"not_picked":["Armaments","Sword Boomerang"],"picked":"Whirlwind","floor":1},{"not_picked":["Pommel Strike","True Grit"],"picked":"Twin Strike","floor":2},{"not_picked":["Corruption","Burning Pact"],"picked":"Clothesline","floor":5},{"not_picked":["Reckless Charge","Bloodletting"],"picked":"Heavy Blade","floor":6},{"not_picked":["Entrench","Heavy Blade"],"picked":"Thunderclap","floor":12},{"not_picked":["Bludgeon","Dark Embrace"],"picked":"Demon Form","floor":16},{"not_picked":["Clash","Second Wind"],"picked":"Iron Wave","floor":20},{"not_picked":["Clash","Burning Pact"],"picked":"Armaments","floor":22}],"player_experience":127749,"potions_floor_usage":[6,6,23],"damage_taken":[{"damage":0,"enemies":"Jaw Worm","floor":1,"turns":1},{"damage":0,"enemies":"Cultist","floor":2,"turns":1},{"damage":0,"enemies":"Small Slimes","floor":5,"turns":1},{"damage":40,"enemies":"Lagavulin","floor":6,"turns":8},{"damage":16,"enemies":"2 Fungi Beasts","floor":8,"turns":3},{"damage":0,"enemies":"Exordium Wildlife","floor":12,"turns":1},{"damage":19,"enemies":"Gremlin Nob","floor":14,"turns":4},{"damage":65,"enemies":"The Guardian","floor":16,"turns":15},{"damage":32,"enemies":"Spheric Guardian","floor":18,"turns":5},{"damage":12,"enemies":"Chosen","floor":19,"turns":5},{"damage":31,"enemies":"3 Cultists","floor":20,"turns":4},{"damage":17,"enemies":"Snake Plant","floor":22,"turns":4},{"damage":27,"enemies":"Slavers","floor":23,"turns":1}],"event_choices":[{"event_name":"The Woman in Blue","player_choice":"Bought 2 Potions","floor":3,"damage_taken":0},{"event_name":"Golden Idol","player_choice":"Take Damage","floor":4,"damage_taken":0}],"boss_relics":[{"not_picked":["Runic Cube","Ectoplasm"],"picked":"Calling Bell"}],"potions_floor_spawned":[2,5],"seed_played":"-8700952911191020639","killed_by":"Slavers","ascension_level":0,"is_trial":false}