{"gold_per_floor":[110,129,139,154,169,195,195,220,245,245,265,285,285,285,285,390,390],"floor_reached":17,"playtime":513,"items_purged":[],"score":169,"play_id":"b78334fc-3723-4681-a01e-eea33a56c8e2","local_time":"20190519200919","is_ascension_mode":false,"campfire_choices":[{"data":"Dualcast","floor":7,"key":"SMITH"},{"data":"Zap","floor":10,"key":"SMITH"},{"data":"Ball Lightning","floor":15,"key":"SMITH"}],"neow_cost":"NONE","seed_source_timestamp":2499869359908923,"circlet_count":0,"master_deck":["Strike_B","Strike_B","Strike_B","Strike_B","Defend_B","Defend_B","Defend_B","Defend_B","Zap+1","Dualcast+1","Ball Lightning+1","Go for the Eyes","Coolheaded","Undo","BootSequence"],"special_seed":0,"relics":["Cracked Core","Blood Vial","Dead Branch","Orichalcum","FaceOfCleric"],"potions_floor_usage":[],"damage_taken":[{"damage":0.0,"enemies":"Cultist","floor":1.0,"turns":3.0},{"damage":0.0,"enemies":"Small Slimes","floor":2.0,"turns":2.0},{"damage":2.0,"enemies":"2 Louse","floor":3.0,"turns":2.0},{"damage":5.0,"enemies":"Looter","floor":4.0,"turns":3.0},{"damage":0,"enemies":"3 Louse","floor":5,"turns":5},{"damage":21,"enemies":"Lagavulin","floor":6,"turns":9},{"damage":17,"enemies":"3 Sentries","floor":8,"turns":6},{"damage":1,"enemies":"Exordium Wildlife","floor":11,"turns":3},{"damage":5,"enemies":"Blue Slaver","floor":12,"turns":3},{"damage":31,"enemies":"Hexaghost","floor":16,"turns":13}],"seed_played":"-7146043529042468706","potions_obtained":[{"floor":3.0,"key":"Poison Potion"},{"floor":4.0,"key":"Regen Potion"},{"floor":6,"key":"Explosive Potion"},{"floor":16,"key":"Energy Potion"}],"is_trial":false,"path_per_floor":["M","M","M","M","M","E","R","E","T","R","M","M","$","?","R","B",null],"character_chosen":"DEFECT","items_purchased":[],"campfire_rested":0,"item_purchase_floors":[],"current_hp_per_floor":[82,82,80,75,75,54,54,39,39,39,40,37,37,37,37,9,9],"gold":390,"neow_bonus":"TEN_PERCENT_HP_BONUS","is_prod":false,"is_daily":false,"chose_seed":false,"campfire_upgraded":3,"win_rate":0,"timestamp":1558292959,"path_taken":["M","?","?","M","M","E","R","E","T","R","M","M","$","?","R","BOSS"],"build_version":"2019-01-23","purchased_purges":0,"victory":false,"max_hp_per_floor":[82,82,82,82,82,82,82,82,82,82,82,82,82,82,82,83,83],"card_choices":[{"not_picked":["Go for the Eyes","Steam"],"picked":"Ball Lightning","floor":1.0},{"not_picked":["Fusion","Turbo"],"picked":"Go for the Eyes","floor":2.0},{"not_picked":["Rebound","Compile Driver"],"picked":"Coolheaded","floor":3.0},{"not_picked":["Steam Power","Genetic Algorithm"],"picked":"Undo","floor":4.0},{"not_picked":["Steam","Sweeping Beam","Fission"],"picked":"SKIP","floor":5},{"not_picked":["Ball Lightning","Leap","Coolheaded"],"picked":"SKIP","floor":6},{"not_picked":["Loop","Undo","Force Field"],"picked":"SKIP","floor":8},{"not_picked":["Steam","Redo","Cold Snap"],"picked":"SKIP","floor":11},{"not_picked":["Skim","Loop"],"picked":"BootSequence","floor":12}],"player_experience":1244537,"relics_obtained":[{"floor":6,"key":"Blood Vial"},{"floor":8,"key":"Dead Branch"},{"floor":9,"key":"Orichalcum"}],"event_choices":[{"damage_healed":0,"gold_gain":0,"player_choice":"Trade","damage_taken":0,"relics_obtained":["FaceOfCleric"],"max_hp_gain":0,"max_hp_loss":0,"event_name":"FaceTrader","floor":14,"gold_loss":0}],"is_beta":false,"boss_relics":[],"items_purged_floors":[],"is_endless":false,"potions_floor_spawned":[3,4,6,16],"ascension_level":0}