{"gold_per_floor":[109,184,196,209,209,209,244,244,270,284,312,32,32,360,360,460,460,474,492,13,13,30,63,95,95,121,146,146,160,160,170,170,170],"floor_reached":33,"playtime":4073,"items_purged":["Strike_B"],"score":380,"play_id":"29d84187-5648-44db-bf12-5d3fddffbb4f","local_time":"20190619233302","is_ascension_mode":true,"campfire_choices":[{"data":"Zap","floor":6.0,"key":"SMITH"},{"floor":8.0,"key":"REST"},{"floor":13.0,"key":"REST"},{"data":"Static Discharge","floor":15.0,"key":"SMITH"},{"floor":25.0,"key":"REST"},{"floor":28.0,"key":"RECALL"},{"data":"Swift Strike","floor":30.0,"key":"SMITH"},{"data":"Scrape","floor":32.0,"key":"SMITH"}],"neow_cost":"NONE","seed_source_timestamp":0,"circlet_count":0,"master_deck":["Defend_B","Defend_B","Defend_B","Defend_B","Zap+1","Dualcast","Coolheaded","Chill+1","FTL","Lockon","Scrape+1","Violence","Swift Strike+1","Static Discharge+1","Seek","White Noise","Rip and Tear+1","Hologram","Secret Technique","Go for the Eyes+1","Bite","Bite","Bite","Bite","Bite","Auto Shields+1","All For One","Leap+1","Double Energy+1"],"special_seed":0,"relics":["Cracked Core","Boot","Art of War","WingedGreaves","Old Coin","Sozu","Whetstone","Happy Flower","Omamori","Regal Pillow","Mummified Hand"],"potions_floor_usage":[],"damage_taken":[{"damage":7.0,"enemies":"Jaw Worm","floor":1.0,"turns":3.0},{"damage":0.0,"enemies":"Small Slimes","floor":3.0,"turns":3.0},{"damage":0.0,"enemies":"Cultist","floor":4.0,"turns":3.0},{"damage":29.0,"enemies":"Gremlin Nob","floor":7.0,"turns":5.0},{"damage":0.0,"enemies":"2 Fungi Beasts","floor":10.0,"turns":4.0},{"damage":17.0,"enemies":"Lagavulin","floor":11.0,"turns":5.0},{"damage":9.0,"enemies":"3 Sentries","floor":14.0,"turns":7.0},{"damage":16.0,"enemies":"The Guardian","floor":16.0,"turns":8.0},{"damage":5.0,"enemies":"Chosen","floor":18.0,"turns":3.0},{"damage":17.0,"enemies":"2 Thieves","floor":19.0,"turns":2.0},{"damage":9.0,"enemies":"Centurion and Healer","floor":22.0,"turns":6.0},{"damage":31.0,"enemies":"Gremlin Leader","floor":23.0,"turns":7.0},{"damage":30.0,"enemies":"Slavers","floor":24.0,"turns":6.0},{"damage":21.0,"enemies":"Gremlin Leader","floor":27.0,"turns":8.0},{"damage":9.0,"enemies":"Snecko","floor":29.0,"turns":4.0},{"damage":12.0,"enemies":"Cultist and Chosen","floor":31.0,"turns":5.0},{"damage":67,"enemies":"Collector","floor":33,"turns":7}],"seed_played":"-5562642379770095834","potions_obtained":[{"floor":10.0,"key":"PowerPotion"},{"floor":11.0,"key":"AttackPotion"},{"floor":14.0,"key":"Poison Potion"}],"is_trial":false,"path_per_floor":["M","?","M","M","?","R","E","R","T","M","E","$","R","E","R","B",null,"M","M","$","?","M","E","E","R","T","E","R","M","R","M","R","B"],"character_chosen":"DEFECT","items_purchased":["Violence","Swift Strike","Hologram","Secret Technique","Go for the Eyes","Whetstone"],"campfire_rested":3,"item_purchase_floors":[12,12,20,20,20,20],"current_hp_per_floor":[75,64,64,64,48,48,19,43,43,43,26,26,50,41,41,25,82,77,60,60,57,54,36,20,37,37,32,32,31,31,29,29,0],"gold":170,"neow_bonus":"TEN_PERCENT_HP_BONUS","is_prod":false,"is_daily":false,"chose_seed":false,"campfire_upgraded":4,"win_rate":0,"timestamp":1561005182,"path_taken":["M","?","M","M","?","R","E","R","T","M","E","?","R","E","R","BOSS","M","?","$","?","M","E","E","R","T","E","R","M","R","M","R","BOSS"],"build_version":"2019-01-23","purchased_purges":1,"victory":false,"max_hp_per_floor":[82,82,82,82,82,82,82,82,82,82,82,82,82,82,82,82,82,82,82,82,57,57,57,57,57,57,57,57,57,57,57,57,57],"card_choices":[{"not_picked":["Turbo","Steam Power"],"picked":"Coolheaded","floor":1.0},{"not_picked":["Aggregate","Coolheaded","Steam"],"picked":"SKIP","floor":3.0},{"not_picked":["Stack","Steam"],"picked":"Chill","floor":4.0},{"not_picked":["Reboot","Reinforced Body"],"picked":"FTL","floor":7.0},{"not_picked":["Barrage","Double Energy"],"picked":"Lockon","floor":10.0},{"not_picked":["Heatsinks","Reprogram"],"picked":"Scrape","floor":11.0},{"not_picked":["Compile Driver","Turbo"],"picked":"Static Discharge","floor":14.0},{"not_picked":["Fission","Core Surge"],"picked":"Seek","floor":16.0},{"not_picked":["Barrage","Coolheaded"],"picked":"White Noise","floor":18.0},{"not_picked":["Chaos","Darkness"],"picked":"Rip and Tear","floor":19.0},{"not_picked":["Darkness","Go for the Eyes","FTL"],"picked":"SKIP","floor":22.0},{"not_picked":["Consume+1","Steam"],"picked":"Auto Shields+1","floor":23.0},{"not_picked":["Recycle","Stack"],"picked":"All For One","floor":24.0},{"not_picked":["Rip and Tear","Biased Cognition"],"picked":"Leap+1","floor":27.0},{"not_picked":["Ball Lightning","Coolheaded"],"picked":"Double Energy+1","floor":29.0},{"not_picked":["Double Energy","Skim","Sweeping Beam"],"picked":"SKIP","floor":31.0}],"player_experience":127945,"relics_obtained":[{"floor":7.0,"key":"Boot"},{"floor":9.0,"key":"Art of War"},{"floor":11.0,"key":"WingedGreaves"},{"floor":14.0,"key":"Old Coin"},{"floor":23.0,"key":"Happy Flower"},{"floor":24.0,"key":"Omamori"},{"floor":26.0,"key":"Regal Pillow"},{"floor":27.0,"key":"Mummified Hand"}],"event_choices":[{"damage_healed":0.0,"max_hp_gain":0.0,"max_hp_loss":0.0,"gold_gain":75.0,"event_name":"World of Goop","player_choice":"Gather Gold","floor":2.0,"gold_loss":0.0,"damage_taken":11.0},{"damage_healed":0.0,"max_hp_gain":0.0,"max_hp_loss":0.0,"gold_gain":0.0,"event_name":"Shining Light","player_choice":"Entered Light","floor":5.0,"gold_loss":0.0,"damage_taken":16.0,"cards_upgraded":["Chill","Strike_B"]},{"damage_healed":0.0,"max_hp_gain":0.0,"max_hp_loss":25.0,"gold_gain":0.0,"event_name":"Vampires","player_choice":"Became a vampire","floor":21.0,"gold_loss":0.0,"damage_taken":0.0,"cards_obtained":["Bite","Bite","Bite","Bite","Bite"]}],"is_beta":false,"boss_relics":[{"not_picked":["White Beast Statue","FrozenCore"],"picked":"Sozu"}],"items_purged_floors":[20],"is_endless":false,"potions_floor_spawned":[10,11,14,18,22,23,27],"killed_by":"Collector","ascension_level":2}