{"gold_per_floor":[119,133,133,153,176,176,195,238,310,310,310,269,312,326,326,454,454,440,440,460,460],"floor_reached":21,"playtime":973,"items_purged":[],"score":306,"play_id":"9b90fe67-4160-4eeb-8d62-a5315cf2a27f","local_time":"20190621211836","is_ascension_mode":true,"campfire_choices":[{"data":"Bash","floor":6.0,"key":"SMITH"},{"data":"Clothesline","floor":10.0,"key":"SMITH"},{"data":"True Grit","floor":15.0,"key":"SMITH"}],"neow_cost":"NONE","seed_source_timestamp":0,"circlet_count":0,"master_deck":["AscendersBane","Strike_R","Strike_R","Strike_R","Defend_R","Defend_R","Defend_R","Defend_R","Bash+1","Perfected Strike","Injury","True Grit+1","Dropkick","Clothesline+1","Feed+1","True Grit","Reaper+1","Sword Boomerang+1","Clothesline+1"],"special_seed":0,"relics":["Coffee Dripper","Golden Idol","Anchor","Molten Egg 2","Pocketwatch","Empty Cage"],"potions_floor_usage":[],"damage_taken":[{"damage":0.0,"enemies":"2 Louse","floor":1.0,"turns":3.0},{"damage":0.0,"enemies":"Small Slimes","floor":2.0,"turns":2.0},{"damage":7.0,"enemies":"Jaw Worm","floor":4.0,"turns":3.0},{"damage":3.0,"enemies":"Gremlin Gang","floor":5.0,"turns":4.0},{"damage":7.0,"enemies":"Large Slime","floor":7.0,"turns":6.0},{"damage":33.0,"enemies":"Lagavulin","floor":8.0,"turns":6.0},{"damage":25.0,"enemies":"3 Sentries","floor":13.0,"turns":8.0},{"damage":1.0,"enemies":"Exordium Thugs","floor":14.0,"turns":4.0},{"damage":12.0,"enemies":"Slime Boss","floor":16.0,"turns":11.0},{"damage":12.0,"enemies":"2 Thieves","floor":18.0,"turns":4.0},{"damage":30.0,"enemies":"Spheric Guardian","floor":20.0,"turns":6.0},{"damage":36,"enemies":"Snake Plant","floor":21,"turns":3}],"seed_played":"2303535905636701679","potions_obtained":[{"floor":4.0,"key":"SteroidPotion"},{"floor":5.0,"key":"Regen Potion"},{"floor":14.0,"key":"Explosive Potion"}],"is_trial":false,"path_per_floor":["M","M","?","M","M","R","M","E","T","R","?","?","E","M","R","B",null,"M","?","M","M"],"character_chosen":"IRONCLAD","items_purchased":[],"campfire_rested":0,"item_purchase_floors":[],"current_hp_per_floor":[72,72,72,65,62,62,70,37,37,37,37,37,12,15,15,3,64,66,66,36,0],"gold":460,"neow_bonus":"BOSS_RELIC","is_prod":false,"is_daily":false,"chose_seed":false,"campfire_upgraded":3,"win_rate":0,"timestamp":1561169916,"path_taken":["M","M","?","M","M","R","M","E","T","R","?","?","E","M","R","BOSS","M","?","M","M"],"build_version":"2019-01-23","purchased_purges":0,"victory":false,"max_hp_per_floor":[80,80,80,80,80,80,80,80,80,80,80,80,80,84,84,84,84,88,88,88,88],"card_choices":[{"not_picked":["Armaments","Rupture"],"picked":"Perfected Strike","floor":1.0},{"not_picked":["Anger","Evolve"],"picked":"True Grit","floor":4.0},{"not_picked":["Burning Pact","Rupture"],"picked":"Dropkick","floor":5.0},{"not_picked":["Corruption","Sword Boomerang"],"picked":"Clothesline","floor":7.0},{"not_picked":["Anger","Brutality","Clash"],"picked":"SKIP","floor":8.0},{"not_picked":["Fire Breathing","Ghostly Armor"],"picked":"Feed+1","floor":13.0},{"not_picked":["Warcry","Second Wind"],"picked":"True Grit","floor":14.0},{"not_picked":["Fiend Fire+1","Impervious"],"picked":"Reaper+1","floor":16.0},{"not_picked":["Anger+1","Warcry"],"picked":"Sword Boomerang+1","floor":18.0},{"not_picked":["Warcry","Reckless Charge+1"],"picked":"Clothesline+1","floor":20.0}],"player_experience":107505,"relics_obtained":[{"floor":8.0,"key":"Anchor"},{"floor":9.0,"key":"Molten Egg 2"},{"floor":13.0,"key":"Pocketwatch"}],"event_choices":[{"damage_healed":0.0,"max_hp_gain":0.0,"max_hp_loss":0.0,"gold_gain":0.0,"event_name":"Golden Idol","player_choice":"Take Wound","floor":3.0,"gold_loss":0.0,"damage_taken":0.0,"relics_obtained":["Golden Idol"],"cards_obtained":["Injury"]},{"damage_healed":0.0,"max_hp_gain":0.0,"max_hp_loss":0.0,"gold_gain":0.0,"event_name":"Dead Adventurer","player_choice":"Searched \u00270\u0027 times","floor":11.0,"gold_loss":0.0,"damage_taken":0.0},{"damage_healed":0.0,"max_hp_gain":0.0,"max_hp_loss":0.0,"gold_gain":0.0,"event_name":"World of Goop","player_choice":"Left Gold","floor":12.0,"gold_loss":41.0,"damage_taken":0.0},{"damage_healed":0.0,"max_hp_gain":0.0,"max_hp_loss":0.0,"gold_gain":0.0,"event_name":"Cursed Tome","player_choice":"Ignored","floor":19.0,"gold_loss":0.0,"damage_taken":0.0}],"is_beta":false,"boss_relics":[{"not_picked":["Eternal Feather","Philosopher\u0027s Stone"],"picked":"Empty Cage"}],"items_purged_floors":[],"is_endless":false,"potions_floor_spawned":[4,5,14],"killed_by":"Snake Plant","ascension_level":12}