{"gold_per_floor":[212,232,53,64,64,89,89,114,162,173,173],"floor_reached":11,"playtime":501,"items_purged":[],"score":166,"play_id":"1c6e6333-3002-46fb-bbdc-b40ef1c00b3f","local_time":"20190621201814","is_ascension_mode":true,"campfire_choices":[{"floor":7,"key":"REST"}],"neow_cost":"NONE","seed_source_timestamp":200832396376377,"circlet_count":0,"master_deck":["AscendersBane","Strike_B","Strike_B","Strike_B","Defend_B","Defend_B","Defend_B","Defend_B","Zap","Dualcast","Static Discharge","Melter","Defragment","Compile Driver","Chill","Reprogram","Tempest","Loop","Ball Lightning"],"relics":["Cracked Core","Darkstone Periapt","Strawberry","Smiling Mask"],"potions_floor_usage":[6,8,11],"damage_taken":[{"damage":1,"enemies":"2 Louse","floor":1,"turns":2},{"damage":1,"enemies":"Cultist","floor":2,"turns":4},{"damage":11,"enemies":"Small Slimes","floor":4,"turns":3},{"damage":14,"enemies":"3 Sentries","floor":6,"turns":6},{"damage":32,"enemies":"Gremlin Nob","floor":8,"turns":4},{"damage":17,"enemies":"Exordium Thugs","floor":10,"turns":4},{"damage":37,"enemies":"Gremlin Gang","floor":11,"turns":3}],"seed_played":"6185519272380796729","potions_obtained":[{"floor":2,"key":"Explosive Potion"},{"floor":6,"key":"SteroidPotion"},{"floor":8,"key":"Energy Potion"}],"is_trial":false,"path_per_floor":["M","M","$","M","?","E","R","E","T","M","M"],"character_chosen":"DEFECT","items_purchased":["Melter","Defragment","Compile Driver"],"campfire_rested":1,"item_purchase_floors":[3,3,3],"current_hp_per_floor":[63,62,62,51,51,37,58,33,33,16,0],"gold":173,"neow_bonus":"HUNDRED_GOLD","is_prod":false,"is_daily":false,"chose_seed":false,"campfire_upgraded":0,"win_rate":0,"timestamp":1561173494,"path_taken":["M","M","$","M","?","E","R","E","T","?","M"],"build_version":"2019-01-23","purchased_purges":0,"victory":false,"max_hp_per_floor":[71,71,71,71,71,71,71,78,78,78,78],"card_choices":[{"not_picked":["Hologram","Streamline"],"picked":"Static Discharge","floor":1},{"not_picked":["Stack","Steam","Gash"],"picked":"SKIP","floor":2},{"not_picked":["Compile Driver","Redo"],"picked":"Chill","floor":4},{"not_picked":["Leap","Turbo"],"picked":"Tempest","floor":6},{"not_picked":["Heatsinks","Recycle"],"picked":"Loop","floor":8},{"not_picked":["Rebound","Aggregate"],"picked":"Ball Lightning","floor":10}],"player_experience":957900,"relics_obtained":[{"floor":6,"key":"Darkstone Periapt"},{"floor":8,"key":"Strawberry"},{"floor":9,"key":"Smiling Mask"}],"event_choices":[{"damage_healed":0,"gold_gain":0,"cards_transformed":["Strike_B"],"player_choice":"Transformed","damage_taken":0,"max_hp_gain":0,"max_hp_loss":0,"event_name":"Transmorgrifier","floor":5,"gold_loss":0,"cards_obtained":["Reprogram"]}],"is_beta":false,"boss_relics":[],"items_purged_floors":[],"is_endless":false,"potions_floor_spawned":[2,6,8],"killed_by":"Gremlin Gang","ascension_level":20}