{"gold_per_floor":[141,156,176,135,151,151,184,194,220,246,246,261,261,279,279,380,380,396,311,325,339,339],"floor_reached":22,"playtime":803,"items_purged":[],"score":200,"play_id":"97b868b5-3035-4314-8187-8903a8ec4383","local_time":"20190217202621","is_ascension_mode":false,"campfire_choices":[{"data":"Go for the Eyes","floor":6.0,"key":"SMITH"},{"data":"Dualcast","floor":11.0,"key":"SMITH"},{"data":"Chaos","floor":15.0,"key":"SMITH"}],"neow_cost":"NONE","seed_source_timestamp":0,"circlet_count":0,"master_deck":["Strike_B","Strike_B","Strike_B","Strike_B","Defend_B","Defend_B","Defend_B","Defend_B","Zap","Dualcast+1","Cold Snap","Go for the Eyes+1","Ball Lightning","Capacitor","White Noise","Chaos+1","BootSequence"],"special_seed":0,"relics":["Cracked Core","Tiny Chest","StoneCalendar","Orichalcum","Omamori","Cursed Key","Bag of Preparation"],"potions_floor_usage":[18,22],"damage_taken":[{"damage":1.0,"enemies":"Cultist","floor":1.0,"turns":3.0},{"damage":0.0,"enemies":"Jaw Worm","floor":2.0,"turns":4.0},{"damage":1.0,"enemies":"2 Louse","floor":3.0,"turns":2.0},{"damage":0.0,"enemies":"Exordium Wildlife","floor":5.0,"turns":4.0},{"damage":10.0,"enemies":"Gremlin Nob","floor":7.0,"turns":4.0},{"damage":6.0,"enemies":"2 Fungi Beasts","floor":8.0,"turns":4.0},{"damage":20.0,"enemies":"3 Sentries","floor":10.0,"turns":7.0},{"damage":4.0,"enemies":"Looter","floor":12.0,"turns":2.0},{"damage":0.0,"enemies":"3 Louse","floor":14.0,"turns":3.0},{"damage":7.0,"enemies":"Slime Boss","floor":16.0,"turns":7.0},{"damage":13,"enemies":"2 Thieves","floor":18,"turns":4},{"damage":9,"enemies":"3 Byrds","floor":20,"turns":5},{"damage":8,"enemies":"Snecko","floor":21,"turns":4}],"seed_played":"1816083337673884103","potions_obtained":[{"floor":1.0,"key":"SkillPotion"},{"floor":2.0,"key":"SteroidPotion"},{"floor":5.0,"key":"Weak Potion"},{"floor":16.0,"key":"Swift Potion"},{"floor":20,"key":"Dexterity Potion"}],"is_trial":false,"path_per_floor":["M","M","M","$","M","R","E","M","T","E","R","M","?","M","R","B",null,"M","?","M","M","M"],"character_chosen":"DEFECT","items_purchased":["Capacitor"],"campfire_rested":0,"item_purchase_floors":[4],"current_hp_per_floor":[74,74,73,73,73,73,63,57,57,37,37,33,33,33,33,26,75,62,62,53,45,17],"gold":339,"neow_bonus":"RANDOM_COMMON_RELIC","is_prod":false,"is_daily":false,"chose_seed":false,"campfire_upgraded":3,"win_rate":0,"timestamp":1550435181,"path_taken":["M","M","M","$","?","R","E","M","T","E","R","M","?","M","R","BOSS","M","?","M","M","M"],"build_version":"2019-01-23","purchased_purges":0,"victory":false,"max_hp_per_floor":[75,75,75,75,75,75,75,75,75,75,75,75,75,75,75,75,75,75,75,75,75,75],"card_choices":[{"not_picked":["Storm","Compile Driver"],"picked":"Cold Snap","floor":1.0},{"not_picked":["Stack","FTL"],"picked":"Go for the Eyes","floor":2.0},{"not_picked":["Leap","Beam Cell"],"picked":"Ball Lightning","floor":3.0},{"not_picked":["Beam Cell","Heatsinks","Sweeping Beam"],"picked":"SKIP","floor":5.0},{"not_picked":["Multi-Cast","Gash"],"picked":"White Noise","floor":7.0},{"not_picked":["Sweeping Beam","Gash","Sunder"],"picked":"SKIP","floor":8.0},{"not_picked":["Static Discharge","Sweeping Beam","Rebound"],"picked":"SKIP","floor":10.0},{"not_picked":["Steam","Hologram"],"picked":"Chaos","floor":12.0},{"not_picked":["Ball Lightning","Go for the Eyes"],"picked":"BootSequence","floor":14.0},{"not_picked":["Sweeping Beam+1","Barrage","Coolheaded"],"picked":"SKIP","floor":18},{"not_picked":["Leap","Barrage","Sweeping Beam"],"picked":"SKIP","floor":20},{"not_picked":["Rebound","Turbo","Gash+1"],"picked":"SKIP","floor":21}],"player_experience":1048883,"relics_obtained":[{"floor":7.0,"key":"StoneCalendar"},{"floor":9.0,"key":"Orichalcum"},{"floor":10.0,"key":"Omamori"}],"event_choices":[{"damage_healed":0.0,"max_hp_gain":0.0,"max_hp_loss":0.0,"gold_gain":0.0,"event_name":"Liars Game","player_choice":"Ignored","floor":13.0,"gold_loss":0.0,"damage_taken":0.0},{"damage_healed":0,"gold_gain":0,"player_choice":"Obtained Relic","damage_taken":0,"relics_obtained":["Bag of Preparation"],"max_hp_gain":0,"max_hp_loss":0,"event_name":"Addict","floor":19,"gold_loss":85}],"is_beta":false,"boss_relics":[{"not_picked":["Inserter","Orrery"],"picked":"Cursed Key"}],"items_purged_floors":[],"is_endless":false,"potions_floor_spawned":[1,2,5,16,20],"killed_by":"Sentry and Sphere","ascension_level":0}