{"gold_per_floor":[114,114,134,134,82,82,82,82,82,82,96,139,139,139,139,259,259,282,197,126,126,144,144,167,167,167,182,202,222,222],"floor_reached":30,"playtime":674,"items_purged":[],"score":230,"play_id":"9c3eedcc-905b-4274-a72a-2abdc77bd0af","local_time":"20190202144911","is_ascension_mode":false,"campfire_choices":[{"data":"Doom and Gloom","floor":6.0,"key":"SMITH"},{"data":"Dualcast","floor":8.0,"key":"SMITH"},{"data":"Zap","floor":10.0,"key":"SMITH"},{"data":"Cold Snap","floor":13.0,"key":"SMITH"},{"data":"Defend_B","floor":15.0,"key":"SMITH"},{"data":"Defend_B","floor":23.0,"key":"SMITH"},{"data":"Conserve Battery","floor":25.0,"key":"SMITH"}],"neow_cost":"NONE","seed_source_timestamp":3438425984476214,"circlet_count":0,"master_deck":["Strike_B","Strike_B","Strike_B","Strike_B","Defend_B+1","Defend_B+1","Defend_B","Defend_B","Zap+1","Dualcast+1","Doom and Gloom+1","Cold Snap+1","FTL+1","Electrodynamics","Capacitor+1","Reinforced Body","Conserve Battery+1","Chill","Conserve Battery+1"],"special_seed":0,"relics":["Cracked Core","Mercury Hourglass","Golden Idol","Molten Egg 2","Peace Pipe","Coffee Dripper","Question Card","Cables"],"potions_floor_usage":[27],"damage_taken":[{"damage":4.0,"enemies":"2 Louse","floor":1.0,"turns":2.0},{"damage":6.0,"enemies":"Jaw Worm","floor":3.0,"turns":3.0},{"damage":0.0,"enemies":"Small Slimes","floor":11.0,"turns":1.0},{"damage":19.0,"enemies":"Lagavulin","floor":12.0,"turns":5.0},{"damage":0.0,"enemies":"Red Slaver","floor":14.0,"turns":1.0},{"damage":19.0,"enemies":"The Guardian","floor":16.0,"turns":8.0},{"damage":2.0,"enemies":"Chosen","floor":18.0,"turns":3.0},{"damage":0.0,"enemies":"Shell Parasite","floor":22.0,"turns":5.0},{"damage":0.0,"enemies":"Sentry and Sphere","floor":24.0,"turns":3.0},{"damage":14,"enemies":"Shelled Parasite and Fungi","floor":27,"turns":6},{"damage":0,"enemies":"Cultist and Chosen","floor":28,"turns":6},{"damage":21,"enemies":"Snake Plant","floor":29,"turns":5}],"seed_played":"3175108122342597392","potions_obtained":[{"floor":1.0,"key":"SmokeBomb"},{"floor":18.0,"key":"Explosive Potion"},{"floor":27,"key":"LiquidBronze"},{"floor":29,"key":"GamblersBrew"}],"is_trial":false,"path_per_floor":["M","?","M","T","$","R","?","R","T","R","M","E","R","M","R","B",null,"M","?","$","?","M","R","M","R","T","M","M","M","$"],"character_chosen":"DEFECT","items_purchased":["Cold Snap","Reinforced Body"],"campfire_rested":0,"item_purchase_floors":[5,20],"current_hp_per_floor":[71,71,65,65,65,65,47,47,47,47,47,28,28,28,28,9,75,73,73,73,73,73,73,73,73,73,59,59,38,38],"gold":222,"neow_bonus":"THREE_CARDS","is_prod":false,"is_daily":false,"chose_seed":false,"campfire_upgraded":7,"win_rate":0,"timestamp":1549118951,"path_taken":["M","?","M","?","$","R","?","R","T","R","M","E","R","M","R","BOSS","M","?","$","?","M","R","M","R","T","M","?","M","$"],"build_version":"2019-01-23","purchased_purges":0,"victory":false,"max_hp_per_floor":[75,75,75,75,75,75,75,75,75,75,75,75,75,75,75,75,75,75,75,75,75,75,75,75,75,75,75,75,75,75],"card_choices":[{"not_picked":["Go for the Eyes","Gash"],"picked":"Doom and Gloom","floor":0.0},{"not_picked":["Turbo","Streamline","White Noise"],"picked":"SKIP","floor":1.0},{"not_picked":["Gash","Go for the Eyes","Barrage"],"picked":"SKIP","floor":3.0},{"not_picked":["Scrape+1","All For One+1"],"picked":"FTL+1","floor":11.0},{"not_picked":["Darkness","Genetic Algorithm","Hologram"],"picked":"SKIP","floor":12.0},{"not_picked":["Seek","Reboot"],"picked":"Electrodynamics","floor":16.0},{"not_picked":["Barrage+1","Go for the Eyes+1"],"picked":"Capacitor+1","floor":18.0},{"not_picked":["Beam Cell+1","Streamline+1","Hologram","Tempest+1"],"picked":"SKIP","floor":22.0},{"not_picked":["Reinforced Body","Go for the Eyes+1","Ball Lightning+1"],"picked":"Conserve Battery","floor":24.0},{"not_picked":["Chaos+1","Sunder+1","Ball Lightning+1"],"picked":"Chill","floor":27},{"not_picked":["Scrape+1","Coolheaded","Loop+1"],"picked":"Conserve Battery+1","floor":28},{"not_picked":["Conserve Battery+1","Reprogram","Fusion","Scrape+1"],"picked":"SKIP","floor":29}],"player_experience":1013488,"relics_obtained":[{"floor":4.0,"key":"Mercury Hourglass"},{"floor":9.0,"key":"Molten Egg 2"},{"floor":12.0,"key":"Peace Pipe"},{"floor":26.0,"key":"Cables"}],"event_choices":[{"damage_healed":0.0,"max_hp_gain":0.0,"max_hp_loss":0.0,"gold_gain":0.0,"event_name":"The Cleric","player_choice":"Leave","floor":2.0,"gold_loss":0.0,"damage_taken":0.0},{"damage_healed":0.0,"max_hp_gain":0.0,"max_hp_loss":0.0,"gold_gain":0.0,"event_name":"Golden Idol","player_choice":"Take Damage","floor":7.0,"gold_loss":0.0,"damage_taken":18.0,"relics_obtained":["Golden Idol"]},{"damage_healed":0.0,"max_hp_gain":0.0,"max_hp_loss":0.0,"gold_gain":0.0,"event_name":"Addict","player_choice":"Obtained Relic","floor":19.0,"gold_loss":85.0,"damage_taken":0.0,"relics_obtained":["Question Card"]},{"damage_healed":0.0,"max_hp_gain":0.0,"max_hp_loss":0.0,"gold_gain":0.0,"event_name":"The Woman in Blue","player_choice":"Bought 0 Potions","floor":21.0,"gold_loss":0.0,"damage_taken":0.0}],"is_beta":false,"boss_relics":[{"not_picked":["Lizard Tail","Orrery"],"picked":"Coffee Dripper"}],"items_purged_floors":[],"is_endless":false,"potions_floor_spawned":[1,14,18,27,29],"ascension_level":0}