{"gold_per_floor":[111,6,22,34,49,49,83,83,83,83,115,125,138,138],"floor_reached":14,"playtime":320,"items_purged":[],"score":102,"play_id":"f45fb504-843a-443e-bc3c-36e0cd45cd34","local_time":"20190317130333","is_ascension_mode":false,"campfire_choices":[{"data":"Zap","floor":6.0,"key":"SMITH"},{"data":"Electrodynamics","floor":10.0,"key":"SMITH"}],"neow_cost":"NONE","seed_source_timestamp":43838743534217,"circlet_count":0,"master_deck":["Strike_B","Strike_B","Strike_B","Defend_B","Defend_B","Defend_B","Defend_B","Zap+1","Dualcast+1","Ball Lightning","Chill","Blizzard","Coolheaded","Electrodynamics+1","Cold Snap","FTL","Conserve Battery"],"special_seed":0,"relics":["Cracked Core","Shuriken","Sundial"],"potions_floor_usage":[],"damage_taken":[{"damage":0.0,"enemies":"Cultist","floor":1.0,"turns":3.0},{"damage":0.0,"enemies":"2 Louse","floor":3.0,"turns":2.0},{"damage":4.0,"enemies":"Jaw Worm","floor":4.0,"turns":3.0},{"damage":14.0,"enemies":"Large Slime","floor":5.0,"turns":5.0},{"damage":9.0,"enemies":"Gremlin Nob","floor":7.0,"turns":3.0},{"damage":4.0,"enemies":"3 Sentries","floor":11.0,"turns":2.0},{"damage":0.0,"enemies":"Exordium Thugs","floor":12.0,"turns":3.0},{"damage":0.0,"enemies":"Blue Slaver","floor":13.0,"turns":2.0}],"seed_played":"-4234219760942706825","potions_obtained":[{"floor":1.0,"key":"Fire Potion"},{"floor":5.0,"key":"Regen Potion"},{"floor":13.0,"key":"SkillPotion"}],"is_trial":false,"path_per_floor":["M","$","M","M","M","R","E","?","T","R","E","M","M","$"],"character_chosen":"DEFECT","items_purchased":["Chill","Blizzard"],"campfire_rested":0,"item_purchase_floors":[2,2],"current_hp_per_floor":[75,75,75,71,57,57,48,48,48,48,44,44,44,44],"gold":138,"neow_bonus":"UPGRADE_CARD","is_prod":false,"is_daily":false,"chose_seed":false,"campfire_upgraded":2,"win_rate":0,"timestamp":1552827813,"path_taken":["M","$","M","M","?","R","E","?","T","R","E","?","M","$"],"build_version":"2019-01-23","purchased_purges":0,"victory":false,"max_hp_per_floor":[75,75,75,75,75,75,75,75,75,75,75,75,75,75],"card_choices":[{"not_picked":["Sunder","Coolheaded"],"picked":"Ball Lightning","floor":1.0},{"not_picked":["Heatsinks","Sweeping Beam","Turbo"],"picked":"SKIP","floor":3.0},{"not_picked":["Beam Cell","Aggregate","Self Repair"],"picked":"SKIP","floor":4.0},{"not_picked":["Beam Cell","Recycle"],"picked":"Coolheaded","floor":5.0},{"not_picked":["Auto Shields","Rip and Tear"],"picked":"Electrodynamics","floor":7.0},{"not_picked":["Tempest","Storm"],"picked":"Cold Snap","floor":11.0},{"not_picked":["Ball Lightning","Scrape"],"picked":"FTL","floor":12.0},{"not_picked":["Compile Driver","Scrape"],"picked":"Conserve Battery","floor":13.0}],"player_experience":1117981,"relics_obtained":[{"floor":7.0,"key":"Shuriken"},{"floor":11.0,"key":"Sundial"}],"event_choices":[{"cards_removed":["Strike_B"],"damage_healed":0.0,"max_hp_gain":0.0,"max_hp_loss":0.0,"gold_gain":0.0,"event_name":"Purifier","player_choice":"Purged","floor":8.0,"gold_loss":0.0,"damage_taken":0.0}],"is_beta":false,"boss_relics":[],"items_purged_floors":[],"is_endless":false,"potions_floor_spawned":[1,5,13],"ascension_level":0}