{"gold_per_floor":[118,43,61,80,50,1,1,28,52,68,103,130,8,19,19,121,121,135,234,245,258,271,303,22,41,41,70,70,70,70,90,90,189,189,200,211,64,64,25,58,58,76,124,144,144,162,162,17,17,17],"floor_reached":51,"playtime":7146,"items_purged":["Strike_G"],"score":752,"play_id":"e9c83832-7606-4bf3-a9cb-d125255bcf14","local_time":"20190518215351","is_ascension_mode":false,"campfire_choices":[{"data":"Noxious Fumes","floor":15.0,"key":"SMITH"},{"floor":28,"key":"REST"},{"floor":32,"key":"REST"},{"data":"Defend_G","floor":47,"key":"PURGE"},{"data":"Strike_G","floor":49,"key":"PURGE"}],"neow_cost":"NONE","seed_source_timestamp":0,"circlet_count":0,"master_deck":["Defend_G","Defend_G","Defend_G","Defend_G+1","Strike_G","Strike_G","Strike_G","Survivor","Neutralize","Leg Sweep","Noxious Fumes+1","Dash","Blade Dance","PiercingWail","Burst","Deadly Poison","Deadly Poison+1","Blur","Well Laid Plans","Deadly Poison","Bullet Time","Wraith Form v2+1","PiercingWail","Blur+1","Predator","Infinite Blades","Backflip+1","Necronomicurse","Corpse Explosion+1","PiercingWail+1","Calculated Gamble+1","Footwork","Master of Strategy+1"],"special_seed":0,"relics":["Ring of the Snake","Juzu Bracelet","Bronze Scales","Peace Pipe","Bag of Marbles","WingedGreaves","Odd Mushroom","Fusion Hammer","Mercury Hourglass","Bottled Tornado","Toxic Egg 2","FossilizedHelix","Necronomicon","Lizard Tail","Singing Bowl","Boot","War Paint"],"potions_floor_usage":[27,33,33,50,50],"damage_taken":[{"damage":3.0,"enemies":"Jaw Worm","floor":1.0,"turns":5.0},{"damage":1.0,"enemies":"Cultist","floor":3.0,"turns":5.0},{"damage":0.0,"enemies":"2 Louse","floor":4.0,"turns":3.0},{"damage":10.0,"enemies":"Lagavulin","floor":8.0,"turns":10.0},{"damage":1.0,"enemies":"Blue Slaver","floor":10.0,"turns":4.0},{"damage":10.0,"enemies":"3 Sentries","floor":11.0,"turns":5.0},{"damage":11.0,"enemies":"The Mushroom Lair","floor":12.0,"turns":3.0},{"damage":0.0,"enemies":"Looter","floor":14.0,"turns":4.0},{"damage":0.0,"enemies":"The Guardian","floor":16.0,"turns":8.0},{"damage":0.0,"enemies":"3 Byrds","floor":18.0,"turns":2.0},{"damage":16.0,"enemies":"Chosen","floor":20.0,"turns":5.0},{"damage":20.0,"enemies":"Sentry and Sphere","floor":21.0,"turns":6.0},{"damage":9.0,"enemies":"Centurion and Healer","floor":22.0,"turns":7.0},{"damage":5.0,"enemies":"Book of Stabbing","floor":23.0,"turns":6.0},{"damage":0.0,"enemies":"Snecko","floor":25.0,"turns":4.0},{"damage":21,"enemies":"Slavers","floor":27,"turns":4},{"damage":1,"enemies":"Shelled Parasite and Fungi","floor":31,"turns":5},{"damage":29,"enemies":"Champ","floor":33,"turns":9},{"damage":0,"enemies":"Orb Walker","floor":35,"turns":4},{"damage":0,"enemies":"3 Shapes","floor":36,"turns":3},{"damage":25,"enemies":"Nemesis","floor":40,"turns":7},{"damage":5,"enemies":"Sphere and 2 Shapes","floor":42,"turns":4},{"damage":3,"enemies":"3 Darklings","floor":44,"turns":4},{"damage":0,"enemies":"Maw","floor":46,"turns":7},{"damage":16,"enemies":"Awakened One","floor":50,"turns":14}],"seed_played":"3962964749992975099","potions_obtained":[{"floor":1.0,"key":"Ancient Potion"},{"floor":5.0,"key":"GhostInAJar"},{"floor":5.0,"key":"Explosive Potion"},{"floor":10.0,"key":"GamblersBrew"},{"floor":12.0,"key":"PowerPotion"},{"floor":14.0,"key":"LiquidBronze"},{"floor":16.0,"key":"FearPotion"},{"floor":22.0,"key":"Fruit Juice"},{"floor":23.0,"key":"FearPotion"},{"floor":25.0,"key":"AttackPotion"},{"floor":33,"key":"Dexterity Potion"},{"floor":36,"key":"SteroidPotion"},{"floor":46,"key":"SkillPotion"}],"is_trial":false,"path_per_floor":["M","$","M","M","?","$","?","E","T","M","E","?","$","M","R","B",null,"M","?","M","M","M","E","$","M","T","E","R","$","?","M","R","B",null,"M","M","$","?","$","E","?","M","T","M","?","M","R","$","R","B",null],"character_chosen":"THE_SILENT","items_purchased":["Noxious Fumes","PiercingWail","Well Laid Plans","Deadly Poison","Bottled Tornado","Infinite Blades","GhostInAJar","Footwork","War Paint"],"campfire_rested":2,"item_purchase_floors":[2,6,13,13,24,24,37,39,48],"current_hp_per_floor":[67,67,66,66,66,66,66,56,56,55,45,34,34,34,34,34,70,70,70,54,34,30,25,25,25,25,4,26,26,10,9,31,2,75,75,75,75,75,75,52,52,49,49,48,91,93,93,93,93,77],"gold":17,"neow_bonus":"RANDOM_COMMON_RELIC","is_prod":false,"is_daily":false,"chose_seed":false,"campfire_upgraded":1,"win_rate":0.0,"timestamp":1558230831,"path_taken":["M","$","M","M","?","$","?","E","T","M","E","?","$","M","R","BOSS","M","?","M","M","M","E","$","M","T","E","R","$","?","M","R","BOSS","M","M","$","?","?","E","?","M","T","M","?","M","R","$","R","BOSS"],"build_version":"2019-01-23","purchased_purges":1,"victory":true,"max_hp_per_floor":[70,70,70,70,70,70,70,70,70,70,70,70,70,70,70,70,70,70,70,70,70,75,75,75,75,75,75,75,75,75,75,75,75,75,75,75,75,75,75,77,77,79,79,81,91,93,93,93,93,93],"card_choices":[{"not_picked":["Dagger Spray","Prepared"],"picked":"Leg Sweep","floor":1.0},{"not_picked":["Flying Knee","Deadly Poison"],"picked":"Dash","floor":3.0},{"not_picked":["Quick Slash","All Out Attack"],"picked":"Blade Dance","floor":4.0},{"not_picked":["PiercingWail","Outmaneuver"],"picked":"Burst","floor":8.0},{"not_picked":["PiercingWail","Endless Agony"],"picked":"Deadly Poison","floor":10.0},{"not_picked":["Quick Slash","Slice"],"picked":"Deadly Poison","floor":11.0},{"not_picked":["Endless Agony","Reflex"],"picked":"Blur","floor":12.0},{"not_picked":["Dagger Throw","Dodge and Roll"],"picked":"Bullet Time","floor":14.0},{"not_picked":["Die Die Die","Adrenaline"],"picked":"Wraith Form v2","floor":16.0},{"not_picked":["Poisoned Stab+1","Outmaneuver"],"picked":"PiercingWail","floor":18.0},{"not_picked":["Bane","Underhanded Strike"],"picked":"Blur+1","floor":20.0},{"not_picked":["Acrobatics+1","Blade Dance+1"],"picked":"Predator","floor":21.0},{"not_picked":["Prepared","Deflect","Finisher+1"],"picked":"SKIP","floor":22.0},{"not_picked":["Reflex","Riddle With Holes+1"],"picked":"Envenom","floor":23.0},{"not_picked":["Deadly Poison","Bane","PiercingWail"],"picked":"SKIP","floor":25.0},{"not_picked":["Outmaneuver+1","Flying Knee+1"],"picked":"Backflip+1","floor":27},{"not_picked":["Endless Agony+1","Flying Knee","Underhanded Strike+1"],"picked":"SKIP","floor":31},{"not_picked":["Malaise+1","Die Die Die"],"picked":"Corpse Explosion+1","floor":33},{"not_picked":["Deadly Poison+1","Flechettes+1"],"picked":"PiercingWail+1","floor":35},{"not_picked":["Outmaneuver+1","Bane+1"],"picked":"Calculated Gamble+1","floor":36},{"not_picked":["Quick Slash+1","Reflex+1","Bane"],"picked":"Singing Bowl","floor":40},{"not_picked":["Forethought+1","Bandage Up+1"],"picked":"Master of Strategy+1","floor":41},{"not_picked":["Deflect+1","Bane+1","Calculated Gamble+1"],"picked":"Singing Bowl","floor":42},{"not_picked":["Underhanded Strike+1","Acrobatics+1","Caltrops"],"picked":"Singing Bowl","floor":44},{"not_picked":["Blade Dance+1","Sucker Punch","Masterful Stab"],"picked":"Singing Bowl","floor":46}],"player_experience":70340,"relics_obtained":[{"floor":8.0,"key":"Peace Pipe"},{"floor":9.0,"key":"Bag of Marbles"},{"floor":11.0,"key":"WingedGreaves"},{"floor":12.0,"key":"Odd Mushroom"},{"floor":23.0,"key":"Mercury Hourglass"},{"floor":26.0,"key":"Toxic Egg 2"},{"floor":27,"key":"FossilizedHelix"},{"floor":30,"key":"Necronomicon"},{"floor":40,"key":"Singing Bowl"},{"floor":43,"key":"Boot"}],"event_choices":[{"damage_healed":0.0,"max_hp_gain":0.0,"max_hp_loss":0.0,"gold_gain":0.0,"event_name":"The Woman in Blue","player_choice":"Bought 2 Potions","floor":5.0,"gold_loss":0.0,"damage_taken":0.0},{"damage_healed":0.0,"max_hp_gain":0.0,"max_hp_loss":0.0,"gold_gain":0.0,"event_name":"Dead Adventurer","player_choice":"Searched \u00271\u0027 times","floor":7.0,"gold_loss":0.0,"damage_taken":0.0,"relics_obtained":["Bronze Scales"]},{"damage_healed":0.0,"max_hp_gain":0.0,"max_hp_loss":0.0,"gold_gain":0.0,"event_name":"Mushrooms","player_choice":"Fought Mushrooms","floor":12.0,"gold_loss":0.0,"damage_taken":0.0},{"damage_healed":0.0,"max_hp_gain":0.0,"max_hp_loss":0.0,"gold_gain":99.0,"event_name":"Nest","player_choice":"Stole From Cult","floor":19.0,"gold_loss":0.0,"damage_taken":0.0},{"damage_healed":0,"gold_gain":0,"player_choice":"Obtained Book","damage_taken":16,"max_hp_gain":0,"max_hp_loss":0,"event_name":"Cursed Tome","floor":30,"gold_loss":0},{"damage_healed":0,"gold_gain":0,"player_choice":"Upgraded","damage_taken":0,"max_hp_gain":0,"max_hp_loss":0,"event_name":"Upgrade Shrine","floor":38,"gold_loss":0,"cards_upgraded":["Wraith Form v2"]},{"damage_healed":0,"gold_gain":0,"player_choice":"Memory 1","damage_taken":0,"max_hp_gain":0,"max_hp_loss":0,"event_name":"SensoryStone","floor":41,"gold_loss":0},{"cards_removed":["Envenom"],"damage_healed":33,"gold_gain":0,"player_choice":"Offered Rare","damage_taken":0,"max_hp_gain":10,"max_hp_loss":0,"event_name":"Bonfire Elementals","floor":45,"gold_loss":0}],"is_beta":false,"boss_relics":[{"not_picked":["Ectoplasm","Cursed Key"],"picked":"Fusion Hammer"},{"not_picked":["Astrolabe","Philosopher\u0027s Stone"],"picked":"Lizard Tail"}],"items_purged_floors":[37],"is_endless":false,"potions_floor_spawned":[1,10,12,14,16,22,23,25,33,36,40,46],"ascension_level":0}