{"gold_per_floor":[113,113,113,19,19,19,57,78,156,104,104],"floor_reached":11,"playtime":736,"items_purged":[],"score":86,"play_id":"69d58c0a-7b48-4b14-8145-a3c77394f028","local_time":"20190621084831","is_ascension_mode":true,"campfire_choices":[{"data":"Cloak And Dagger","floor":6,"key":"SMITH"}],"neow_cost":"NONE","seed_source_timestamp":312515575223085,"circlet_count":0,"master_deck":["Defend_G","Defend_G","Defend_G","Defend_G","Strike_G","Strike_G","Strike_G","Strike_G","Strike_G","Survivor","Neutralize","Cloak And Dagger+1","PiercingWail","Flying Knee","Deflect","Escape Plan","Flechettes","Good Instincts","Adrenaline","Well Laid Plans","Blade Dance"],"relics":["Orrery","Golden Idol","The Specimen","Blue Candle"],"potions_floor_usage":[],"damage_taken":[{"damage":7,"enemies":"Small Slimes","floor":1,"turns":4},{"damage":27,"enemies":"3 Sentries","floor":7,"turns":14},{"damage":1,"enemies":"Jaw Worm","floor":8,"turns":4},{"damage":48,"enemies":"Gremlin Nob","floor":11,"turns":4}],"seed_played":"1073535525606124197","potions_obtained":[{"floor":7,"key":"Strength Potion"}],"is_trial":false,"path_per_floor":["M","?","?","$","?","R","E","M","T","$","E"],"character_chosen":"THE_SILENT","items_purchased":["Good Instincts","Blade Dance"],"campfire_rested":0,"item_purchase_floors":[4,10],"current_hp_per_floor":[63,68,68,68,68,68,41,40,40,40,0],"gold":104,"neow_bonus":"BOSS_RELIC","is_prod":false,"is_daily":false,"chose_seed":false,"campfire_upgraded":1,"win_rate":0,"timestamp":1561121311,"path_taken":["M","?","?","?","?","R","E","M","T","$","E"],"build_version":"2019-01-23","purchased_purges":0,"victory":false,"max_hp_per_floor":[70,75,69,69,69,69,69,69,69,69,69],"card_choices":[{"not_picked":["Caltrops","Underhanded Strike"],"picked":"Cloak And Dagger","floor":0},{"not_picked":["Eviscerate","Outmaneuver"],"picked":"PiercingWail","floor":0},{"not_picked":["Accuracy","Dagger Throw"],"picked":"Flying Knee","floor":0},{"not_picked":["Slice","Blur"],"picked":"Deflect","floor":0},{"not_picked":["Slice","Deadly Poison"],"picked":"Escape Plan","floor":0},{"not_picked":["Bullet Time","Riddle With Holes"],"picked":"Flechettes","floor":1},{"not_picked":["Choke","Infinite Blades"],"picked":"Adrenaline","floor":7},{"not_picked":["Dagger Spray","Accuracy"],"picked":"Well Laid Plans","floor":8}],"player_experience":447357,"relics_obtained":[{"floor":7,"key":"The Specimen"},{"floor":9,"key":"Blue Candle"}],"event_choices":[{"damage_healed":0,"gold_gain":0,"player_choice":"Donut","damage_taken":0,"max_hp_gain":5,"max_hp_loss":0,"event_name":"Big Fish","floor":2,"gold_loss":0},{"damage_healed":0,"gold_gain":0,"player_choice":"Lose Max HP","damage_taken":0,"relics_obtained":["Golden Idol"],"max_hp_gain":0,"max_hp_loss":6,"event_name":"Golden Idol","floor":3,"gold_loss":0},{"cards_removed":["Defend_G"],"damage_healed":0,"gold_gain":0,"player_choice":"Offered Basic","damage_taken":0,"max_hp_gain":0,"max_hp_loss":0,"event_name":"Bonfire Elementals","floor":5,"gold_loss":0}],"is_beta":false,"boss_relics":[],"items_purged_floors":[],"is_endless":false,"potions_floor_spawned":[7],"killed_by":"Gremlin Nob","ascension_level":5}