{"gold_per_floor":[113,124,143,93,93,93,119,119,119,119,147,167,183,183,183,280,280,290,303,323,248,259,259,286,286,365,365,376,295,0,16,16,115,115,135,147,166,91,108,108],"floor_reached":40,"playtime":2008,"items_purged":["Strike_B","Strike_B"],"score":445,"play_id":"ce495280-d42c-4cbb-9bc3-1723dc56603b","local_time":"20190213183404","is_ascension_mode":false,"campfire_choices":[{"data":"Dualcast","floor":8.0,"key":"SMITH"},{"data":"Chaos","floor":10.0,"key":"SMITH"},{"data":"Zap","floor":15.0,"key":"SMITH"},{"data":"Buffer","floor":23.0,"key":"SMITH"},{"floor":25.0,"key":"REST"},{"data":"Ball Lightning","floor":27.0,"key":"SMITH"},{"data":"Capacitor","floor":32.0,"key":"SMITH"}],"neow_cost":"NONE","seed_source_timestamp":108765453905710,"circlet_count":0,"master_deck":["Strike_B","Strike_B","Defend_B","Defend_B+1","Defend_B","Zap+1","Dualcast+1","Conserve Battery","Capacitor+1","Chaos+1","Buffer+1","Ball Lightning+1","Glacier","Conserve Battery","Capacitor","Seek+1","Darkness+1","Force Field+1","Glacier","Undo","Electrodynamics","Go for the Eyes"],"special_seed":0,"relics":["Cracked Core","Bag of Preparation","Singing Bowl","Pen Nib","Orrery","Art of War","Dodecahedron","War Paint","Philosopher\u0027s Stone"],"potions_floor_usage":[],"damage_taken":[{"damage":0.0,"enemies":"Cultist","floor":1.0,"turns":4.0},{"damage":0.0,"enemies":"Small Slimes","floor":2.0,"turns":3.0},{"damage":0.0,"enemies":"2 Louse","floor":3.0,"turns":2.0},{"damage":29.0,"enemies":"3 Sentries","floor":7.0,"turns":9.0},{"damage":9.0,"enemies":"Gremlin Nob","floor":11.0,"turns":3.0},{"damage":8.0,"enemies":"Lots of Slimes","floor":12.0,"turns":3.0},{"damage":14.0,"enemies":"Large Slime","floor":13.0,"turns":5.0},{"damage":19.0,"enemies":"Slime Boss","floor":16.0,"turns":9.0},{"damage":13.0,"enemies":"3 Byrds","floor":18.0,"turns":6.0},{"damage":0.0,"enemies":"Chosen","floor":19.0,"turns":6.0},{"damage":6.0,"enemies":"Shelled Parasite and Fungi","floor":20.0,"turns":9.0},{"damage":8.0,"enemies":"Snake Plant","floor":22.0,"turns":5.0},{"damage":44.0,"enemies":"Slavers","floor":24.0,"turns":7.0},{"damage":0.0,"enemies":"Snecko","floor":28.0,"turns":6.0},{"damage":0.0,"enemies":"Centurion and Healer","floor":31.0,"turns":8.0},{"damage":30.0,"enemies":"Automaton","floor":33.0,"turns":15.0},{"damage":0.0,"enemies":"Orb Walker","floor":35.0,"turns":3.0},{"damage":26.0,"enemies":"3 Darklings","floor":36.0,"turns":6.0},{"damage":9,"enemies":"Sphere and 2 Shapes","floor":37,"turns":6},{"damage":0,"enemies":"Jaw Worm Horde","floor":39,"turns":6},{"damage":59,"enemies":"Giant Head","floor":40,"turns":13}],"seed_played":"-6676240685350129286","potions_obtained":[{"floor":0.0,"key":"AttackPotion"},{"floor":0.0,"key":"SkillPotion"},{"floor":0.0,"key":"Fruit Juice"},{"floor":1.0,"key":"Ancient Potion"},{"floor":5.0,"key":"PowerPotion"},{"floor":13.0,"key":"Explosive Potion"},{"floor":16.0,"key":"AttackPotion"},{"floor":28.0,"key":"Strength Potion"},{"floor":31.0,"key":"Strength Potion"},{"floor":39,"key":"Dexterity Potion"}],"is_trial":false,"path_per_floor":["M","M","M","?","?","$","E","R","T","R","E","M","M","$","R","B",null,"M","M","M","$","M","R","E","R","T","R","M","$","$","M","R","B",null,"M","M","M","$","M","E"],"character_chosen":"DEFECT","items_purchased":["Glacier","War Paint","Undo","FocusPotion"],"campfire_rested":1,"item_purchase_floors":[29,30,30,38],"current_hp_per_floor":[80,80,80,80,80,80,51,51,51,51,44,38,26,26,26,7,88,75,77,71,71,63,63,21,48,48,48,50,50,50,52,52,22,96,96,72,65,65,67,8],"gold":108,"neow_bonus":"THREE_SMALL_POTIONS","is_prod":false,"is_daily":false,"chose_seed":false,"campfire_upgraded":6,"win_rate":0,"timestamp":1550082844,"path_taken":["M","?","M","?","?","$","E","R","T","R","E","M","M","$","R","BOSS","M","M","M","$","M","R","E","R","T","R","M","?","$","M","R","BOSS","M","M","M","$","M","E"],"build_version":"2019-01-23","purchased_purges":2,"victory":false,"max_hp_per_floor":[80,80,80,80,80,80,80,80,80,80,82,84,86,86,86,86,88,88,90,90,90,90,90,92,92,92,92,94,94,94,96,96,96,96,96,98,100,100,102,102],"card_choices":[{"not_picked":["Tempest","Go for the Eyes"],"picked":"Conserve Battery","floor":1.0},{"not_picked":["Conserve Battery","Fusion","Rebound"],"picked":"SKIP","floor":2.0},{"not_picked":["Recycle","Genetic Algorithm"],"picked":"Capacitor","floor":3.0},{"not_picked":["Stack","Reprogram"],"picked":"Chaos","floor":7.0},{"not_picked":["Redo","Tempest","Streamline"],"picked":"Singing Bowl","floor":11.0},{"not_picked":["Leap","Streamline","Self Repair"],"picked":"Singing Bowl","floor":12.0},{"not_picked":["Compile Driver","Capacitor","Hologram"],"picked":"Singing Bowl","floor":13.0},{"not_picked":["Meteor Strike","Thunder Strike"],"picked":"Buffer","floor":16.0},{"not_picked":["Turbo","Go for the Eyes"],"picked":"Ball Lightning","floor":17.0},{"not_picked":["Recycle","Rebound","Reinforced Body"],"picked":"Singing Bowl","floor":17.0},{"not_picked":["Sweeping Beam","Go for the Eyes"],"picked":"Glacier","floor":17.0},{"not_picked":["Gash","Storm"],"picked":"Conserve Battery","floor":17.0},{"not_picked":["Barrage","Sweeping Beam"],"picked":"Capacitor","floor":17.0},{"not_picked":["Recycle","Barrage+1"],"picked":"Seek","floor":18.0},{"not_picked":["Barrage","Hologram+1","Sunder"],"picked":"Singing Bowl","floor":19.0},{"not_picked":["Turbo+1","Compile Driver"],"picked":"Darkness+1","floor":20.0},{"not_picked":["Hello World","Turbo+1"],"picked":"Force Field+1","floor":22.0},{"not_picked":["Turbo","Streamline","Doom and Gloom"],"picked":"Singing Bowl","floor":24.0},{"not_picked":["Turbo+1","Scrape","Barrage"],"picked":"Singing Bowl","floor":28.0},{"not_picked":["Hello World","Compile Driver","Amplify"],"picked":"Singing Bowl","floor":31.0},{"not_picked":["Rainbow","Core Surge"],"picked":"Electrodynamics","floor":33.0},{"not_picked":["Ball Lightning+1","Compile Driver"],"picked":"Go for the Eyes","floor":35.0},{"not_picked":["Coolheaded","Compile Driver+1","Beam Cell+1"],"picked":"Singing Bowl","floor":36.0},{"not_picked":["Go for the Eyes","Beam Cell","Amplify"],"picked":"Singing Bowl","floor":37},{"not_picked":["Leap","Undo+1","Consume"],"picked":"Singing Bowl","floor":39}],"player_experience":1033676,"relics_obtained":[{"floor":7.0,"key":"Bag of Preparation"},{"floor":9.0,"key":"Singing Bowl"},{"floor":11.0,"key":"Pen Nib"},{"floor":24.0,"key":"Art of War"},{"floor":26.0,"key":"Dodecahedron"}],"event_choices":[{"cards_removed":["Defend_B"],"damage_healed":0.0,"max_hp_gain":0.0,"max_hp_loss":0.0,"gold_gain":0.0,"event_name":"The Cleric","player_choice":"Card Removal","floor":4.0,"gold_loss":50.0,"damage_taken":0.0},{"damage_healed":0.0,"max_hp_gain":0.0,"max_hp_loss":0.0,"gold_gain":0.0,"event_name":"Lab","player_choice":"Got Potions","floor":5.0,"gold_loss":0.0,"damage_taken":0.0}],"is_beta":false,"boss_relics":[{"not_picked":["Astrolabe","Cursed Key"],"picked":"Orrery"},{"not_picked":["Fusion Hammer","Snecko Eye"],"picked":"Philosopher\u0027s Stone"}],"items_purged_floors":[21,30],"is_endless":false,"potions_floor_spawned":[1,2,13,16,18,28,31,35,39],"killed_by":"Giant Head","ascension_level":0}