{"gold_per_floor":[115,115,128,53,53,82,36,56,56,82,82,82,94,124,136,249,261,287,229,229,246,259,259,259,259,311,311,311,324,337,137],"floor_reached":31,"playtime":788,"items_purged":[],"score":268,"play_id":"b5606e2c-1bb9-4eda-b356-7c744a8a8cea","local_time":"20190214193829","is_ascension_mode":false,"campfire_choices":[{"data":"Zap","floor":11,"key":"SMITH"},{"data":"Undo","floor":13,"key":"SMITH"},{"data":"Glacier","floor":15,"key":"SMITH"},{"data":"Strike_B","floor":23,"key":"SMITH"}],"neow_cost":"NONE","seed_source_timestamp":200498719912602,"circlet_count":0,"master_deck":["Strike_B+1","Strike_B+1","Strike_B+1","Defend_B+1","Defend_B+1","Zap+1","Dualcast+1","Ball Lightning+1","Undo+1","Glacier+1","Conserve Battery","Seek","BootSequence","Leap","Hologram","Go for the Eyes+1"],"special_seed":0,"relics":["Cracked Core","NeowsBlessing","Vajra","Shuriken","Whetstone","MawBank","Eternal Feather","Bag of Marbles","Runic Capacitor"],"potions_floor_usage":[],"damage_taken":[{"damage":0.0,"enemies":"Cultist","floor":1.0,"turns":1.0},{"damage":0.0,"enemies":"2 Louse","floor":3.0,"turns":1.0},{"damage":0.0,"enemies":"Lagavulin","floor":6.0,"turns":1.0},{"damage":0,"enemies":"Small Slimes","floor":8,"turns":3},{"damage":17,"enemies":"Gremlin Nob","floor":10,"turns":4},{"damage":0,"enemies":"Exordium Thugs","floor":14,"turns":5},{"damage":41,"enemies":"Hexaghost","floor":16,"turns":11},{"damage":0,"enemies":"Shell Parasite","floor":18,"turns":7},{"damage":0,"enemies":"3 Byrds","floor":21,"turns":5},{"damage":3,"enemies":"Centurion and Healer","floor":22,"turns":9},{"damage":0,"enemies":"Shelled Parasite and Fungi","floor":29,"turns":9},{"damage":13,"enemies":"Cultist and Chosen","floor":30,"turns":8}],"seed_played":"-6447018698095003587","potions_obtained":[{"floor":8,"key":"Weak Potion"},{"floor":10,"key":"Strength Potion"},{"floor":14,"key":"AttackPotion"},{"floor":29,"key":"SpeedPotion"}],"is_trial":false,"path_per_floor":["M","$","M","$","?","E","$","M","T","E","R","?","R","M","R","B",null,"M","$","?","M","M","R","?","$","T","?","$","M","M","$"],"character_chosen":"DEFECT","items_purchased":["Glacier","Conserve Battery","BootSequence","Runic Capacitor"],"campfire_rested":0,"item_purchase_floors":[4,7,19,31],"current_hp_per_floor":[75,75,75,75,75,75,75,75,75,58,58,58,58,58,58,17,75,75,75,75,75,72,75,75,75,75,75,75,75,62,62],"gold":137,"neow_bonus":"THREE_ENEMY_KILL","is_prod":false,"is_daily":false,"chose_seed":false,"campfire_upgraded":4,"win_rate":0,"timestamp":1550173109,"path_taken":["M","$","M","$","?","E","?","M","T","E","R","?","R","M","R","BOSS","M","$","?","?","M","R","?","?","T","?","$","M","M","$"],"build_version":"2019-01-23","purchased_purges":0,"victory":false,"max_hp_per_floor":[75,75,75,75,75,75,75,75,75,75,75,75,75,75,75,75,75,75,75,75,75,75,75,75,75,75,75,75,75,75,75],"card_choices":[{"not_picked":["Streamline","Turbo"],"picked":"Ball Lightning","floor":1.0},{"not_picked":["Hello World","Redo"],"picked":"Undo","floor":3.0},{"not_picked":["Scrape","Ball Lightning","Thunder Strike"],"picked":"SKIP","floor":6},{"not_picked":["Leap","Turbo","Hello World"],"picked":"SKIP","floor":8},{"not_picked":["Sunder","Cold Snap","Hologram"],"picked":"SKIP","floor":10},{"not_picked":["Reprogram","Ball Lightning","Hologram"],"picked":"SKIP","floor":14},{"not_picked":["Amplify","Core Surge"],"picked":"Seek","floor":16},{"not_picked":["Genetic Algorithm","Rebound","Ball Lightning"],"picked":"SKIP","floor":18},{"not_picked":["Barrage","Leap","Reinforced Body"],"picked":"SKIP","floor":21},{"not_picked":["Steam","Hologram","Double Energy"],"picked":"SKIP","floor":22},{"not_picked":["Leap+1","Skim","Auto Shields"],"picked":"SKIP","floor":29},{"not_picked":["Barrage+1","Fusion"],"picked":"Go for the Eyes+1","floor":30}],"player_experience":1040044,"relics_obtained":[{"floor":6,"key":"Vajra"},{"floor":9,"key":"Shuriken"},{"floor":10,"key":"Whetstone"},{"floor":26,"key":"Bag of Marbles"}],"event_choices":[{"damage_healed":0.0,"max_hp_gain":0.0,"max_hp_loss":0.0,"gold_gain":0.0,"event_name":"Upgrade Shrine","player_choice":"Upgraded","floor":5.0,"gold_loss":0.0,"damage_taken":0.0,"cards_upgraded":["Dualcast"]},{"damage_healed":0,"gold_gain":0,"player_choice":"Gave Potion","damage_taken":0,"relics_obtained":["MawBank"],"max_hp_gain":0,"max_hp_loss":0,"event_name":"WeMeetAgain","floor":12,"gold_loss":0},{"cards_removed":["Defend_B"],"damage_healed":0,"gold_gain":0,"player_choice":"Purged","damage_taken":0,"max_hp_gain":0,"max_hp_loss":0,"event_name":"Purifier","floor":20,"gold_loss":0},{"damage_healed":0,"gold_gain":0,"cards_transformed":["Strike_B","Defend_B"],"player_choice":"Became Test Subject","damage_taken":0,"max_hp_gain":0,"max_hp_loss":0,"event_name":"Drug Dealer","floor":24,"gold_loss":0,"cards_obtained":["Leap","Hologram"]},{"damage_healed":0,"gold_gain":0,"player_choice":"Simplicity","damage_taken":0,"max_hp_gain":0,"max_hp_loss":0,"event_name":"Back to Basics","floor":27,"gold_loss":0,"cards_upgraded":["Strike_B","Defend_B","Defend_B"]}],"is_beta":false,"boss_relics":[{"not_picked":["Calling Bell","Philosopher\u0027s Stone"],"picked":"Eternal Feather"}],"items_purged_floors":[],"is_endless":false,"potions_floor_spawned":[8,10,14,29,30],"ascension_level":0}