{"gold_per_floor":[114,125,140,153,171,171,199,217,217,217],"floor_reached":10,"playtime":517,"items_purged":[],"score":104,"play_id":"c4bcccd6-05e9-4120-98bc-1f31f4e91c88","local_time":"20190609154351","is_ascension_mode":true,"campfire_choices":[{"data":"Metallicize","floor":6,"key":"SMITH"}],"neow_cost":"PERCENT_DAMAGE","seed_source_timestamp":5162115777634860,"circlet_count":0,"master_deck":["Strike_R","Strike_R","Strike_R","Strike_R","Strike_R","Defend_R","Defend_R","Defend_R","Defend_R","Bash","Metallicize+1","Evolve","Headbutt","Pummel","Inflame","Demon Form","Flex"],"relics":["Burning Blood","Nunchaku","Boot","Sundial"],"potions_floor_usage":[4,7,7],"damage_taken":[{"damage":6,"enemies":"Cultist","floor":1,"turns":4},{"damage":4,"enemies":"2 Louse","floor":2,"turns":3},{"damage":4,"enemies":"Small Slimes","floor":3,"turns":4},{"damage":18,"enemies":"Exordium Thugs","floor":4,"turns":5},{"damage":11,"enemies":"Looter","floor":5,"turns":2},{"damage":30,"enemies":"Lagavulin","floor":7,"turns":10},{"damage":9,"enemies":"2 Fungi Beasts","floor":8,"turns":6}],"seed_played":"-9024755243861334787","potions_obtained":[{"floor":1,"key":"SkillPotion"},{"floor":4,"key":"Weak Potion"},{"floor":5,"key":"Dexterity Potion"},{"floor":8,"key":"Regen Potion"}],"is_trial":false,"path_per_floor":["M","M","M","M","M","R","E","M","T","?"],"character_chosen":"IRONCLAD","items_purchased":[],"campfire_rested":0,"item_purchase_floors":[],"current_hp_per_floor":[51,53,55,43,38,38,14,11,11,0],"gold":217,"neow_bonus":"ONE_RARE_RELIC","is_prod":false,"is_daily":false,"chose_seed":false,"campfire_upgraded":1,"win_rate":0,"timestamp":1560109431,"path_taken":["M","M","M","M","M","R","E","M","T","?"],"build_version":"2019-01-23","purchased_purges":0,"victory":false,"max_hp_per_floor":[80,80,80,80,80,80,80,80,80,80],"card_choices":[{"not_picked":["Cleave","Wild Strike"],"picked":"Metallicize","floor":1},{"not_picked":["Rupture","Warcry"],"picked":"Evolve","floor":2},{"not_picked":["Heavy Blade","Clothesline"],"picked":"Headbutt","floor":3},{"not_picked":["Iron Wave","Hemokinesis"],"picked":"Pummel","floor":4},{"not_picked":["Iron Wave","Anger"],"picked":"Inflame","floor":5},{"not_picked":["Shrug It Off","Flex"],"picked":"Demon Form","floor":7},{"not_picked":["Hemokinesis","Pommel Strike"],"picked":"Flex","floor":8}],"player_experience":223758,"relics_obtained":[{"floor":7,"key":"Boot"},{"floor":9,"key":"Sundial"}],"event_choices":[],"is_beta":false,"boss_relics":[],"items_purged_floors":[],"is_endless":false,"potions_floor_spawned":[1,4,5,8],"ascension_level":9}