{"gold_per_floor":[111,30,45,55,55,83,83,94,94,111,111,138,149,149,149,249,249,269,269,269,369,381,416,416,430,430,444,477,477,494,494,494,494],"floor_reached":33,"playtime":1279,"items_purged":[],"score":347,"play_id":"56c2835d-6325-42c1-9e71-19757c0cb4b3","local_time":"20190203175202","is_ascension_mode":false,"campfire_choices":[{"data":"Dualcast","floor":7.0,"key":"SMITH"},{"data":"Blizzard","floor":15,"key":"SMITH"},{"data":"Zap","floor":24,"key":"SMITH"},{"data":"Cold Snap","floor":32,"key":"SMITH"}],"neow_cost":"NONE","seed_source_timestamp":3535254965206443,"circlet_count":0,"master_deck":["Strike_B+1","Strike_B+1","Strike_B+1","Defend_B+1","Defend_B+1","Defend_B+1","Defend_B+1","Zap+1","Dualcast+1","Auto Shields","Chill","Cold Snap+1","Coolheaded","Blizzard+1","Seek","Ball Lightning","Fusion+1","Tempest+1","Go for the Eyes+1"],"special_seed":0,"relics":["Cracked Core","Sundial","Pantograph","Singing Bowl","The Courier","Orrery","Ginger","Darkstone Periapt","Matryoshka"],"potions_floor_usage":[18,23,28,33],"damage_taken":[{"damage":0.0,"enemies":"Cultist","floor":1.0,"turns":3.0},{"damage":0.0,"enemies":"Jaw Worm","floor":3.0,"turns":3.0},{"damage":1.0,"enemies":"Small Slimes","floor":4.0,"turns":3.0},{"damage":0.0,"enemies":"3 Sentries","floor":6.0,"turns":10.0},{"damage":0.0,"enemies":"2 Fungi Beasts","floor":8.0,"turns":3.0},{"damage":0.0,"enemies":"Red Slaver","floor":10.0,"turns":4.0},{"damage":39.0,"enemies":"Gremlin Nob","floor":12.0,"turns":5.0},{"damage":6,"enemies":"Exordium Thugs","floor":13,"turns":6},{"damage":33,"enemies":"Slime Boss","floor":16,"turns":12},{"damage":11,"enemies":"2 Thieves","floor":18,"turns":4},{"damage":10,"enemies":"Shell Parasite","floor":22,"turns":6},{"damage":20,"enemies":"Book of Stabbing","floor":23,"turns":6},{"damage":5,"enemies":"Shelled Parasite and Fungi","floor":25,"turns":5},{"damage":3,"enemies":"Centurion and Healer","floor":27,"turns":8},{"damage":17,"enemies":"Gremlin Leader","floor":28,"turns":7},{"damage":2,"enemies":"3 Cultists","floor":30,"turns":4},{"damage":9,"enemies":"Colosseum Slavers","floor":31,"turns":4},{"damage":56,"enemies":"Automaton","floor":33,"turns":10}],"seed_played":"-505437142841336323","potions_obtained":[{"floor":3.0,"key":"FairyPotion"},{"floor":10.0,"key":"LiquidBronze"},{"floor":13,"key":"Fire Potion"},{"floor":23,"key":"AttackPotion"},{"floor":27,"key":"GamblersBrew"},{"floor":30,"key":"SteroidPotion"}],"is_trial":false,"path_per_floor":["M","$","M","M","?","E","R","M","T","M","$","E","M","?","R","B",null,"M","?","?","?","M","E","R","M","T","M","E","$","M","?","R","B"],"character_chosen":"DEFECT","items_purchased":["Auto Shields"],"campfire_rested":0,"item_purchase_floors":[2],"current_hp_per_floor":[82,82,82,81,74,74,74,74,74,74,74,35,31,24,24,16,92,83,83,83,83,73,55,55,52,52,49,34,34,32,23,23,4],"gold":494,"neow_bonus":"TEN_PERCENT_HP_BONUS","is_prod":false,"is_daily":false,"chose_seed":false,"campfire_upgraded":4,"win_rate":0,"timestamp":1549216322,"path_taken":["M","$","M","M","?","E","R","M","T","M","$","E","M","?","R","BOSS","M","?","?","?","M","E","R","M","T","M","E","$","?","?","R","BOSS"],"build_version":"2019-01-23","purchased_purges":0,"victory":false,"max_hp_per_floor":[82,82,82,82,82,82,82,82,82,82,82,82,84,84,84,84,92,94,94,94,94,94,96,96,98,98,98,100,100,100,100,100,100],"card_choices":[{"not_picked":["Steam","Stack","Barrage"],"picked":"SKIP","floor":1.0},{"not_picked":["Aggregate","Recycle"],"picked":"Chill","floor":3.0},{"not_picked":["Force Field","Beam Cell"],"picked":"Cold Snap","floor":4.0},{"not_picked":["Steam Power","Aggregate"],"picked":"Coolheaded","floor":6.0},{"not_picked":["Go for the Eyes","Stack","Steam"],"picked":"SKIP","floor":8.0},{"not_picked":["Hologram","Beam Cell","Steam"],"picked":"SKIP","floor":10.0},{"not_picked":["Stack","Auto Shields"],"picked":"Blizzard","floor":12},{"not_picked":["Hologram","Streamline","Beam Cell"],"picked":"Singing Bowl","floor":13},{"not_picked":["Meteor Strike","Core Surge"],"picked":"Seek","floor":16},{"not_picked":["Conserve Battery","White Noise"],"picked":"Ball Lightning","floor":17},{"not_picked":["Streamline","FTL","Fusion"],"picked":"Singing Bowl","floor":17},{"not_picked":["FTL","Rebound","Streamline"],"picked":"Singing Bowl","floor":17},{"not_picked":["Leap","Auto Shields","Stack"],"picked":"Singing Bowl","floor":17},{"not_picked":["Cold Snap","Genetic Algorithm","Auto Shields"],"picked":"Singing Bowl","floor":17},{"not_picked":["Gash","Reboot","Cold Snap"],"picked":"Singing Bowl","floor":18},{"not_picked":["White Noise","Rebound+1"],"picked":"Fusion+1","floor":22},{"not_picked":["Gash+1","Steam Power","Turbo+1"],"picked":"Singing Bowl","floor":23},{"not_picked":["Compile Driver","Coolheaded","Reinforced Body"],"picked":"Singing Bowl","floor":25},{"not_picked":["Go for the Eyes","Seek"],"picked":"Tempest+1","floor":27},{"not_picked":["White Noise","Redo","Conserve Battery"],"picked":"Singing Bowl","floor":28},{"not_picked":["Lockon+1","Scrape"],"picked":"Go for the Eyes+1","floor":30}],"player_experience":1014162,"relics_obtained":[{"floor":6.0,"key":"Sundial"},{"floor":9.0,"key":"Pantograph"},{"floor":12,"key":"Singing Bowl"},{"floor":23,"key":"Ginger"},{"floor":26,"key":"Darkstone Periapt"},{"floor":28,"key":"Matryoshka"}],"event_choices":[{"cards_removed":["Strike_B"],"damage_healed":0.0,"max_hp_gain":0.0,"max_hp_loss":0.0,"gold_gain":0.0,"event_name":"Golden Wing","player_choice":"Card Removal","floor":5.0,"gold_loss":0.0,"damage_taken":7.0},{"damage_healed":0,"gold_gain":0,"player_choice":"Success","damage_taken":7,"relics_obtained":["The Courier"],"max_hp_gain":0,"max_hp_loss":0,"event_name":"Scrap Ooze","floor":14,"gold_loss":0},{"damage_healed":0,"gold_gain":0,"player_choice":"Simplicity","damage_taken":0,"max_hp_gain":0,"max_hp_loss":0,"event_name":"Back to Basics","floor":19,"gold_loss":0,"cards_upgraded":["Strike_B","Strike_B","Strike_B","Defend_B","Defend_B","Defend_B","Defend_B"]},{"damage_healed":0,"gold_gain":0,"player_choice":"Ignored","damage_taken":0,"max_hp_gain":0,"max_hp_loss":0,"event_name":"Vampires","floor":20,"gold_loss":0},{"damage_healed":0,"gold_gain":100,"player_choice":"Pray","damage_taken":0,"max_hp_gain":0,"max_hp_loss":0,"event_name":"Golden Shrine","floor":21,"gold_loss":0},{"damage_healed":0,"gold_gain":0,"player_choice":"Fight","damage_taken":0,"max_hp_gain":0,"max_hp_loss":0,"event_name":"Colosseum","floor":31,"gold_loss":0},{"damage_healed":0,"gold_gain":0,"player_choice":"Fled From Nobs","damage_taken":0,"max_hp_gain":0,"max_hp_loss":0,"event_name":"Colosseum","floor":31,"gold_loss":0}],"is_beta":false,"boss_relics":[{"not_picked":["Tiny House","Calling Bell"],"picked":"Orrery"}],"items_purged_floors":[],"is_endless":false,"potions_floor_spawned":[3,10,13,23,27,30,31],"killed_by":"Automaton","ascension_level":0}