{"gold_per_floor":[115,115,133,133,144,144,170,190,190,201,201,201,15,25,25,128,128,138,138,138,138,149,149,159,159,159,159,189,209,89,100,100,197,197,217,232,83,83,83,83,97,97,152,52,78,378,405,422,422,422],"floor_reached":51,"playtime":1242,"items_purged":["Strike_B","Strike_B"],"score":950,"play_id":"159a3f50-8c5e-41e2-9c21-6350186147a9","local_time":"20190526120623","is_ascension_mode":false,"campfire_choices":[{"data":"Dualcast","floor":6.0,"key":"SMITH"},{"data":"Zap","floor":12.0,"key":"SMITH"},{"data":"Apotheosis","floor":15.0,"key":"SMITH"},{"floor":23.0,"key":"REST"},{"floor":25.0,"key":"REST"},{"data":"Hyperbeam","floor":27.0,"key":"SMITH"},{"floor":32.0,"key":"REST"},{"data":"Defend_B","floor":40.0,"key":"SMITH"},{"floor":42.0,"key":"REST"},{"floor":49,"key":"REST"}],"neow_cost":"NONE","seed_source_timestamp":3074895614745579,"circlet_count":0,"master_deck":["Strike_B","Defend_B+1","Defend_B","Conserve Battery","Chill","Apotheosis+1","Beam Cell","Hyperbeam+1","Melter","Gash+1","Beam Cell","Gash+1","Leap","Echo Form+1","Undo+1"],"special_seed":0,"relics":["Cracked Core","Ancient Tea Set","Letter Opener","Empty Cage","Ornamental Fan","Frozen Egg 2","Black Star","Vajra","Pen Nib","Juzu Bracelet","Toxic Egg 2","Lantern","FossilizedHelix"],"potions_floor_usage":[50],"damage_taken":[{"damage":0.0,"enemies":"Small Slimes","floor":1.0,"turns":2.0},{"damage":0.0,"enemies":"Cultist","floor":3.0,"turns":3.0},{"damage":6.0,"enemies":"Jaw Worm","floor":5.0,"turns":3.0},{"damage":12.0,"enemies":"Gremlin Nob","floor":7.0,"turns":3.0},{"damage":3.0,"enemies":"Looter","floor":8.0,"turns":3.0},{"damage":0.0,"enemies":"3 Louse","floor":10.0,"turns":2.0},{"damage":8.0,"enemies":"Red Slaver","floor":14.0,"turns":2.0},{"damage":27.0,"enemies":"The Guardian","floor":16.0,"turns":8.0},{"damage":2.0,"enemies":"2 Thieves","floor":18.0,"turns":2.0},{"damage":5.0,"enemies":"Shell Parasite","floor":22.0,"turns":6.0},{"damage":22.0,"enemies":"Snecko","floor":24.0,"turns":5.0},{"damage":5.0,"enemies":"Book of Stabbing","floor":28.0,"turns":4.0},{"damage":15.0,"enemies":"Snake Plant","floor":29.0,"turns":3.0},{"damage":0.0,"enemies":"Cultist and Chosen","floor":31.0,"turns":4.0},{"damage":36.0,"enemies":"Automaton","floor":33.0,"turns":8.0},{"damage":7.0,"enemies":"3 Shapes","floor":35.0,"turns":6.0},{"damage":11.0,"enemies":"Orb Walker","floor":36.0,"turns":2.0},{"damage":7.0,"enemies":"Sphere and 2 Shapes","floor":41.0,"turns":5.0},{"damage":15.0,"enemies":"Nemesis","floor":45.0,"turns":5.0},{"damage":20.0,"enemies":"Giant Head","floor":47.0,"turns":6.0},{"damage":6,"enemies":"Writhing Mass","floor":48,"turns":6},{"damage":27,"enemies":"Awakened One","floor":50,"turns":10}],"seed_played":"239705691816232389","potions_obtained":[{"floor":2.0,"key":"Poison Potion"},{"floor":2.0,"key":"SneckoOil"},{"floor":2.0,"key":"Fire Potion"},{"floor":5.0,"key":"FearPotion"},{"floor":8.0,"key":"Fire Potion"},{"floor":16.0,"key":"SkillPotion"},{"floor":18.0,"key":"GamblersBrew"},{"floor":29.0,"key":"Block Potion"},{"floor":36.0,"key":"PowerPotion"}],"is_trial":false,"path_per_floor":["M","?","M","$","M","R","E","M","T","M","$","R","$","M","R","B",null,"M","?","?","?","M","R","M","R","T","R","E","M","$","M","R","B",null,"M","M","$","?","?","R","M","R","T","$","E","?","E","M","R","B",null],"character_chosen":"DEFECT","items_purchased":["Apotheosis","Beam Cell","Vajra"],"campfire_rested":5,"item_purchase_floors":[13,30,37],"current_hp_per_floor":[75,75,75,75,69,69,57,54,54,54,54,54,54,46,46,19,75,73,73,59,56,51,75,53,77,77,77,72,57,57,57,80,44,80,73,62,62,62,62,62,55,79,79,79,64,64,44,38,62,35],"gold":422,"neow_bonus":"REMOVE_CARD","is_prod":false,"is_daily":false,"chose_seed":false,"campfire_upgraded":5,"win_rate":0,"timestamp":1558868783,"path_taken":["M","?","M","$","M","R","E","M","T","?","$","R","$","M","R","BOSS","M","?","?","?","M","R","M","R","T","R","E","?","$","M","R","BOSS","M","M","$","?","?","R","M","R","T","$","E","?","E","M","R","BOSS"],"build_version":"2019-01-23","purchased_purges":2,"victory":true,"max_hp_per_floor":[75,75,75,75,75,75,75,75,75,75,75,75,75,75,75,75,75,75,75,80,80,80,80,80,80,80,80,80,80,80,80,80,80,80,80,80,80,80,80,80,80,80,80,80,80,80,80,80,80,80],"card_choices":[{"not_picked":["Cold Snap","Coolheaded"],"picked":"Conserve Battery","floor":1.0},{"not_picked":["Capacitor","Compile Driver"],"picked":"Chill","floor":3.0},{"not_picked":["Beam Cell","Leap","Sweeping Beam"],"picked":"SKIP","floor":5.0},{"not_picked":["Reprogram","Compile Driver","All For One"],"picked":"SKIP","floor":7.0},{"not_picked":["Chaos","Conserve Battery","Streamline"],"picked":"SKIP","floor":8.0},{"not_picked":["Coolheaded","Redo","Reprogram"],"picked":"SKIP","floor":10.0},{"not_picked":["Steam","Hologram"],"picked":"Beam Cell","floor":14.0},{"not_picked":["Thunder Strike","Fission"],"picked":"Hyperbeam","floor":16.0},{"not_picked":["Consume","Defragment+1","Cold Snap"],"picked":"SKIP","floor":18.0},{"not_picked":["Storm+1","Compile Driver","Glacier"],"picked":"SKIP","floor":22.0},{"not_picked":["Rebound","Beam Cell+1"],"picked":"Melter","floor":24.0},{"not_picked":["Scrape","Compile Driver","Melter"],"picked":"SKIP","floor":28.0},{"not_picked":["Coolheaded","Loop+1"],"picked":"Gash+1","floor":29.0},{"not_picked":["White Noise","Turbo+1"],"picked":"Gash+1","floor":31.0},{"not_picked":["Beam Cell+1","Turbo+1","Cold Snap"],"picked":"SKIP","floor":35.0},{"not_picked":["Self Repair+1","Darkness+1"],"picked":"Leap","floor":36.0},{"not_picked":["Rebound+1","FTL","Self Repair+1"],"picked":"SKIP","floor":41.0},{"not_picked":["Leap","Ball Lightning+1","Beam Cell"],"picked":"SKIP","floor":45.0},{"not_picked":["Genetic Algorithm+1","Fusion+1"],"picked":"Undo+1","floor":47.0},{"not_picked":["Leap+1","Rebound+1","Stack+1"],"picked":"SKIP","floor":48}],"player_experience":1258152,"relics_obtained":[{"floor":7.0,"key":"Ancient Tea Set"},{"floor":9.0,"key":"Letter Opener"},{"floor":26.0,"key":"Ornamental Fan"},{"floor":28.0,"key":"Frozen Egg 2"},{"floor":43.0,"key":"Pen Nib"},{"floor":45.0,"key":"Juzu Bracelet"},{"floor":45.0,"key":"Toxic Egg 2"},{"floor":47.0,"key":"Lantern"},{"floor":47.0,"key":"FossilizedHelix"}],"event_choices":[{"damage_healed":0.0,"max_hp_gain":0.0,"max_hp_loss":0.0,"gold_gain":0.0,"event_name":"Lab","player_choice":"Got Potions","floor":2.0,"gold_loss":0.0,"damage_taken":0.0},{"damage_healed":0.0,"max_hp_gain":0.0,"max_hp_loss":0.0,"gold_gain":0.0,"event_name":"The Mausoleum","player_choice":"Ignored","floor":19.0,"gold_loss":0.0,"damage_taken":0.0},{"damage_healed":0.0,"max_hp_gain":5.0,"max_hp_loss":0.0,"gold_gain":0.0,"event_name":"Forgotten Altar","player_choice":"Shed Blood","floor":20.0,"gold_loss":0.0,"damage_taken":19.0},{"damage_healed":0.0,"max_hp_gain":0.0,"max_hp_loss":0.0,"gold_gain":0.0,"event_name":"Designer","player_choice":"Punched","floor":21.0,"gold_loss":0.0,"damage_taken":3.0},{"cards_removed":["Strike_B"],"damage_healed":0.0,"max_hp_gain":0.0,"max_hp_loss":0.0,"gold_gain":0.0,"event_name":"Falling","player_choice":"Removed Attack","floor":38.0,"gold_loss":0.0,"damage_taken":0.0},{"damage_healed":0.0,"max_hp_gain":0.0,"max_hp_loss":0.0,"gold_gain":0.0,"cards_transformed":["Defend_B"],"event_name":"Transmorgrifier","player_choice":"Transformed","floor":39.0,"gold_loss":0.0,"damage_taken":0.0,"cards_obtained":["Echo Form"]},{"damage_healed":0.0,"max_hp_gain":0.0,"max_hp_loss":0.0,"gold_gain":300.0,"event_name":"Wheel of Change","player_choice":"Gold","floor":46.0,"gold_loss":0.0,"damage_taken":0.0}],"is_beta":false,"boss_relics":[{"not_picked":["Tiny House","Snecko Eye"],"picked":"Empty Cage"},{"not_picked":["Velvet Choker","Coffee Dripper"],"picked":"Black Star"}],"items_purged_floors":[30,44],"is_endless":false,"potions_floor_spawned":[5,8,16,18,29,33,36],"ascension_level":0}