{"gold_per_floor":[113,113,125,125,139,139,164,164,188,200,125,125,125,139,139,243,243,253,253,277,277,277,277,147,147,174,205,216,216,90,123,123,221,221,232,232,34,47,47,47,47],"floor_reached":41,"playtime":985,"items_purged":["Defend_B","Strike_B"],"score":423,"play_id":"83a501bf-ad52-4375-b663-6d9b84562d32","local_time":"20190520173759","is_ascension_mode":false,"campfire_choices":[{"data":"Zap","floor":6.0,"key":"SMITH"},{"data":"Strike_B","floor":13.0,"key":"SMITH"},{"data":"Strike_B","floor":15.0,"key":"SMITH"},{"data":"Rainbow","floor":23.0,"key":"SMITH"},{"data":"Defragment","floor":25.0,"key":"SMITH"},{"data":"Ball Lightning","floor":29.0,"key":"SMITH"},{"data":"Defragment","floor":32,"key":"SMITH"},{"data":"Thunder Strike","floor":40,"key":"SMITH"}],"neow_cost":"NONE","seed_source_timestamp":2576764851264464,"circlet_count":0,"master_deck":["Strike_B+1","Strike_B+1","Defend_B","Defend_B+1","Zap+1","Dualcast+1","Glacier+1","Conserve Battery","Rainbow+1","BootSequence","Ball Lightning+1","Defragment+1","Defragment+1","Thunder Strike+1","Defragment+1"],"special_seed":0,"relics":["Cracked Core","Omamori","Vajra","Nuclear Battery","Happy Flower","Smiling Mask","Toxic Egg 2","Gremlin Horn","Philosopher\u0027s Stone","Calipers","DollysMirror"],"potions_floor_usage":[],"damage_taken":[{"damage":1.0,"enemies":"Jaw Worm","floor":1.0,"turns":3.0},{"damage":0.0,"enemies":"Small Slimes","floor":3.0,"turns":3.0},{"damage":0.0,"enemies":"Cultist","floor":5.0,"turns":2.0},{"damage":10.0,"enemies":"Lagavulin","floor":7.0,"turns":9.0},{"damage":0.0,"enemies":"2 Fungi Beasts","floor":10.0,"turns":4.0},{"damage":0.0,"enemies":"Looter","floor":14.0,"turns":2.0},{"damage":39.0,"enemies":"Hexaghost","floor":16.0,"turns":14.0},{"damage":0.0,"enemies":"3 Byrds","floor":18.0,"turns":4.0},{"damage":23.0,"enemies":"Gremlin Leader","floor":27.0,"turns":8.0},{"damage":3.0,"enemies":"2 Thieves","floor":28.0,"turns":4.0},{"damage":1,"enemies":"Slavers","floor":31,"turns":6},{"damage":23,"enemies":"Champ","floor":33,"turns":9},{"damage":7,"enemies":"3 Shapes","floor":35,"turns":3},{"damage":27,"enemies":"3 Darklings","floor":38,"turns":4},{"damage":28,"enemies":"Reptomancer","floor":41,"turns":3}],"seed_played":"-5744350367600656225","potions_obtained":[{"floor":1.0,"key":"Block Potion"},{"floor":5.0,"key":"Dexterity Potion"},{"floor":7.0,"key":"SkillPotion"}],"is_trial":false,"path_per_floor":["M","?","M","?","M","R","E","$","T","M","$","?","R","M","R","B",null,"M","?","T","$","?","R","$","R","T","E","M","R","$","E","R","B",null,"M","?","$","M","$","R","E"],"character_chosen":"DEFECT","items_purchased":["Ball Lightning","Defragment","Defragment","DollysMirror"],"campfire_rested":0,"item_purchase_floors":[24,24,30,37],"current_hp_per_floor":[74,67,67,67,67,67,57,57,57,57,57,42,42,42,42,3,75,75,75,75,75,75,75,75,75,75,52,49,49,49,48,48,25,75,68,68,68,41,41,41,13],"gold":47,"neow_bonus":"UPGRADE_CARD","is_prod":false,"is_daily":false,"chose_seed":false,"campfire_upgraded":8,"win_rate":0,"timestamp":1558370279,"path_taken":["M","?","M","?","?","R","E","$","T","M","$","?","R","M","R","BOSS","M","?","?","$","?","R","$","R","T","E","?","R","$","E","R","BOSS","M","?","?","M","$","R","E"],"build_version":"2019-01-23","purchased_purges":2,"victory":false,"max_hp_per_floor":[75,75,75,75,75,75,75,75,75,75,75,75,75,75,75,75,75,75,75,75,75,75,75,75,75,75,75,75,75,75,75,75,75,75,75,75,75,75,75,75,75],"card_choices":[{"not_picked":["Loop","Barrage"],"picked":"Glacier","floor":1.0},{"not_picked":["Aggregate","Redo","Coolheaded"],"picked":"SKIP","floor":3.0},{"not_picked":["Stack","Redo"],"picked":"Conserve Battery","floor":5.0},{"not_picked":["All For One","Coolheaded","Consume"],"picked":"SKIP","floor":7.0},{"not_picked":["Hologram","Redo","Stack"],"picked":"SKIP","floor":10.0},{"not_picked":["Barrage","Rip and Tear","Stack"],"picked":"SKIP","floor":14.0},{"not_picked":["Creative AI","Seek"],"picked":"Rainbow","floor":16.0},{"not_picked":["Genetic Algorithm","Double Energy"],"picked":"BootSequence","floor":18.0},{"not_picked":["Sweeping Beam","Redo","Streamline+1"],"picked":"SKIP","floor":27.0},{"not_picked":["Fusion+1","Reinforced Body+1","Gash"],"picked":"SKIP","floor":28.0},{"not_picked":["Steam Power+1","FTL","Coolheaded+1"],"picked":"SKIP","floor":31},{"not_picked":["Meteor Strike","Machine Learning"],"picked":"Thunder Strike","floor":33},{"not_picked":["Go for the Eyes","Redo+1","Heatsinks+1"],"picked":"SKIP","floor":35},{"not_picked":["Steam+1","Barrage+1","Stack+1"],"picked":"SKIP","floor":38}],"player_experience":1246729,"relics_obtained":[{"floor":7.0,"key":"Omamori"},{"floor":9.0,"key":"Vajra"},{"floor":20.0,"key":"Happy Flower"},{"floor":26.0,"key":"Smiling Mask"},{"floor":27.0,"key":"Toxic Egg 2"},{"floor":31,"key":"Gremlin Horn"}],"event_choices":[{"cards_removed":["Defend_B"],"damage_healed":0.0,"max_hp_gain":0.0,"max_hp_loss":0.0,"gold_gain":0.0,"event_name":"Golden Wing","player_choice":"Card Removal","floor":2.0,"gold_loss":0.0,"damage_taken":7.0},{"cards_removed":["Strike_B"],"damage_healed":0.0,"max_hp_gain":0.0,"max_hp_loss":0.0,"gold_gain":0.0,"event_name":"Bonfire Elementals","player_choice":"Offered Basic","floor":4.0,"gold_loss":0.0,"damage_taken":0.0},{"damage_healed":0.0,"max_hp_gain":0.0,"max_hp_loss":0.0,"gold_gain":0.0,"event_name":"Shining Light","player_choice":"Entered Light","floor":12.0,"gold_loss":0.0,"damage_taken":15.0,"cards_upgraded":["Defend_B","Glacier"]},{"damage_healed":0.0,"max_hp_gain":0.0,"max_hp_loss":0.0,"gold_gain":0.0,"event_name":"Cursed Tome","player_choice":"Ignored","floor":19.0,"gold_loss":0.0,"damage_taken":0.0},{"damage_healed":0.0,"max_hp_gain":0.0,"max_hp_loss":0.0,"gold_gain":0.0,"event_name":"NoteForYourself","player_choice":"Ignored","floor":22.0,"gold_loss":0.0,"damage_taken":0.0},{"damage_healed":0,"gold_gain":0,"player_choice":"Gave Potion","damage_taken":0,"relics_obtained":["Calipers"],"max_hp_gain":0,"max_hp_loss":0,"event_name":"WeMeetAgain","floor":36,"gold_loss":0}],"is_beta":false,"boss_relics":[{"not_picked":["Snecko Eye","Eternal Feather"],"picked":"Nuclear Battery"},{"not_picked":["White Beast Statue","Runic Dome"],"picked":"Philosopher\u0027s Stone"}],"items_purged_floors":[11,30],"is_endless":false,"potions_floor_spawned":[1,5,7,31,33,35],"killed_by":"Reptomancer","ascension_level":0}