{"gold_per_floor":[113,129,61,61,77,77,106,106,106,132,132,148,160,174,174,275,275,285,298,298,158,171,171,188,188,188,188,188,188,219,229,229,328,328,341,356,368,368,298,298,298],"floor_reached":41,"playtime":1177,"items_purged":[],"score":423,"play_id":"bf8b0394-9aca-48c6-96ec-faff06551a2d","local_time":"20190311194632","is_ascension_mode":false,"campfire_choices":[{"data":"Rainbow","floor":6,"key":"SMITH"},{"data":"Dualcast","floor":8,"key":"SMITH"},{"data":"Zap","floor":11,"key":"SMITH"},{"data":"Electrodynamics","floor":15,"key":"SMITH"},{"data":"Echo Form","floor":23,"key":"SMITH"},{"data":"Capacitor","floor":25,"key":"SMITH"},{"data":"Glacier","floor":27,"key":"SMITH"},{"data":"Cold Snap","floor":32,"key":"SMITH"},{"data":"Conserve Battery","floor":40,"key":"SMITH"}],"neow_cost":"NONE","seed_source_timestamp":331379728432902,"circlet_count":0,"master_deck":["Strike_B+1","Strike_B+1","Defend_B+1","Defend_B+1","Defend_B+1","Defend_B+1","Zap+1","Dualcast+1","Rainbow+1","BootSequence","Electrodynamics+1","Conserve Battery+1","Cold Snap+1","Echo Form+1","Ball Lightning+1","Coolheaded+1","Glacier+1","Capacitor+1","Conserve Battery+1","Thunder Strike","Hologram+1","Chill"],"relics":["Cracked Core","Shuriken","Kunai","Happy Flower","Empty Cage","Darkstone Periapt","Blood Vial","Philosopher\u0027s Stone"],"potions_floor_usage":[7,33,33],"damage_taken":[{"damage":0,"enemies":"Small Slimes","floor":1,"turns":3},{"damage":0,"enemies":"Cultist","floor":2,"turns":3},{"damage":0,"enemies":"Jaw Worm","floor":5,"turns":4},{"damage":7,"enemies":"Lagavulin","floor":7,"turns":6},{"damage":22,"enemies":"Gremlin Nob","floor":10,"turns":4},{"damage":0,"enemies":"3 Louse","floor":12,"turns":3},{"damage":1,"enemies":"Gremlin Gang","floor":13,"turns":3},{"damage":0,"enemies":"Exordium Wildlife","floor":14,"turns":3},{"damage":30,"enemies":"Hexaghost","floor":16,"turns":14},{"damage":0,"enemies":"Chosen","floor":18,"turns":4},{"damage":10,"enemies":"Spheric Guardian","floor":19,"turns":4},{"damage":4,"enemies":"Snecko","floor":22,"turns":5},{"damage":11,"enemies":"3 Cultists","floor":24,"turns":5},{"damage":7,"enemies":"Book of Stabbing","floor":30,"turns":9},{"damage":2,"enemies":"Centurion and Healer","floor":31,"turns":3},{"damage":44,"enemies":"Automaton","floor":33,"turns":9},{"damage":27,"enemies":"3 Darklings","floor":35,"turns":4},{"damage":10,"enemies":"3 Shapes","floor":36,"turns":4},{"damage":13,"enemies":"Sphere and 2 Shapes","floor":37,"turns":6},{"damage":0,"enemies":"Spire Growth","floor":41,"turns":1}],"seed_played":"8946320469159503672","potions_obtained":[{"floor":1,"key":"SkillPotion"},{"floor":2,"key":"Poison Potion"},{"floor":16,"key":"Strength Potion"},{"floor":18,"key":"Energy Potion"},{"floor":29,"key":"EntropicBrew"},{"floor":33,"key":"SneckoOil"},{"floor":36,"key":"Weak Potion"}],"is_trial":false,"path_per_floor":["M","M","$","?","M","R","E","R","T","E","R","M","M","M","R","B",null,"M","M","?","$","M","R","M","R","T","R","?","?","E","M","R","B",null,"M","M","M","?","$","R","M"],"character_chosen":"DEFECT","items_purchased":["BootSequence","Glacier","Capacitor","Chill"],"campfire_rested":0,"item_purchase_floors":[3,21,21,39],"current_hp_per_floor":[75,75,75,75,75,75,68,68,68,46,46,46,45,45,45,15,75,75,65,65,65,61,61,50,50,50,50,50,50,43,43,43,1,75,48,40,29,66,66,66,66],"gold":298,"neow_bonus":"ONE_RANDOM_RARE_CARD","is_prod":false,"is_daily":false,"chose_seed":false,"campfire_upgraded":9,"win_rate":0,"timestamp":1552333592,"path_taken":["M","M","$","?","?","R","E","R","T","E","R","?","?","M","R","BOSS","M","?","?","$","M","R","M","R","T","R","?","?","E","M","R","BOSS","M","M","?","?","$","R","M"],"build_version":"2019-01-23","purchased_purges":0,"victory":false,"max_hp_per_floor":[75,75,75,75,75,75,75,75,75,75,75,75,75,75,75,75,75,75,75,75,75,75,75,75,75,75,75,75,75,75,75,75,75,75,75,75,75,66,66,66,66],"card_choices":[{"not_picked":["Hologram","Turbo","Stack"],"picked":"SKIP","floor":1},{"not_picked":["Barrage","Fusion","Sweeping Beam"],"picked":"SKIP","floor":2},{"not_picked":["Skim","Rip and Tear","Stack"],"picked":"SKIP","floor":5},{"not_picked":["Ball Lightning","Streamline"],"picked":"Electrodynamics","floor":7},{"not_picked":["Scrape","Reboot"],"picked":"Conserve Battery","floor":10},{"not_picked":["Gash","Lockon","Stack"],"picked":"SKIP","floor":12},{"not_picked":["Beam Cell","Sweeping Beam","Stack"],"picked":"SKIP","floor":13},{"not_picked":["Conserve Battery","Barrage"],"picked":"Cold Snap","floor":14},{"not_picked":["Core Surge","Buffer"],"picked":"Echo Form","floor":16},{"not_picked":["Gash","Compile Driver"],"picked":"Ball Lightning+1","floor":18},{"not_picked":["Redo+1","Steam"],"picked":"Coolheaded+1","floor":19},{"not_picked":["Gash","BootSequence","Hologram"],"picked":"SKIP","floor":22},{"not_picked":["Ball Lightning","Rebound","Hello World"],"picked":"SKIP","floor":24},{"not_picked":["Consume","Creative AI"],"picked":"Conserve Battery+1","floor":30},{"not_picked":["Cold Snap","Loop","Rip and Tear+1"],"picked":"SKIP","floor":31},{"not_picked":["Amplify","Meteor Strike"],"picked":"Thunder Strike","floor":33},{"not_picked":["Ball Lightning+1","Cold Snap"],"picked":"Hologram+1","floor":35},{"not_picked":["Go for the Eyes","Redo+1","Streamline"],"picked":"SKIP","floor":36},{"not_picked":["Compile Driver","Coolheaded","Scrape"],"picked":"SKIP","floor":37}],"player_experience":1101190,"relics_obtained":[{"floor":7,"key":"Shuriken"},{"floor":9,"key":"Kunai"},{"floor":10,"key":"Happy Flower"},{"floor":26,"key":"Darkstone Periapt"},{"floor":30,"key":"Blood Vial"}],"event_choices":[{"damage_healed":0,"gold_gain":0,"player_choice":"Ignored","damage_taken":0,"max_hp_gain":0,"max_hp_loss":0,"event_name":"WeMeetAgain","floor":4,"gold_loss":0},{"damage_healed":0,"gold_gain":0,"player_choice":"Simplicity","damage_taken":0,"max_hp_gain":0,"max_hp_loss":0,"event_name":"Back to Basics","floor":20,"gold_loss":0,"cards_upgraded":["Strike_B","Strike_B","Defend_B","Defend_B","Defend_B","Defend_B"]},{"damage_healed":0,"gold_gain":0,"player_choice":"Ignored","damage_taken":0,"max_hp_gain":0,"max_hp_loss":0,"event_name":"Cursed Tome","floor":28,"gold_loss":0},{"damage_healed":0,"gold_gain":0,"player_choice":"Got Potions","damage_taken":0,"max_hp_gain":0,"max_hp_loss":0,"event_name":"Lab","floor":29,"gold_loss":0},{"damage_healed":66,"gold_gain":0,"player_choice":"Heal","damage_taken":0,"max_hp_gain":0,"max_hp_loss":9,"event_name":"The Moai Head","floor":38,"gold_loss":0}],"is_beta":false,"boss_relics":[{"not_picked":["FrozenCore","Black Star"],"picked":"Empty Cage"},{"not_picked":["Calling Bell","White Beast Statue"],"picked":"Philosopher\u0027s Stone"}],"items_purged_floors":[],"is_endless":false,"potions_floor_spawned":[1,2,16,18,33,36],"killed_by":"Spire Growth","ascension_level":0}