{"gold_per_floor":[109,126,201,201,149,149,149,183,183,208,227,253,13,29,29,129,129,142,142,160,175,193,193,224,224,224,241,166,166,166,166,166,270,270,288,301,301,301,133,133,8,18,18,18,18,18,18,18,18,18],"floor_reached":51,"playtime":1241,"items_purged":["Strike_B","Pain","Normality"],"score":854,"play_id":"8c44873d-c930-4451-b7bc-de62c59d4f46","local_time":"20190310122648","is_ascension_mode":false,"campfire_choices":[{"data":"Dualcast","floor":7.0,"key":"SMITH"},{"data":"Buffer","floor":15.0,"key":"SMITH"},{"data":"Zap","floor":23.0,"key":"SMITH"},{"data":"Defend_B","floor":25.0,"key":"SMITH"},{"data":"Defend_B","floor":29.0,"key":"SMITH"},{"data":"Defend_B","floor":32.0,"key":"SMITH"},{"data":"Thunder Strike","floor":40.0,"key":"SMITH"},{"data":"Auto Shields","floor":44,"key":"SMITH"},{"data":"Ball Lightning","floor":47,"key":"SMITH"},{"data":"Undo","floor":49,"key":"SMITH"}],"neow_cost":"NONE","seed_source_timestamp":218467333001197,"circlet_count":0,"master_deck":["Strike_B+1","Strike_B+1","Defend_B+1","Defend_B+1","Defend_B+1","Defend_B+1","Zap+1","Dualcast+1","Ball Lightning+1","Conserve Battery+1","Buffer+1","Electrodynamics+1","Coolheaded+1","Doom and Gloom+1","Auto Shields+1","Undo+1","Thunder Strike+1","Parasite","Glacier+1","Defragment+1"],"special_seed":0,"relics":["Cracked Core","FossilizedHelix","Lantern","Letter Opener","Whetstone","Dream Catcher","Frozen Egg 2","Cursed Key","Bag of Preparation","Bag of Marbles","Calling Bell","DataDisk","Gremlin Horn","Turnip"],"potions_floor_usage":[50,50,50],"damage_taken":[{"damage":1.0,"enemies":"Cultist","floor":1.0,"turns":3.0},{"damage":0.0,"enemies":"2 Louse","floor":2.0,"turns":2.0},{"damage":5.0,"enemies":"3 Sentries","floor":8.0,"turns":6.0},{"damage":14.0,"enemies":"Gremlin Nob","floor":10.0,"turns":4.0},{"damage":0.0,"enemies":"Small Slimes","floor":11.0,"turns":2.0},{"damage":5.0,"enemies":"3 Sentries","floor":12.0,"turns":5.0},{"damage":0.0,"enemies":"3 Louse","floor":14.0,"turns":3.0},{"damage":20.0,"enemies":"Hexaghost","floor":16.0,"turns":10.0},{"damage":0.0,"enemies":"3 Byrds","floor":18.0,"turns":3.0},{"damage":0.0,"enemies":"Shell Parasite","floor":20.0,"turns":4.0},{"damage":0.0,"enemies":"Shelled Parasite and Fungi","floor":21.0,"turns":5.0},{"damage":0.0,"enemies":"3 Cultists","floor":22.0,"turns":4.0},{"damage":0.0,"enemies":"Slavers","floor":24.0,"turns":2.0},{"damage":0.0,"enemies":"Cultist and Chosen","floor":27.0,"turns":4.0},{"damage":0.0,"enemies":"Collector","floor":33.0,"turns":9.0},{"damage":2.0,"enemies":"3 Darklings","floor":35.0,"turns":2.0},{"damage":0.0,"enemies":"3 Shapes","floor":36.0,"turns":1.0},{"damage":0.0,"enemies":"Sphere and 2 Shapes","floor":42.0,"turns":1.0},{"damage":62,"enemies":"Time Eater","floor":50,"turns":10}],"seed_played":"-8603672086570507667","potions_obtained":[{"floor":8.0,"key":"Regen Potion"},{"floor":11.0,"key":"SneckoOil"},{"floor":12.0,"key":"Swift Potion"},{"floor":14.0,"key":"Explosive Potion"},{"floor":18.0,"key":"SteroidPotion"},{"floor":21.0,"key":"AttackPotion"},{"floor":33.0,"key":"Strength Potion"}],"is_trial":false,"path_per_floor":["M","M","?","?","$","?","R","E","T","E","M","E","$","M","R","B",null,"M","$","M","M","M","R","E","R","T","M","$","R","?","?","R","B",null,"M","M","?","?","$","R","$","M","T","R","?","T","R","$","R","B",null],"character_chosen":"DEFECT","items_purchased":["Conserve Battery","Frozen Egg 2","Defragment+1"],"campfire_rested":0,"item_purchase_floors":[5,13,39],"current_hp_per_floor":[81,81,70,67,67,51,51,46,46,44,44,39,39,39,39,19,82,82,82,82,82,82,82,82,82,82,82,82,82,82,82,82,82,82,80,80,80,80,80,80,80,80,80,80,80,80,80,80,80,18],"gold":18,"neow_bonus":"TEN_PERCENT_HP_BONUS","is_prod":false,"is_daily":false,"chose_seed":false,"campfire_upgraded":10,"win_rate":0,"timestamp":1552220808,"path_taken":["M","M","?","?","$","?","R","E","T","E","M","E","$","M","R","BOSS","M","$","M","M","M","R","E","R","T","M","$","R","?","?","R","BOSS","M","?","?","?","$","R","$","M","T","R","?","?","R","?","R","BOSS"],"build_version":"2019-01-23","purchased_purges":3,"victory":true,"max_hp_per_floor":[82,82,82,82,82,82,82,82,82,82,82,82,82,82,82,82,82,82,82,82,82,82,82,82,82,82,82,82,82,82,82,82,82,82,82,82,82,82,82,82,82,82,82,82,82,82,82,82,82,82],"card_choices":[{"not_picked":["Stack","Streamline","Gash"],"picked":"SKIP","floor":1.0},{"not_picked":["Redo","Recycle"],"picked":"Ball Lightning","floor":2.0},{"not_picked":["Leap","Compile Driver","Coolheaded"],"picked":"SKIP","floor":8.0},{"not_picked":["Rebound","Conserve Battery"],"picked":"Buffer","floor":10.0},{"not_picked":["Cold Snap","Steam","Beam Cell"],"picked":"SKIP","floor":11.0},{"not_picked":["Recycle","FTL","Hello World"],"picked":"SKIP","floor":12.0},{"not_picked":["Compile Driver","Ball Lightning","Static Discharge+1"],"picked":"SKIP","floor":14.0},{"not_picked":["All For One","Creative AI+1"],"picked":"Electrodynamics+1","floor":16.0},{"not_picked":["Leap","Storm+1"],"picked":"Coolheaded+1","floor":18.0},{"not_picked":["Gash+1","Redo","White Noise"],"picked":"SKIP","floor":20.0},{"not_picked":["Hello World+1","Recycle+1"],"picked":"Doom and Gloom+1","floor":21.0},{"not_picked":["Melter","Rebound","Conserve Battery"],"picked":"SKIP","floor":22.0},{"not_picked":["Beam Cell","Redo"],"picked":"Auto Shields","floor":24.0},{"not_picked":["Double Energy","Melter"],"picked":"Undo","floor":27.0},{"not_picked":["Fission","Meteor Strike"],"picked":"Thunder Strike","floor":33.0},{"not_picked":["Steam+1","Self Repair+1"],"picked":"Glacier+1","floor":35.0},{"not_picked":["Leap+1","Coolheaded+1","Cold Snap+1"],"picked":"SKIP","floor":36.0},{"not_picked":["Ball Lightning+1","Reprogram+1","Steam Power"],"picked":"SKIP","floor":42.0}],"player_experience":1098853,"relics_obtained":[{"floor":8.0,"key":"Lantern"},{"floor":9.0,"key":"Letter Opener"},{"floor":10.0,"key":"Whetstone"},{"floor":12.0,"key":"Dream Catcher"},{"floor":24.0,"key":"Bag of Preparation"},{"floor":26.0,"key":"Bag of Marbles"},{"floor":34.0,"key":"DataDisk"},{"floor":34.0,"key":"Gremlin Horn"},{"floor":34.0,"key":"Turnip"}],"event_choices":[{"damage_healed":0.0,"max_hp_gain":0.0,"max_hp_loss":0.0,"gold_gain":75.0,"event_name":"World of Goop","player_choice":"Gather Gold","floor":3.0,"gold_loss":0.0,"damage_taken":11.0},{"damage_healed":0.0,"max_hp_gain":0.0,"max_hp_loss":0.0,"gold_gain":0.0,"event_name":"Scrap Ooze","player_choice":"Success","floor":4.0,"gold_loss":0.0,"damage_taken":3.0,"relics_obtained":["FossilizedHelix"]},{"damage_healed":0.0,"max_hp_gain":0.0,"max_hp_loss":0.0,"gold_gain":0.0,"event_name":"Shining Light","player_choice":"Entered Light","floor":6.0,"gold_loss":0.0,"damage_taken":16.0,"cards_upgraded":["Defend_B","Conserve Battery"]},{"damage_healed":0.0,"max_hp_gain":0.0,"max_hp_loss":0.0,"gold_gain":0.0,"event_name":"Cursed Tome","player_choice":"Ignored","floor":30.0,"gold_loss":0.0,"damage_taken":0.0},{"cards_removed":["Clumsy"],"damage_healed":0.0,"max_hp_gain":0.0,"max_hp_loss":0.0,"gold_gain":0.0,"event_name":"Fountain of Cleansing","player_choice":"Removed Curses","floor":31.0,"gold_loss":0.0,"damage_taken":0.0},{"damage_healed":0.0,"max_hp_gain":0.0,"max_hp_loss":0.0,"gold_gain":0.0,"event_name":"Mysterious Sphere","player_choice":"Ignored","floor":37.0,"gold_loss":0.0,"damage_taken":0.0},{"damage_healed":0.0,"max_hp_gain":0.0,"max_hp_loss":0.0,"gold_gain":0.0,"event_name":"SensoryStone","player_choice":"Memory 1","floor":38.0,"gold_loss":0.0,"damage_taken":0.0},{"cards_removed":["Strike_B"],"damage_healed":0,"gold_gain":0,"player_choice":"Removed Attack","damage_taken":0,"max_hp_gain":0,"max_hp_loss":0,"event_name":"Falling","floor":45,"gold_loss":0}],"is_beta":false,"boss_relics":[{"not_picked":["Astrolabe","Inserter"],"picked":"Cursed Key"},{"not_picked":["Busted Crown","Runic Dome"],"picked":"Calling Bell"}],"items_purged_floors":[28,39,41],"is_endless":false,"potions_floor_spawned":[8,11,12,14,18,21,33,42],"ascension_level":0}