{"gold_per_floor":[112,112,112,187,187,213,213,239,265,265,279,279,304,234,234,329,329,341,266,266,276,79,79,95,20,20,20,20,33,33],"floor_reached":30,"playtime":708,"items_purged":["Strike_B"],"score":232,"play_id":"139068ad-e2ba-4ee7-b76e-87193b5c0bd7","local_time":"20190304193358","is_ascension_mode":false,"campfire_choices":[{"floor":7.0,"key":"REST"},{"data":"Dualcast","floor":10.0,"key":"SMITH"},{"floor":15.0,"key":"REST"},{"data":"Defragment","floor":23.0,"key":"SMITH"},{"data":"Defragment","floor":28.0,"key":"SMITH"}],"neow_cost":"NONE","seed_source_timestamp":1755387096207931,"circlet_count":0,"master_deck":["Strike_B+1","Defend_B","Defend_B","Defend_B","Defend_B","Zap","Dualcast+1","Dramatic Entrance+1","Defragment+1","Coolheaded","Defragment+1","Echo Form","Capacitor+1","Capacitor","Defragment","Chaos+1","Go for the Eyes+1"],"special_seed":0,"relics":["Cracked Core","Strawberry","Oddly Smooth Stone","Lantern","Dream Catcher","Pen Nib","Kunai","Sozu","DollysMirror","Molten Egg 2"],"potions_floor_usage":[],"damage_taken":[{"damage":1.0,"enemies":"Jaw Worm","floor":1.0,"turns":2.0},{"damage":28.0,"enemies":"Gremlin Nob","floor":6.0,"turns":4.0},{"damage":0.0,"enemies":"2 Louse","floor":11.0,"turns":2.0},{"damage":12.0,"enemies":"Lagavulin","floor":13.0,"turns":7.0},{"damage":34.0,"enemies":"Hexaghost","floor":16.0,"turns":13.0},{"damage":4.0,"enemies":"Spheric Guardian","floor":18.0,"turns":6.0},{"damage":13.0,"enemies":"Chosen","floor":21.0,"turns":8.0},{"damage":6.0,"enemies":"3 Cultists","floor":24.0,"turns":7.0},{"damage":11.0,"enemies":"Shelled Parasite and Fungi","floor":29.0,"turns":4.0},{"damage":0,"enemies":"Sentry and Sphere","floor":30,"turns":2}],"seed_played":"-871970531651885928","potions_obtained":[{"floor":11.0,"key":"Dexterity Potion"},{"floor":13.0,"key":"PowerPotion"}],"is_trial":false,"path_per_floor":["M","$","?","?","?","E","R","T","T","R","M","?","E","$","R","B",null,"M","$","?","M","$","R","M","?","T","?","R","M","M"],"character_chosen":"DEFECT","items_purchased":["Defragment","DollysMirror"],"campfire_rested":2,"item_purchase_floors":[14,22],"current_hp_per_floor":[74,74,59,48,30,2,26,26,26,26,26,26,14,14,38,4,82,78,78,62,49,49,49,43,43,43,43,43,32,32],"gold":33,"neow_bonus":"RANDOM_COLORLESS","is_prod":false,"is_daily":false,"chose_seed":false,"campfire_upgraded":3,"win_rate":0,"timestamp":1551728038,"path_taken":["M","$","?","?","?","E","R","?","T","R","M","?","E","?","R","BOSS","M","$","?","M","$","R","M","?","T","?","R","?","?"],"build_version":"2019-01-23","purchased_purges":1,"victory":false,"max_hp_per_floor":[75,75,75,75,82,82,82,82,82,82,82,82,82,82,82,82,82,82,82,87,87,87,87,87,87,87,87,87,87,87],"card_choices":[{"not_picked":["Steam","Reinforced Body","Chaos"],"picked":"SKIP","floor":1.0},{"not_picked":["Gash","Compile Driver","Stack"],"picked":"SKIP","floor":6.0},{"not_picked":["Rebound","Streamline"],"picked":"Defragment","floor":11.0},{"not_picked":["Doom and Gloom","Chill"],"picked":"Coolheaded","floor":13.0},{"not_picked":["Hyperbeam","Core Surge"],"picked":"Echo Form","floor":16.0},{"not_picked":["Turbo","Double Energy"],"picked":"Capacitor+1","floor":18.0},{"not_picked":["Static Discharge","Rebound"],"picked":"Capacitor","floor":21.0},{"not_picked":["Capacitor","Hologram"],"picked":"Chaos+1","floor":24.0},{"not_picked":["Turbo+1","Steam+1"],"picked":"Go for the Eyes+1","floor":29.0}],"player_experience":1082031,"relics_obtained":[{"floor":6.0,"key":"Oddly Smooth Stone"},{"floor":8.0,"key":"Lantern"},{"floor":9.0,"key":"Dream Catcher"},{"floor":13.0,"key":"Kunai"},{"floor":26.0,"key":"Molten Egg 2"}],"event_choices":[{"damage_healed":0.0,"max_hp_gain":0.0,"max_hp_loss":0.0,"gold_gain":0.0,"event_name":"Shining Light","player_choice":"Entered Light","floor":3.0,"gold_loss":0.0,"damage_taken":15.0,"cards_upgraded":["Dramatic Entrance","Strike_B"]},{"damage_healed":0.0,"max_hp_gain":0.0,"max_hp_loss":0.0,"gold_gain":75.0,"event_name":"World of Goop","player_choice":"Gather Gold","floor":4.0,"gold_loss":0.0,"damage_taken":11.0},{"damage_healed":0.0,"max_hp_gain":0.0,"max_hp_loss":0.0,"gold_gain":0.0,"event_name":"Scrap Ooze","player_choice":"Success","floor":5.0,"gold_loss":0.0,"damage_taken":25.0,"relics_obtained":["Strawberry"]},{"damage_healed":0.0,"max_hp_gain":0.0,"max_hp_loss":0.0,"gold_gain":0.0,"event_name":"Dead Adventurer","player_choice":"Searched \u00271\u0027 times","floor":12.0,"gold_loss":0.0,"damage_taken":0.0,"relics_obtained":["Pen Nib"]},{"damage_healed":0.0,"max_hp_gain":5.0,"max_hp_loss":0.0,"gold_gain":0.0,"event_name":"Forgotten Altar","player_choice":"Shed Blood","floor":20.0,"gold_loss":0.0,"damage_taken":21.0},{"cards_removed":["Strike_B"],"damage_healed":0.0,"max_hp_gain":0.0,"max_hp_loss":0.0,"gold_gain":0.0,"event_name":"Beggar","player_choice":"Gave Gold","floor":25.0,"gold_loss":75.0,"damage_taken":0.0},{"cards_removed":["Strike_B"],"damage_healed":0.0,"max_hp_gain":0.0,"max_hp_loss":0.0,"gold_gain":0.0,"event_name":"Bonfire Elementals","player_choice":"Offered Basic","floor":27.0,"gold_loss":0.0,"damage_taken":0.0}],"is_beta":false,"boss_relics":[{"not_picked":["Velvet Choker","Pandora\u0027s Box"],"picked":"Sozu"}],"items_purged_floors":[19],"is_endless":false,"potions_floor_spawned":[11,13,21],"killed_by":"Sentry and Sphere","ascension_level":0}