{"gold_per_floor":[113,126,136,149,162,162,180,180,180,26,26,126,159,172,172,295,295,264,284,300,300],"floor_reached":21,"playtime":1278,"items_purged":["Strike_B"],"score":204,"play_id":"48162d26-c625-483c-b494-0a2d23ebe7d8","local_time":"20190615012828","is_ascension_mode":true,"campfire_choices":[{"data":"Capacitor","floor":6,"key":"SMITH"},{"data":"Genetic Algorithm","floor":8,"key":"SMITH"},{"floor":15,"key":"REST"}],"neow_cost":"NONE","seed_source_timestamp":24951573225164,"circlet_count":0,"master_deck":["Strike_B","Strike_B","Strike_B","Defend_B","Defend_B","Defend_B","Defend_B","Zap","Dualcast","Auto Shields","Redo","Genetic Algorithm+1","Defragment","Capacitor+1","Turbo","Storm","Injury","Ball Lightning","Coolheaded","Core Surge","Auto Shields","Ball Lightning","Coolheaded"],"relics":["Cracked Core","Pen Nib","Golden Idol","Ancient Tea Set","Inserter"],"potions_floor_usage":[4,7,18,21],"damage_taken":[{"damage":1,"enemies":"Cultist","floor":1,"turns":4},{"damage":1,"enemies":"Jaw Worm","floor":2,"turns":3},{"damage":0,"enemies":"2 Louse","floor":3,"turns":3},{"damage":5,"enemies":"Gremlin Gang","floor":4,"turns":4},{"damage":14,"enemies":"3 Louse","floor":5,"turns":4},{"damage":0,"enemies":"2 Fungi Beasts","floor":7,"turns":4},{"damage":44,"enemies":"Lagavulin","floor":13,"turns":9},{"damage":6,"enemies":"Looter","floor":14,"turns":3},{"damage":33,"enemies":"The Guardian","floor":16,"turns":13},{"damage":31,"enemies":"2 Thieves","floor":18,"turns":5},{"damage":13,"enemies":"Shell Parasite","floor":19,"turns":9},{"damage":24,"enemies":"Shelled Parasite and Fungi","floor":20,"turns":8},{"damage":15,"enemies":"Cultist and Chosen","floor":21,"turns":4}],"seed_played":"-2751251740284969806","potions_obtained":[{"floor":2,"key":"Fire Potion"},{"floor":5,"key":"Block Potion"},{"floor":13,"key":"Explosive Potion"},{"floor":14,"key":"Fire Potion"},{"floor":16,"key":"Swift Potion"},{"floor":20,"key":"SkillPotion"}],"is_trial":false,"path_per_floor":["M","M","M","M","M","R","M","R","T","$","?","?","E","M","R","B",null,"M","M","M","M"],"character_chosen":"DEFECT","items_purchased":["Storm"],"campfire_rested":1,"item_purchase_floors":[10],"current_hp_per_floor":[81,80,80,75,61,61,61,61,61,61,61,61,17,11,35,2,82,51,38,14,0],"gold":300,"neow_bonus":"TEN_PERCENT_HP_BONUS","is_prod":false,"is_daily":false,"chose_seed":false,"campfire_upgraded":2,"win_rate":0,"timestamp":1560576508,"path_taken":["M","M","M","M","M","R","M","R","T","?","?","?","E","M","R","BOSS","M","M","M","M"],"build_version":"2019-01-23","purchased_purges":1,"victory":false,"max_hp_per_floor":[82,82,82,82,82,82,82,82,82,82,82,82,82,82,82,82,82,82,82,82,82],"card_choices":[{"not_picked":["Stack","Chaos"],"picked":"Auto Shields","floor":1},{"not_picked":["Barrage","Aggregate"],"picked":"Redo","floor":2},{"not_picked":["Turbo","Gash"],"picked":"Genetic Algorithm","floor":3},{"not_picked":["Streamline","Buffer"],"picked":"Defragment","floor":4},{"not_picked":["Heatsinks","Blizzard"],"picked":"Capacitor","floor":5},{"not_picked":["Hello World","Heatsinks"],"picked":"Turbo","floor":7},{"not_picked":["Steam","Steam Power"],"picked":"Ball Lightning","floor":13},{"not_picked":["Leap","Force Field"],"picked":"Coolheaded","floor":14},{"not_picked":["Multi-Cast","Hyperbeam"],"picked":"Core Surge","floor":16},{"not_picked":["Go for the Eyes","Hologram"],"picked":"Auto Shields","floor":18},{"not_picked":["Sweeping Beam","Heatsinks+1"],"picked":"Ball Lightning","floor":19},{"not_picked":["Turbo+1","Melter"],"picked":"Coolheaded","floor":20}],"player_experience":257226,"relics_obtained":[{"floor":9,"key":"Pen Nib"},{"floor":13,"key":"Ancient Tea Set"}],"event_choices":[{"damage_healed":0,"gold_gain":0,"player_choice":"Take Wound","damage_taken":0,"relics_obtained":["Golden Idol"],"max_hp_gain":0,"max_hp_loss":0,"event_name":"Golden Idol","floor":11,"gold_loss":0,"cards_obtained":["Injury"]},{"damage_healed":0,"gold_gain":100,"player_choice":"Pray","damage_taken":0,"max_hp_gain":0,"max_hp_loss":0,"event_name":"Golden Shrine","floor":12,"gold_loss":0}],"is_beta":false,"boss_relics":[{"not_picked":["Fusion Hammer","Velvet Choker"],"picked":"Inserter"}],"items_purged_floors":[10],"is_endless":false,"potions_floor_spawned":[2,5,13,14,16,20],"killed_by":"Cultist and Chosen","ascension_level":2}