{"path_per_floor":["M","M","?","?","M","E","R","E","T","R","M","M","M","M","R"],"character_chosen":"IRONCLAD","items_purchased":[],"gold_per_floor":[115,127,127,127,141,176,176,241,311,311,329,341,353,373,373,373],"floor_reached":16,"campfire_rested":1,"playtime":928,"current_hp_per_floor":[94,94,94,94,94,86,86,37,37,65,81,73,69,78,78,0],"items_purged":[],"gold":373,"score":114,"play_id":"057ad408-e7de-4aaa-9b30-04e399c26210","local_time":"20180422013620","is_prod":false,"is_daily":false,"chose_seed":false,"is_ascension_mode":false,"campfire_upgraded":2,"timestamp":1524357380,"path_taken":["M","M","?","?","M","E","R","E","T","R","M","?","M","M","R","BOSS"],"build_version":"2018-04-19","seed_source_timestamp":0,"purchased_purges":0,"victory":false,"master_deck":["Strike_R","Strike_R","Strike_R","Strike_R","Strike_R","Defend_R","Defend_R","Defend_R","Defend_R","Bash","Doubt","Flex+1","Thunderclap","Finesse","Pommel Strike","Flex+1","Intimidate","Carnage","Cleave+1","Iron Wave","Wild Strike"],"max_hp_per_floor":[94,94,94,94,94,94,94,94,94,94,94,94,94,94,94,94],"relics":["Burning Blood","Mango","Magic Flower","Tiny Chest","Letter Opener"],"card_choices":[{"not_picked":["Corruption","Anger"],"picked":"Flex","floor":1.0},{"not_picked":["Pommel Strike","Sentinel"],"picked":"Thunderclap","floor":2.0},{"not_picked":["Brutality","Clash"],"picked":"Pommel Strike","floor":5.0},{"not_picked":["Fire Breathing","Searing Blow"],"picked":"Flex","floor":6.0},{"not_picked":["Fire Breathing","Second Wind"],"picked":"Intimidate","floor":8},{"not_picked":["Ghostly Armor","Warcry"],"picked":"Carnage","floor":11},{"not_picked":["Iron Wave","Flex"],"picked":"Cleave","floor":12},{"not_picked":["Anger","Combust"],"picked":"Iron Wave","floor":13},{"not_picked":["True Grit","Dual Wield"],"picked":"Wild Strike","floor":14}],"player_experience":128901,"potions_floor_usage":[11,16,16],"damage_taken":[{"damage":6.0,"enemies":"2 Louse","floor":1.0,"turns":3.0},{"damage":1.0,"enemies":"Cultist","floor":2.0,"turns":3.0},{"damage":5.0,"enemies":"Small Slimes","floor":5.0,"turns":2.0},{"damage":14.0,"enemies":"Gremlin Nob","floor":6.0,"turns":4.0},{"damage":58,"enemies":"Lagavulin","floor":8,"turns":7},{"damage":18,"enemies":"Exordium Thugs","floor":11,"turns":6},{"damage":17,"enemies":"Gremlin Gang","floor":12,"turns":3},{"damage":13,"enemies":"Red Slaver","floor":13,"turns":2},{"damage":0,"enemies":"3 Louse","floor":14,"turns":2},{"damage":78,"enemies":"The Guardian","floor":16,"turns":13}],"event_choices":[{"event_name":"Upgrade Shrine","player_choice":"Upgraded","floor":3.0,"damage_taken":0.0},{"event_name":"Match and Keep!","player_choice":"1 cards matched","floor":4.0,"damage_taken":0.0}],"boss_relics":[],"potions_floor_spawned":[2,5,8,12,14],"seed_played":"-1594704376096644930","killed_by":"The Guardian","ascension_level":0,"is_trial":false}