{"gold_per_floor":[119,138,154,167,181,214,214,242,267,267,192,210,210,230,230,335,335,346,446,446,446,462,462,462,462,488,488,503,503,118,132,132,234,234,246,266,145,158,173,173,94,122,122,122,137,137,137,150,150,150],"floor_reached":51,"playtime":1545,"items_purged":["Strike_B","Blizzard"],"score":739,"play_id":"71e07fc8-7268-4e25-86fb-d9e2c2679837","local_time":"20190214002542","is_ascension_mode":false,"campfire_choices":[{"data":"Defragment","floor":7.0,"key":"SMITH"},{"data":"Zap","floor":10.0,"key":"SMITH"},{"data":"Dualcast","floor":13.0,"key":"SMITH"},{"data":"Ball Lightning","floor":15.0,"key":"SMITH"},{"data":"Conserve Battery","floor":23.0,"key":"SMITH"},{"data":"Coolheaded","floor":25.0,"key":"SMITH"},{"data":"Cold Snap","floor":27.0,"key":"SMITH"},{"data":"Blind","floor":32.0,"key":"SMITH"},{"data":"Rainbow","floor":40.0,"key":"SMITH"},{"data":"BootSequence","floor":44.0,"key":"SMITH"},{"data":"Chill","floor":47,"key":"SMITH"},{"floor":49,"key":"REST"}],"neow_cost":"NONE","seed_source_timestamp":130512272620733,"circlet_count":0,"master_deck":["Strike_B+1","Defend_B+1","Defend_B+1","Defend_B+1","Defend_B+1","Zap+1","Dualcast+1","Ball Lightning+1","Coolheaded+1","BootSequence+1","Defragment+1","Electrodynamics+1","Chill+1","Cold Snap+1","Core Surge+1","Conserve Battery+1","Electrodynamics+1","Blind+1","Conserve Battery+1","Rainbow+1","Darkness+1"],"special_seed":0,"relics":["Cracked Core","Frozen Egg 2","Cables","PreservedInsect","Philosopher\u0027s Stone","Nunchaku","Singing Bowl","Anchor","Matryoshka","Membership Card","Black Star","Pear","Whetstone","Bag of Marbles","Vajra","Dream Catcher","Blue Candle"],"potions_floor_usage":[50,50,50],"damage_taken":[{"damage":0.0,"enemies":"Cultist","floor":1.0,"turns":3.0},{"damage":0.0,"enemies":"Small Slimes","floor":2.0,"turns":3.0},{"damage":7.0,"enemies":"Jaw Worm","floor":3.0,"turns":3.0},{"damage":3.0,"enemies":"Large Slime","floor":4.0,"turns":7.0},{"damage":0.0,"enemies":"2 Fungi Beasts","floor":5.0,"turns":3.0},{"damage":20.0,"enemies":"Lagavulin","floor":6.0,"turns":8.0},{"damage":9.0,"enemies":"3 Sentries","floor":8.0,"turns":7.0},{"damage":2.0,"enemies":"Blue Slaver","floor":12.0,"turns":3.0},{"damage":1.0,"enemies":"Gremlin Gang","floor":14.0,"turns":4.0},{"damage":5.0,"enemies":"The Guardian","floor":16.0,"turns":9.0},{"damage":12.0,"enemies":"Shell Parasite","floor":18.0,"turns":5.0},{"damage":12.0,"enemies":"Colosseum Slavers","floor":19.0,"turns":3.0},{"damage":0.0,"enemies":"Colosseum Nobs","floor":19.0,"turns":3.0},{"damage":2.0,"enemies":"2 Thieves","floor":22.0,"turns":2.0},{"damage":0.0,"enemies":"Chosen and Byrds","floor":28.0,"turns":3.0},{"damage":0.0,"enemies":"Snecko","floor":31.0,"turns":3.0},{"damage":12.0,"enemies":"Champ","floor":33.0,"turns":13.0},{"damage":0.0,"enemies":"3 Shapes","floor":35.0,"turns":2.0},{"damage":0.0,"enemies":"3 Darklings","floor":36.0,"turns":2.0},{"damage":7.0,"enemies":"Writhing Mass","floor":38.0,"turns":5.0},{"damage":0.0,"enemies":"4 Shapes","floor":39.0,"turns":2.0},{"damage":5.0,"enemies":"Nemesis","floor":42.0,"turns":9.0},{"damage":0.0,"enemies":"Sphere and 2 Shapes","floor":45.0,"turns":3.0},{"damage":0,"enemies":"Writhing Mass","floor":48,"turns":4},{"damage":23,"enemies":"Time Eater","floor":50,"turns":10}],"seed_played":"-4723176067389345162","potions_obtained":[{"floor":1.0,"key":"Energy Potion"},{"floor":2.0,"key":"FocusPotion"},{"floor":3.0,"key":"SpeedPotion"},{"floor":6.0,"key":"FocusPotion"},{"floor":8.0,"key":"FocusPotion"}],"is_trial":false,"path_per_floor":["M","M","M","M","M","E","R","E","T","R","$","M","R","M","R","B",null,"M","?","?","?","M","R","?","R","T","R","M","T","$","M","R","B",null,"M","M","$","M","M","R","$","E","T","R","M","?","R","M","R","B",null],"character_chosen":"DEFECT","items_purchased":["Membership Card","Electrodynamics+1","Blind","Pear","Whetstone"],"campfire_rested":1,"item_purchase_floors":[30,30,30,37,41],"current_hp_per_floor":[82,82,75,72,72,52,52,43,43,43,43,41,41,40,40,35,82,70,58,58,58,58,58,58,58,58,58,60,60,60,60,60,48,86,88,90,100,95,97,97,97,92,92,92,94,90,90,92,116,93],"gold":150,"neow_bonus":"TEN_PERCENT_HP_BONUS","is_prod":false,"is_daily":false,"chose_seed":false,"campfire_upgraded":11,"win_rate":0,"timestamp":1550103942,"path_taken":["M","M","M","M","?","E","R","E","T","R","$","M","R","M","R","BOSS","M","?","?","?","M","R","?","R","T","R","M","?","$","M","R","BOSS","M","M","$","M","M","R","$","E","T","R","M","?","R","M","R","BOSS"],"build_version":"2019-01-23","purchased_purges":2,"victory":true,"max_hp_per_floor":[82,82,82,82,82,82,82,82,82,82,82,82,82,82,82,82,82,82,82,82,82,84,84,84,84,84,84,86,86,86,86,86,86,86,88,90,100,102,104,104,104,104,104,104,106,112,112,114,116,116],"card_choices":[{"not_picked":["Lockon","Barrage","Self Repair"],"picked":"SKIP","floor":1.0},{"not_picked":["BootSequence","Go for the Eyes"],"picked":"Ball Lightning","floor":2.0},{"not_picked":["Sunder","Thunder Strike"],"picked":"Coolheaded","floor":3.0},{"not_picked":["Stack","Recycle"],"picked":"BootSequence","floor":4.0},{"not_picked":["Fusion","Steam"],"picked":"Defragment","floor":5.0},{"not_picked":["Redo","Stack","Rebound"],"picked":"SKIP","floor":6.0},{"not_picked":["Chaos","Redo","Scrape"],"picked":"SKIP","floor":8.0},{"not_picked":["Hologram","Steam Power","Aggregate"],"picked":"SKIP","floor":12.0},{"not_picked":["Compile Driver","Redo","Gash"],"picked":"SKIP","floor":14.0},{"not_picked":["Buffer+1","Core Surge"],"picked":"Electrodynamics+1","floor":16.0},{"not_picked":["Steam Power","Streamline"],"picked":"Chill","floor":18.0},{"not_picked":["Redo","Doom and Gloom"],"picked":"Cold Snap","floor":19.0},{"not_picked":["Conserve Battery","Ball Lightning","Skim"],"picked":"Singing Bowl","floor":22.0},{"not_picked":["Sweeping Beam","Skim","Barrage"],"picked":"Singing Bowl","floor":28.0},{"not_picked":["Go for the Eyes","Scrape"],"picked":"Conserve Battery+1","floor":31.0},{"not_picked":["Core Surge","Electrodynamics+1"],"picked":"Rainbow","floor":33.0},{"not_picked":["Ball Lightning+1","Scrape+1","Stack+1"],"picked":"Singing Bowl","floor":35.0},{"not_picked":["Streamline","Leap+1","Darkness"],"picked":"Singing Bowl","floor":36.0},{"not_picked":["Ball Lightning+1","Gash","Static Discharge+1"],"picked":"Singing Bowl","floor":38.0},{"not_picked":["Go for the Eyes+1","Cold Snap","Rebound+1"],"picked":"Singing Bowl","floor":39.0},{"not_picked":["Core Surge","Sunder+1"],"picked":"Darkness+1","floor":42.0},{"not_picked":["Reprogram","Melter+1","Coolheaded"],"picked":"Singing Bowl","floor":45.0},{"not_picked":["Discovery","PanicButton","Dark Shackles"],"picked":"Singing Bowl","floor":46},{"not_picked":["Bandage Up","Discovery","Impatience"],"picked":"Singing Bowl","floor":46},{"not_picked":["Dark Shackles","Swift Strike","Flash of Steel"],"picked":"Singing Bowl","floor":46},{"not_picked":["Redo","Hello World+1","Coolheaded+1"],"picked":"Singing Bowl","floor":48},{"not_picked":["Reinforced Body","Barrage+1","Ball Lightning+1"],"picked":"Singing Bowl","floor":49}],"player_experience":1038499,"relics_obtained":[{"floor":6.0,"key":"Frozen Egg 2"},{"floor":8.0,"key":"Cables"},{"floor":9.0,"key":"PreservedInsect"},{"floor":19.0,"key":"Nunchaku"},{"floor":19.0,"key":"Singing Bowl"},{"floor":26.0,"key":"Anchor"},{"floor":29.0,"key":"Matryoshka"},{"floor":42.0,"key":"Bag of Marbles"},{"floor":42.0,"key":"Vajra"},{"floor":43.0,"key":"Dream Catcher"},{"floor":43.0,"key":"Blue Candle"}],"event_choices":[{"damage_healed":0.0,"max_hp_gain":0.0,"max_hp_loss":0.0,"gold_gain":0.0,"event_name":"Colosseum","player_choice":"Fight","floor":19.0,"gold_loss":0.0,"damage_taken":0.0},{"damage_healed":0.0,"max_hp_gain":0.0,"max_hp_loss":0.0,"gold_gain":0.0,"event_name":"Colosseum","player_choice":"Fought Nobs","floor":19.0,"gold_loss":0.0,"damage_taken":0.0},{"damage_healed":0.0,"max_hp_gain":0.0,"max_hp_loss":0.0,"gold_gain":0.0,"cards_transformed":["Strike_B","Strike_B"],"event_name":"Drug Dealer","player_choice":"Became Test Subject","floor":20.0,"gold_loss":0.0,"damage_taken":0.0,"cards_obtained":["Core Surge","Blizzard"]},{"damage_healed":0.0,"max_hp_gain":0.0,"max_hp_loss":0.0,"gold_gain":0.0,"event_name":"The Library","player_choice":"Read","floor":21.0,"gold_loss":0.0,"damage_taken":0.0,"cards_obtained":["Conserve Battery"]},{"damage_healed":0.0,"max_hp_gain":0.0,"max_hp_loss":0.0,"gold_gain":0.0,"event_name":"Back to Basics","player_choice":"Simplicity","floor":24.0,"gold_loss":0.0,"damage_taken":0.0,"cards_upgraded":["Strike_B","Defend_B","Defend_B","Defend_B","Defend_B"]},{"damage_healed":0,"gold_gain":0,"player_choice":"Memory 3","damage_taken":10,"max_hp_gain":0,"max_hp_loss":0,"event_name":"SensoryStone","floor":46,"gold_loss":0}],"is_beta":false,"boss_relics":[{"not_picked":["Tiny House","Calling Bell"],"picked":"Philosopher\u0027s Stone"},{"not_picked":["Lizard Tail","Fusion Hammer"],"picked":"Black Star"}],"items_purged_floors":[11,30],"is_endless":false,"potions_floor_spawned":[1,2,3,6,8,14,19,22,31,35,36],"ascension_level":0}