{"gold_per_floor":[116,130,130,144,162,162,187,112,112,112,287,287,187,205,205,324,324,349,424,424,443,443,443,476,476,524,547,547,547,86,107,107,233,233,246,267,267,287,312,312,343,343,343,343,362,362,378,74,74,74],"floor_reached":51,"playtime":1351,"items_purged":["Strike_B","Doubt","Cold Snap"],"score":695,"play_id":"b8266891-baee-41a7-8167-e2c0ccdfe2da","local_time":"20190522005306","is_ascension_mode":false,"campfire_choices":[{"data":"Zap","floor":6.0,"key":"SMITH"},{"data":"Melter","floor":12.0,"key":"SMITH"},{"data":"Strike_B","floor":15.0,"key":"SMITH"},{"data":"Defend_B","floor":23.0,"key":"SMITH"},{"floor":25.0,"key":"REST"},{"floor":28.0,"key":"REST"},{"floor":32.0,"key":"REST"},{"data":"Thunder Strike","floor":40.0,"key":"SMITH"},{"floor":42.0,"key":"REST"},{"floor":44,"key":"REST"},{"floor":46,"key":"REST"},{"data":"Electrodynamics","floor":49,"key":"SMITH"}],"neow_cost":"NONE","seed_source_timestamp":0,"circlet_count":0,"master_deck":["Strike_B+1","Defend_B+1","Defend_B+1","Defend_B+1","Zap+1","Dualcast+1","Chill+1","Melter+1","Electrodynamics+1","Echo Form+1","FTL+1","Rainbow+1","BootSequence+1","Chill","Thunder Strike+1","Chaos+1","Buffer+1","Go for the Eyes+1","Capacitor+1","Conserve Battery+1"],"special_seed":0,"relics":["Cracked Core","Bronze Scales","Vajra","Golden Idol","Astrolabe","Frozen Egg 2","Happy Flower","Runic Capacitor","Cursed Key","Question Card","War Paint"],"potions_floor_usage":[50,50,50],"damage_taken":[{"damage":0.0,"enemies":"Cultist","floor":1.0,"turns":4.0},{"damage":0.0,"enemies":"2 Louse","floor":2.0,"turns":3.0},{"damage":0.0,"enemies":"Small Slimes","floor":4.0,"turns":3.0},{"damage":5.0,"enemies":"Blue Slaver","floor":5.0,"turns":4.0},{"damage":6.0,"enemies":"3 Sentries","floor":7.0,"turns":9.0},{"damage":0.0,"enemies":"Lots of Slimes","floor":14.0,"turns":3.0},{"damage":26.0,"enemies":"Slime Boss","floor":16.0,"turns":10.0},{"damage":10.0,"enemies":"Chosen","floor":18.0,"turns":3.0},{"damage":13.0,"enemies":"Shell Parasite","floor":21.0,"turns":3.0},{"damage":32.0,"enemies":"Slavers","floor":24.0,"turns":3.0},{"damage":12.0,"enemies":"3 Cultists","floor":27.0,"turns":3.0},{"damage":16.0,"enemies":"Snecko","floor":31.0,"turns":4.0},{"damage":33.0,"enemies":"Collector","floor":33.0,"turns":8.0},{"damage":3.0,"enemies":"3 Shapes","floor":35.0,"turns":2.0},{"damage":18.0,"enemies":"3 Darklings","floor":36.0,"turns":4.0},{"damage":0.0,"enemies":"Spire Growth","floor":38.0,"turns":6.0},{"damage":10.0,"enemies":"Jaw Worm Horde","floor":39.0,"turns":4.0},{"damage":45.0,"enemies":"Nemesis","floor":41.0,"turns":7.0},{"damage":0,"enemies":"Transient","floor":45,"turns":5},{"damage":0,"enemies":"Sphere and 2 Shapes","floor":47,"turns":3},{"damage":25,"enemies":"Donu and Deca","floor":50,"turns":10}],"seed_played":"5584275488939612013","potions_obtained":[{"floor":2.0,"key":"FearPotion"},{"floor":5.0,"key":"Poison Potion"},{"floor":7.0,"key":"EssenceOfSteel"},{"floor":24.0,"key":"SteroidPotion"}],"is_trial":false,"path_per_floor":["M","M","?","M","M","R","E","$","T","?","?","R","$","M","R","B",null,"M","?","$","M","$","R","E","R","T","M","R","?","$","M","R","B",null,"M","M","?","M","M","R","E","R","T","R","M","R","M","$","R","B",null],"character_chosen":"DEFECT","items_purchased":["Runic Capacitor","Chill","Cold Snap","Thunder Strike","Conserve Battery","War Paint"],"campfire_rested":6,"item_purchase_floors":[30,30,30,30,48,48],"current_hp_per_floor":[82,82,82,82,77,77,71,71,71,51,51,51,51,51,51,25,82,72,64,64,51,51,51,19,43,43,31,55,55,55,39,63,30,82,79,61,61,61,51,51,6,30,30,54,54,78,78,78,78,53],"gold":74,"neow_bonus":"TEN_PERCENT_HP_BONUS","is_prod":false,"is_daily":false,"chose_seed":false,"campfire_upgraded":6,"win_rate":0,"timestamp":1558482786,"path_taken":["M","?","?","M","M","R","E","$","T","?","?","R","$","M","R","BOSS","M","?","$","?","$","R","E","R","T","M","R","?","?","M","R","BOSS","M","M","?","?","M","R","E","R","T","R","M","R","?","$","R","BOSS"],"build_version":"2019-01-23","purchased_purges":3,"victory":true,"max_hp_per_floor":[82,82,82,82,82,82,82,82,82,82,82,82,82,82,82,82,82,82,82,82,82,82,82,82,82,82,82,82,82,82,82,82,82,82,82,82,82,82,82,82,82,82,82,82,82,82,82,82,82,82],"card_choices":[{"not_picked":["Turbo","Stack","Barrage"],"picked":"SKIP","floor":1.0},{"not_picked":["Redo","Hologram"],"picked":"Chill","floor":2.0},{"not_picked":["Loop","Genetic Algorithm","Barrage"],"picked":"SKIP","floor":4.0},{"not_picked":["Streamline","Gash","Beam Cell"],"picked":"SKIP","floor":5.0},{"not_picked":["Barrage","Reinforced Body"],"picked":"Melter","floor":7.0},{"not_picked":["Double Energy","Gash","Turbo"],"picked":"SKIP","floor":14.0},{"not_picked":["Multi-Cast","All For One"],"picked":"Electrodynamics","floor":16.0},{"not_picked":["Stack","Compile Driver+1"],"picked":"Ball Lightning","floor":18.0},{"not_picked":["Stack","Sweeping Beam","Loop+1"],"picked":"SKIP","floor":21.0},{"not_picked":["Cold Snap","Redo"],"picked":"BootSequence+1","floor":24.0},{"not_picked":["Gash","Hello World+1","BootSequence"],"picked":"SKIP","floor":27.0},{"not_picked":["FTL","Sweeping Beam","Go for the Eyes"],"picked":"SKIP","floor":31.0},{"not_picked":["Gash","Turbo+1","Coolheaded"],"picked":"SKIP","floor":35.0},{"not_picked":["Consume+1","Sunder+1"],"picked":"Chaos+1","floor":36.0},{"not_picked":["Force Field","Steam Power"],"picked":"Go for the Eyes+1","floor":38.0},{"not_picked":["Gash+1","Rebound+1","All For One"],"picked":"SKIP","floor":39.0},{"not_picked":["Stack","Steam","Beam Cell"],"picked":"SKIP","floor":41.0},{"not_picked":["Redo+1","Turbo+1","Streamline","BootSequence"],"picked":"SKIP","floor":45},{"not_picked":["Scrape+1","Beam Cell","Consume+1"],"picked":"Capacitor+1","floor":47}],"player_experience":1249415,"relics_obtained":[{"floor":7.0,"key":"Bronze Scales"},{"floor":9.0,"key":"Vajra"},{"floor":24.0,"key":"Frozen Egg 2"},{"floor":26.0,"key":"Happy Flower"},{"floor":41.0,"key":"Question Card"}],"event_choices":[{"damage_healed":0.0,"max_hp_gain":0.0,"max_hp_loss":0.0,"gold_gain":0.0,"event_name":"Living Wall","player_choice":"Grow","floor":3.0,"gold_loss":0.0,"damage_taken":0.0,"cards_upgraded":["Dualcast"]},{"damage_healed":0.0,"max_hp_gain":0.0,"max_hp_loss":0.0,"gold_gain":0.0,"event_name":"Golden Idol","player_choice":"Take Damage","floor":10.0,"gold_loss":0.0,"damage_taken":20.0,"relics_obtained":["Golden Idol"]},{"damage_healed":0.0,"max_hp_gain":0.0,"max_hp_loss":0.0,"gold_gain":175.0,"event_name":"Liars Game","player_choice":"AGREE","floor":11.0,"gold_loss":0.0,"damage_taken":0.0,"cards_obtained":["Doubt"]},{"damage_healed":0.0,"max_hp_gain":0.0,"max_hp_loss":0.0,"gold_gain":75.0,"event_name":"FaceTrader","player_choice":"Touch","floor":19.0,"gold_loss":0.0,"damage_taken":8.0},{"damage_healed":0.0,"max_hp_gain":0.0,"max_hp_loss":0.0,"gold_gain":0.0,"event_name":"Back to Basics","player_choice":"Simplicity","floor":29.0,"gold_loss":0.0,"damage_taken":0.0,"cards_upgraded":["Defend_B","Defend_B"]},{"damage_healed":0.0,"max_hp_gain":0.0,"max_hp_loss":0.0,"gold_gain":0.0,"cards_transformed":["Ball Lightning"],"event_name":"Transmorgrifier","player_choice":"Transformed","floor":37.0,"gold_loss":0.0,"damage_taken":0.0,"cards_obtained":["Buffer"]}],"is_beta":false,"boss_relics":[{"not_picked":["Snecko Eye","Runic Dome"],"picked":"Astrolabe"},{"not_picked":["Runic Pyramid","Orrery"],"picked":"Cursed Key"}],"items_purged_floors":[8,13,48],"is_endless":false,"potions_floor_spawned":[2,5,7,16,24,27,33,36,39,45],"ascension_level":0}