{"gold_per_floor":[115,115,59,59,1,30,30,62,130,130,130,205,205,218,218,295,295,309,320,338,0,15,15,15,35,35,35,35,35],"floor_reached":29,"playtime":1183,"items_purged":[],"score":558,"play_id":"65dfbeba-11f6-45e0-a67b-69bbf6be12ad","local_time":"20190621203927","is_ascension_mode":true,"campfire_choices":[{"floor":7.0,"key":"REST"},{"floor":11.0,"key":"REST"},{"data":"Dualcast","floor":13.0,"key":"SMITH"},{"data":"Coolheaded","floor":15.0,"key":"SMITH"},{"floor":24.0,"key":"DIG"},{"floor":28,"key":"DIG"}],"neow_cost":"NONE","seed_source_timestamp":201353805361765,"circlet_count":0,"master_deck":["AscendersBane","Strike_B","Strike_B","Strike_B","Strike_B","Defend_B","Defend_B","Defend_B+1","Defend_B","Zap+1","Dualcast+1","Compile Driver","Ball Lightning","Glacier+1","Coolheaded+1","Buffer","Go for the Eyes","Fusion","Capacitor","Self Repair","Cold Snap"],"special_seed":0,"relics":["Cracked Core","NeowsBlessing","Omamori","Pocketwatch","Blood Vial","Bottled Lightning","Mercury Hourglass","Nuclear Battery","Shovel","Torii","Kunai","Question Card","Calipers"],"potions_floor_usage":[25],"damage_taken":[{"damage":0.0,"enemies":"Cultist","floor":1.0,"turns":1.0},{"damage":0.0,"enemies":"3 Sentries","floor":6.0,"turns":1.0},{"damage":0.0,"enemies":"Lagavulin","floor":8.0,"turns":1.0},{"damage":0.0,"enemies":"2 Louse","floor":14.0,"turns":2.0},{"damage":2.0,"enemies":"Hexaghost","floor":16.0,"turns":9.0},{"damage":0.0,"enemies":"Shell Parasite","floor":18.0,"turns":4.0},{"damage":7.0,"enemies":"3 Byrds","floor":19.0,"turns":5.0},{"damage":8.0,"enemies":"Snecko","floor":20.0,"turns":6.0},{"damage":16.0,"enemies":"Shelled Parasite and Fungi","floor":22.0,"turns":7.0},{"damage":16,"enemies":"Snake Plant","floor":25,"turns":5},{"damage":41,"enemies":"Book of Stabbing","floor":29,"turns":7}],"seed_played":"4132574368313720309","potions_obtained":[{"floor":6.0,"key":"LiquidBronze"},{"floor":8.0,"key":"Swift Potion"},{"floor":19.0,"key":"PowerPotion"},{"floor":20.0,"key":"AttackPotion"}],"is_trial":false,"path_per_floor":["M","?","$","?","$","E","R","E","T","?","R","T","R","M","R","B",null,"M","M","M","$","M","?","R","M","T","?","R","E"],"character_chosen":"DEFECT","items_purchased":["PowerPotion","Ball Lightning","Shovel"],"campfire_rested":2,"item_purchase_floors":[3,5,21],"current_hp_per_floor":[64,29,29,29,29,29,50,50,50,29,50,50,50,52,52,52,66,68,63,57,57,43,43,43,36,36,36,36,0],"gold":35,"neow_bonus":"THREE_ENEMY_KILL","is_prod":false,"is_daily":false,"chose_seed":false,"campfire_upgraded":2,"win_rate":0,"timestamp":1561174767,"path_taken":["M","?","$","?","$","E","R","E","T","?","R","?","R","?","R","BOSS","M","M","?","$","M","?","R","M","T","?","R","E"],"build_version":"2019-01-23","purchased_purges":0,"victory":false,"max_hp_per_floor":[71,71,71,71,71,71,71,71,71,71,71,71,71,71,71,71,71,71,71,71,71,71,71,71,71,71,71,71,71],"card_choices":[{"not_picked":["Rip and Tear","Streamline"],"picked":"Compile Driver","floor":1.0},{"not_picked":["Rebound","Compile Driver","Turbo"],"picked":"SKIP","floor":6.0},{"not_picked":["Conserve Battery","Tempest"],"picked":"Glacier","floor":8.0},{"not_picked":["Go for the Eyes","Stack"],"picked":"Coolheaded","floor":14.0},{"not_picked":["Machine Learning","Rainbow"],"picked":"Buffer","floor":16.0},{"not_picked":["Barrage","Streamline"],"picked":"Go for the Eyes","floor":18.0},{"not_picked":["Steam","Beam Cell"],"picked":"Fusion","floor":19.0},{"not_picked":["Hologram","Streamline"],"picked":"Capacitor","floor":20.0},{"not_picked":["Sweeping Beam","Compile Driver"],"picked":"Self Repair","floor":22.0},{"not_picked":["Barrage","Scrape"],"picked":"Cold Snap","floor":25}],"player_experience":958401,"relics_obtained":[{"floor":6.0,"key":"Pocketwatch"},{"floor":8.0,"key":"Blood Vial"},{"floor":9.0,"key":"Bottled Lightning"},{"floor":12.0,"key":"Mercury Hourglass"},{"floor":24.0,"key":"Kunai"},{"floor":26,"key":"Question Card"},{"floor":28,"key":"Calipers"}],"event_choices":[{"damage_healed":0.0,"max_hp_gain":0.0,"max_hp_loss":0.0,"gold_gain":0.0,"event_name":"Scrap Ooze","player_choice":"Success","floor":2.0,"gold_loss":0.0,"damage_taken":35.0,"relics_obtained":["Omamori"]},{"damage_healed":0.0,"max_hp_gain":0.0,"max_hp_loss":0.0,"gold_gain":0.0,"event_name":"Living Wall","player_choice":"Grow","floor":4.0,"gold_loss":0.0,"damage_taken":0.0,"cards_upgraded":["Zap"]},{"damage_healed":0.0,"max_hp_gain":0.0,"max_hp_loss":0.0,"gold_gain":0.0,"event_name":"Shining Light","player_choice":"Entered Light","floor":10.0,"gold_loss":0.0,"damage_taken":21.0,"cards_upgraded":["Defend_B","Glacier"]},{"damage_healed":0.0,"max_hp_gain":0.0,"max_hp_loss":0.0,"gold_gain":0.0,"event_name":"Addict","player_choice":"Stole Relic","floor":23.0,"gold_loss":0.0,"damage_taken":0.0,"relics_obtained":["Torii"],"cards_obtained":["Shame"]},{"damage_healed":0,"gold_gain":0,"player_choice":"Ignored","damage_taken":0,"max_hp_gain":0,"max_hp_loss":0,"event_name":"Beggar","floor":27,"gold_loss":0}],"is_beta":false,"boss_relics":[{"not_picked":["Runic Dome","Sozu"],"picked":"Nuclear Battery"}],"items_purged_floors":[],"is_endless":false,"potions_floor_spawned":[6,8,19,20],"killed_by":"Book of Stabbing","ascension_level":20}