{"gold_per_floor":[114,114,128,145,145,145,145,164,164,164,164,189,139,168,168,263,263,276,288,288,306,32,32,45,45,45,72,87,17,17,17,17,116,116,136,236,165,165,176,176,150,169,251,263,263,275,275,290,290,290],"floor_reached":51,"playtime":1361,"items_purged":["Defend_B","Strike_B"],"score":775,"play_id":"64d45dca-7729-405c-a7e3-68a51989f96a","local_time":"20190612215254","is_ascension_mode":false,"campfire_choices":[{"data":"Dualcast","floor":6.0,"key":"SMITH"},{"data":"Zap","floor":11.0,"key":"SMITH"},{"data":"Ball Lightning","floor":15.0,"key":"SMITH"},{"data":"Defragment","floor":23.0,"key":"SMITH"},{"data":"Defend_B","floor":25.0,"key":"SMITH"},{"data":"Beam Cell","floor":32,"key":"SMITH"},{"data":"Echo Form","floor":40,"key":"SMITH"},{"data":"Force Field","floor":45,"key":"SMITH"},{"data":"BootSequence","floor":47,"key":"SMITH"},{"floor":49,"key":"REST"}],"neow_cost":"TEN_PERCENT_HP_LOSS","seed_source_timestamp":1211972970048537,"circlet_count":0,"master_deck":["Strike_B+1","Defend_B+1","Defend_B+1","Zap+1","Dualcast+1","Ball Lightning+1","Ball Lightning+1","BootSequence+1","Beam Cell+1","Glacier+1","Defragment+1","FTL+1","Echo Form+1","Force Field+1","Go for the Eyes+1","Glacier+1"],"special_seed":0,"relics":["Cracked Core","FossilizedHelix","Ornamental Fan","Meat on the Bone","Smiling Mask","Whetstone","Sozu","War Paint","Kunai","Molten Egg 2","Busted Crown","WingedGreaves","Darkstone Periapt"],"potions_floor_usage":[50,50,50],"damage_taken":[{"damage":0.0,"enemies":"2 Louse","floor":1.0,"turns":1.0},{"damage":0.0,"enemies":"Small Slimes","floor":3.0,"turns":2.0},{"damage":0.0,"enemies":"Cultist","floor":4.0,"turns":3.0},{"damage":0.0,"enemies":"Blue Slaver","floor":8.0,"turns":2.0},{"damage":0.0,"enemies":"Gremlin Nob","floor":12.0,"turns":3.0},{"damage":13.0,"enemies":"3 Sentries","floor":14.0,"turns":5.0},{"damage":34.0,"enemies":"The Guardian","floor":16.0,"turns":8.0},{"damage":0.0,"enemies":"2 Thieves","floor":18.0,"turns":3.0},{"damage":0.0,"enemies":"Spheric Guardian","floor":19.0,"turns":4.0},{"damage":0.0,"enemies":"Centurion and Healer","floor":21.0,"turns":7.0},{"damage":0.0,"enemies":"Snake Plant","floor":24.0,"turns":3.0},{"damage":0.0,"enemies":"Book of Stabbing","floor":27.0,"turns":5.0},{"damage":0.0,"enemies":"Cultist and Chosen","floor":28.0,"turns":4.0},{"damage":0,"enemies":"Champ","floor":33,"turns":11},{"damage":0,"enemies":"Orb Walker","floor":35,"turns":3},{"damage":0,"enemies":"Mind Bloom Boss Battle","floor":36,"turns":5},{"damage":0,"enemies":"3 Shapes","floor":39,"turns":4},{"damage":15,"enemies":"Jaw Worm Horde","floor":42,"turns":4},{"damage":0,"enemies":"Transient","floor":44,"turns":5},{"damage":22,"enemies":"4 Shapes","floor":46,"turns":4},{"damage":0,"enemies":"Spire Growth","floor":48,"turns":4},{"damage":11,"enemies":"Donu and Deca","floor":50,"turns":17}],"seed_played":"8161457272361450422","potions_obtained":[{"floor":3.0,"key":"Ancient Potion"},{"floor":12.0,"key":"FocusPotion"},{"floor":14.0,"key":"Dexterity Potion"}],"is_trial":false,"path_per_floor":["M","?","M","M","$","R","?","M","T","?","R","E","$","E","R","B",null,"M","M","?","M","$","R","M","R","T","E","M","$","?","?","R","B",null,"M","?","$","?","M","R","$","M","T","M","R","M","R","M","R","B",null],"character_chosen":"DEFECT","items_purchased":["Defragment","War Paint","FTL+1","Force Field","Go for the Eyes+1"],"campfire_rested":1,"item_purchase_floors":[22,22,29,37,41],"current_hp_per_floor":[68,68,68,68,68,68,61,61,61,61,61,61,61,48,48,26,68,68,68,68,68,68,68,68,68,68,68,68,68,68,68,68,68,68,68,68,68,68,68,68,68,53,53,53,53,43,43,43,63,52],"gold":290,"neow_bonus":"ONE_RARE_RELIC","is_prod":false,"is_daily":false,"chose_seed":false,"campfire_upgraded":9,"win_rate":0,"timestamp":1560372774,"path_taken":["M","?","M","M","$","R","?","M","T","?","R","E","$","E","R","BOSS","M","M","?","?","$","R","M","R","T","E","M","$","?","?","R","BOSS","M","?","$","?","M","R","$","M","T","M","R","M","R","M","R","BOSS"],"build_version":"2019-01-23","purchased_purges":2,"victory":true,"max_hp_per_floor":[68,68,68,68,68,68,68,68,68,68,68,68,68,68,68,68,68,68,68,68,68,68,68,68,68,68,68,68,68,68,68,68,68,68,68,68,68,68,68,68,68,68,68,68,68,68,68,68,68,68],"card_choices":[{"not_picked":["Turbo","Fusion"],"picked":"Ball Lightning","floor":1.0},{"not_picked":["Lockon","Sweeping Beam","Beam Cell"],"picked":"SKIP","floor":3.0},{"not_picked":["Compile Driver","Tempest","Steam"],"picked":"SKIP","floor":4.0},{"not_picked":["Capacitor","Hologram"],"picked":"Ball Lightning","floor":8.0},{"not_picked":["Fusion","Ball Lightning","Stack"],"picked":"SKIP","floor":12.0},{"not_picked":["Steam","Turbo"],"picked":"BootSequence","floor":14.0},{"not_picked":["Ball Lightning","Coolheaded"],"picked":"Beam Cell","floor":18.0},{"not_picked":["BootSequence","Seek"],"picked":"Glacier","floor":19.0},{"not_picked":["Stack","Double Energy","Gash"],"picked":"SKIP","floor":21.0},{"not_picked":["Stack","Coolheaded","Leap"],"picked":"SKIP","floor":24.0},{"not_picked":["Auto Shields","Reprogram+1","Hologram"],"picked":"SKIP","floor":27.0},{"not_picked":["Darkness","Streamline+1","Barrage+1"],"picked":"SKIP","floor":28.0},{"not_picked":["Darkness","Streamline+1","Barrage+1"],"picked":"SKIP","floor":28.0},{"not_picked":["Machine Learning","Seek"],"picked":"Echo Form","floor":33},{"not_picked":["Leap"],"picked":"SKIP","floor":35},{"not_picked":["Barrage+1"],"picked":"SKIP","floor":39},{"not_picked":["Recycle+1"],"picked":"SKIP","floor":42},{"not_picked":[],"picked":"Glacier+1","floor":44},{"not_picked":["Auto Shields+1"],"picked":"SKIP","floor":46},{"not_picked":["Rebound+1"],"picked":"SKIP","floor":48}],"player_experience":1289870,"relics_obtained":[{"floor":9.0,"key":"Ornamental Fan"},{"floor":12.0,"key":"Smiling Mask"},{"floor":14.0,"key":"Whetstone"},{"floor":26.0,"key":"Kunai"},{"floor":27.0,"key":"Molten Egg 2"},{"floor":36,"key":"WingedGreaves"},{"floor":43,"key":"Darkstone Periapt"}],"event_choices":[{"damage_healed":0.0,"max_hp_gain":0.0,"max_hp_loss":0.0,"gold_gain":0.0,"event_name":"The Cleric","player_choice":"Leave","floor":2.0,"gold_loss":0.0,"damage_taken":0.0},{"cards_removed":["Strike_B"],"damage_healed":0.0,"max_hp_gain":0.0,"max_hp_loss":0.0,"gold_gain":0.0,"event_name":"Golden Wing","player_choice":"Card Removal","floor":7.0,"gold_loss":0.0,"damage_taken":7.0},{"damage_healed":0.0,"max_hp_gain":0.0,"max_hp_loss":0.0,"gold_gain":0.0,"event_name":"Dead Adventurer","player_choice":"Searched \u00272\u0027 times","floor":10.0,"gold_loss":0.0,"damage_taken":0.0,"relics_obtained":["Meat on the Bone"]},{"cards_removed":["Strike_B"],"damage_healed":0.0,"max_hp_gain":0.0,"max_hp_loss":0.0,"gold_gain":0.0,"event_name":"Bonfire Elementals","player_choice":"Offered Basic","floor":20.0,"gold_loss":0.0,"damage_taken":0.0},{"cards_removed":["Defend_B"],"damage_healed":0,"gold_gain":0,"player_choice":"Purged","damage_taken":0,"max_hp_gain":0,"max_hp_loss":0,"event_name":"Purifier","floor":31,"gold_loss":0},{"damage_healed":0,"gold_gain":0,"player_choice":"Fight","damage_taken":0,"max_hp_gain":0,"max_hp_loss":0,"event_name":"MindBloom","floor":36,"gold_loss":0},{"damage_healed":0,"gold_gain":0,"player_choice":"Memory 1","damage_taken":0,"max_hp_gain":0,"max_hp_loss":0,"event_name":"SensoryStone","floor":38,"gold_loss":0}],"is_beta":false,"boss_relics":[{"not_picked":["Lizard Tail","Coffee Dripper"],"picked":"Sozu"},{"not_picked":["Runic Pyramid","Snecko Eye"],"picked":"Busted Crown"}],"items_purged_floors":[13,22],"is_endless":false,"potions_floor_spawned":[3,12,14,16,21,33,36,39,48],"ascension_level":0}