{"gold_per_floor":[112,129,144,144,144,175,175,214,214,214,5,45,45,78,78,202,202,227,240,17,40,0,0,33,56,56,96,96,96,109,132,132,257,257,281,581,595,11,11,11,54,54,127,127,50,50,65,86,86,86],"floor_reached":51,"playtime":3416,"items_purged":["Strike_G","Strike_G"],"score":1149,"play_id":"d252b37b-66b2-4732-bdc1-c7db0e15f900","local_time":"20190613105441","is_ascension_mode":true,"campfire_choices":[{"data":"Dagger Spray","floor":7.0,"key":"SMITH"},{"floor":10.0,"key":"REST"},{"data":"Neutralize","floor":13.0,"key":"SMITH"},{"data":"Dagger Spray","floor":15.0,"key":"SMITH"},{"data":"Footwork","floor":23.0,"key":"SMITH"},{"data":"Well Laid Plans","floor":29.0,"key":"SMITH"},{"data":"Glass Knife","floor":32,"key":"SMITH"},{"data":"Envenom","floor":40,"key":"SMITH"},{"data":"Survivor","floor":42,"key":"SMITH"},{"data":"Defend_G","floor":44,"key":"SMITH"},{"data":"Caltrops","floor":49,"key":"SMITH"}],"neow_cost":"NONE","seed_source_timestamp":309000494286005,"circlet_count":0,"master_deck":["Defend_G","Defend_G","Defend_G","Defend_G","Defend_G+1","Strike_G+1","Strike_G+1","Survivor+1","Neutralize+1","Footwork+1","Dagger Spray+1","Dagger Spray+1","Well Laid Plans+1","Cloak And Dagger+1","Malaise+1","Crippling Poison+1","Prepared+1","Prepared+1","Malaise+1","Dodge and Roll+1","Deflect+1","Noxious Fumes+1","Terror+1","Acrobatics+1","Backflip+1","Catalyst+1","Backflip+1","Acrobatics+1","PiercingWail+1","Glass Knife+1","Deadly Poison+1","Envenom+1","Catalyst+1","Dodge and Roll+1","Bouncing Flask+1","Burst+1","Caltrops+1","PiercingWail+1","Noxious Fumes+1"],"special_seed":0,"relics":["Ring of the Snake","Strawberry","Golden Idol","Toxic Egg 2","Regal Pillow","Letter Opener","Prayer Wheel","Ice Cream","Tough Bandages","Eternal Feather","Bag of Preparation","Blue Candle","Meat on the Bone","Vajra","Coffee Dripper","Ginger","Happy Flower","Whetstone","Kunai","Dodecahedron"],"potions_floor_usage":[50],"damage_taken":[{"damage":4.0,"enemies":"Jaw Worm","floor":1.0,"turns":6.0},{"damage":0.0,"enemies":"Cultist","floor":2.0,"turns":4.0},{"damage":0.0,"enemies":"Small Slimes","floor":3.0,"turns":4.0},{"damage":38.0,"enemies":"Gremlin Nob","floor":6.0,"turns":6.0},{"damage":6.0,"enemies":"3 Sentries","floor":8.0,"turns":4.0},{"damage":2.0,"enemies":"Lagavulin","floor":12.0,"turns":9.0},{"damage":25.0,"enemies":"Gremlin Nob","floor":14.0,"turns":6.0},{"damage":13.0,"enemies":"Slime Boss","floor":16.0,"turns":13.0},{"damage":0.0,"enemies":"Chosen","floor":18.0,"turns":7.0},{"damage":0.0,"enemies":"Shell Parasite","floor":19.0,"turns":9.0},{"damage":0.0,"enemies":"Centurion and Healer","floor":21.0,"turns":6.0},{"damage":18.0,"enemies":"Gremlin Leader","floor":24.0,"turns":6.0},{"damage":0.0,"enemies":"Chosen and Byrds","floor":25.0,"turns":5.0},{"damage":0.0,"enemies":"Book of Stabbing","floor":27.0,"turns":9.0},{"damage":0.0,"enemies":"Snake Plant","floor":30.0,"turns":6.0},{"damage":5,"enemies":"Sentry and Sphere","floor":31,"turns":6},{"damage":25,"enemies":"Automaton","floor":33,"turns":9},{"damage":3,"enemies":"3 Darklings","floor":35,"turns":3},{"damage":0,"enemies":"Orb Walker","floor":37,"turns":4},{"damage":15,"enemies":"Reptomancer","floor":41,"turns":5},{"damage":6,"enemies":"3 Darklings","floor":47,"turns":3},{"damage":4,"enemies":"Spire Growth","floor":48,"turns":6},{"damage":14,"enemies":"Donu and Deca","floor":50,"turns":9}],"seed_played":"2756847369462595005","potions_obtained":[{"floor":1.0,"key":"Explosive Potion"},{"floor":6.0,"key":"EssenceOfSteel"},{"floor":12.0,"key":"Ancient Potion"},{"floor":18.0,"key":"GamblersBrew"},{"floor":19.0,"key":"SkillPotion"},{"floor":24.0,"key":"Ancient Potion"},{"floor":25.0,"key":"Fire Potion"},{"floor":37,"key":"GhostInAJar"}],"is_trial":false,"path_per_floor":["M","M","M","?","T","E","R","E","T","R","$","E","R","E","R","B",null,"M","M","$","M","?","R","E","M","T","E","?","R","M","M","R","B",null,"M","?","M","$","T","R","E","R","T","R","$","?","M","M","R","B",null],"character_chosen":"THE_SILENT","items_purchased":["Malaise+1","Crippling Poison+1","Bag of Preparation","Ginger","Bouncing Flask+1","Happy Flower","Caltrops"],"campfire_rested":1,"item_purchase_floors":[11,11,20,38,38,38,45],"current_hp_per_floor":[66,66,66,66,66,28,28,22,22,58,58,56,56,31,31,18,58,58,58,58,58,58,71,53,53,53,53,53,68,68,63,71,46,65,62,62,62,62,62,71,56,71,71,71,71,67,61,57,67,53],"gold":86,"neow_bonus":"RANDOM_COMMON_RELIC","is_prod":false,"is_daily":false,"chose_seed":false,"campfire_upgraded":10,"win_rate":0,"timestamp":1560441281,"path_taken":["M","M","M","?","?","E","R","E","T","R","$","E","R","E","R","BOSS","M","M","$","?","?","R","E","M","T","E","?","R","?","M","R","BOSS","M","?","?","$","?","R","E","R","T","R","?","?","M","M","R","BOSS"],"build_version":"2019-01-23","purchased_purges":2,"victory":true,"max_hp_per_floor":[77,77,77,71,71,71,71,71,71,71,71,71,71,71,71,71,71,71,71,71,71,71,71,71,71,71,71,71,71,71,71,71,71,71,71,71,71,71,71,71,71,71,71,71,71,67,67,67,67,67],"card_choices":[{"not_picked":["Dodge and Roll","Outmaneuver"],"picked":"Footwork","floor":1.0},{"not_picked":["PiercingWail","Deadly Poison"],"picked":"Dagger Spray","floor":2.0},{"not_picked":["Bane","Eviscerate"],"picked":"Dagger Spray","floor":3.0},{"not_picked":["Infinite Blades","Noxious Fumes"],"picked":"Well Laid Plans","floor":6.0},{"not_picked":["Acrobatics+1","Setup+1"],"picked":"Cloak And Dagger+1","floor":8.0},{"not_picked":["Dagger Spray","Quick Slash"],"picked":"Prepared+1","floor":12.0},{"not_picked":["Outmaneuver+1","Underhanded Strike"],"picked":"Prepared+1","floor":14.0},{"not_picked":["Burst+1","Unload"],"picked":"Malaise+1","floor":16.0},{"not_picked":["Deflect+1","Flying Knee"],"picked":"Dodge and Roll+1","floor":18.0},{"not_picked":["Setup+1","Deflect+1","Riddle With Holes"],"picked":"SKIP","floor":18.0},{"not_picked":["Setup+1","Riddle With Holes"],"picked":"Deflect+1","floor":18.0},{"not_picked":["Dagger Throw","Infinite Blades"],"picked":"Noxious Fumes+1","floor":19.0},{"not_picked":["Sucker Punch","Bouncing Flask+1"],"picked":"Terror+1","floor":19.0},{"not_picked":["Finisher","Infinite Blades"],"picked":"Acrobatics+1","floor":21.0},{"not_picked":["Tactician+1","Deadly Poison+1"],"picked":"Backflip+1","floor":21.0},{"not_picked":["All Out Attack","Sucker Punch","Poisoned Stab+1"],"picked":"SKIP","floor":24.0},{"not_picked":["Outmaneuver+1","Deadly Poison+1"],"picked":"Catalyst+1","floor":25.0},{"not_picked":["Predator","Acrobatics+1"],"picked":"Backflip+1","floor":25.0},{"not_picked":["Finisher","Sucker Punch+1"],"picked":"Acrobatics+1","floor":27.0},{"not_picked":["Dagger Spray","Escape Plan+1"],"picked":"PiercingWail+1","floor":30.0},{"not_picked":["Dagger Spray","Distraction+1"],"picked":"Glass Knife","floor":30.0},{"not_picked":["Outmaneuver+1","Tactician+1"],"picked":"Deadly Poison+1","floor":31},{"not_picked":["Concentrate+1","Dagger Spray","Sucker Punch"],"picked":"SKIP","floor":31},{"not_picked":["A Thousand Cuts","Storm of Steel+1"],"picked":"Envenom","floor":33},{"not_picked":["Reflex+1","Dagger Spray"],"picked":"Catalyst+1","floor":35},{"not_picked":["Infinite Blades+1","Eviscerate","Sucker Punch+1"],"picked":"SKIP","floor":35},{"not_picked":["Flying Knee","Outmaneuver+1"],"picked":"Dodge and Roll+1","floor":37},{"not_picked":["Bane","Distraction+1","Calculated Gamble+1"],"picked":"SKIP","floor":37},{"not_picked":["Well Laid Plans","Expertise+1"],"picked":"Burst+1","floor":41},{"not_picked":["Sucker Punch+1","Cloak And Dagger+1"],"picked":"PiercingWail+1","floor":47},{"not_picked":["Distraction+1","Masterful Stab","Acrobatics+1"],"picked":"SKIP","floor":47},{"not_picked":["Eviscerate+1","Leg Sweep+1"],"picked":"Noxious Fumes+1","floor":48},{"not_picked":["Infinite Blades+1","Bane","Dagger Spray+1"],"picked":"SKIP","floor":48}],"player_experience":71935,"relics_obtained":[{"floor":5.0,"key":"Toxic Egg 2"},{"floor":6.0,"key":"Regal Pillow"},{"floor":8.0,"key":"Letter Opener"},{"floor":9.0,"key":"Prayer Wheel"},{"floor":12.0,"key":"Ice Cream"},{"floor":14.0,"key":"Tough Bandages"},{"floor":24.0,"key":"Blue Candle"},{"floor":26.0,"key":"Meat on the Bone"},{"floor":27.0,"key":"Vajra"},{"floor":39,"key":"Whetstone"},{"floor":41,"key":"Kunai"},{"floor":43,"key":"Dodecahedron"}],"event_choices":[{"damage_healed":0.0,"max_hp_gain":0.0,"max_hp_loss":6.0,"gold_gain":0.0,"event_name":"Golden Idol","player_choice":"Lose Max HP","floor":4.0,"gold_loss":0.0,"damage_taken":0.0,"relics_obtained":["Golden Idol"]},{"damage_healed":0.0,"max_hp_gain":0.0,"max_hp_loss":0.0,"gold_gain":0.0,"event_name":"Masked Bandits","player_choice":"Paid Fearfully","floor":22.0,"gold_loss":40.0,"damage_taken":0.0},{"cards_removed":["Strike_G"],"damage_healed":0.0,"max_hp_gain":0.0,"max_hp_loss":0.0,"gold_gain":0.0,"event_name":"Purifier","player_choice":"Purged","floor":28.0,"gold_loss":0.0,"damage_taken":0.0},{"damage_healed":0,"gold_gain":300,"player_choice":"Gold","damage_taken":0,"max_hp_gain":0,"max_hp_loss":0,"event_name":"Wheel of Change","floor":36,"gold_loss":0},{"damage_healed":0,"gold_gain":0,"player_choice":"Max HP","damage_taken":0,"max_hp_gain":0,"max_hp_loss":4,"event_name":"Winding Halls","floor":46,"gold_loss":0}],"is_beta":false,"boss_relics":[{"not_picked":["Runic Pyramid","Runic Dome"],"picked":"Eternal Feather"},{"not_picked":["Astrolabe","Sozu"],"picked":"Coffee Dripper"}],"items_purged_floors":[20,38],"is_endless":false,"potions_floor_spawned":[1,6,12,18,19,24,25,37,41],"ascension_level":9}