{"gold_per_floor":[119,8,8,20,31,31,61,74,97,97,108,108,141,157,157,255,255,271,371,296,313,40,40,6,20,20,20,39,51,385,398,398,495,495,514,106,120,135,135,168,99,133,145,173,145,170,7,40,40,40],"floor_reached":51,"playtime":3635,"items_purged":["Defend_B"],"score":1068,"play_id":"0be1dcdd-57d8-4cae-a85c-1f1fdba1e352","local_time":"20190619180834","is_ascension_mode":true,"campfire_choices":[{"floor":6,"key":"REST"},{"floor":12,"key":"REST"},{"floor":15,"key":"REST"},{"floor":23,"key":"REST"},{"floor":27,"key":"REST"},{"floor":32,"key":"REST"},{"floor":49,"key":"REST"}],"neow_cost":"NONE","seed_source_timestamp":170396718854118,"circlet_count":0,"master_deck":["Strike_B","Defend_B","Defend_B","Zap","Dualcast","Darkness+1","Storm+1","Heatsinks+1","Gash","Loop","Hello World","Leap","Go for the Eyes+1","Steam","Self Repair","Amplify+1","Go for the Eyes","Creative AI","Go for the Eyes","Core Surge","Capacitor","Leap","Capacitor","Leap","Storm","Force Field+1","Self Repair","Gash","Beam Cell","Electrodynamics","Storm","Heatsinks","Panache","Gash","Defragment+1","Heatsinks","Stack+1","Capacitor","Gash","Storm","Buffer","Heatsinks+1"],"relics":["Astrolabe","Dream Catcher","Boot","Nuclear Battery","Nunchaku","Dodecahedron","Mummified Hand","Du-Vu Doll","Old Coin","Black Star","Strawberry","Art of War","Symbiotic Virus","MawBank","The Courier","Mango","Orichalcum","Anchor"],"potions_floor_usage":[13,16,21,21,21,33,42,48,50,50],"damage_taken":[{"damage":16,"enemies":"Small Slimes","floor":1,"turns":3},{"damage":18,"enemies":"2 Louse","floor":4,"turns":3},{"damage":9,"enemies":"Jaw Worm","floor":5,"turns":3},{"damage":13,"enemies":"Exordium Wildlife","floor":8,"turns":4},{"damage":38,"enemies":"Lots of Slimes","floor":11,"turns":4},{"damage":5,"enemies":"Lagavulin","floor":13,"turns":5},{"damage":7,"enemies":"2 Fungi Beasts","floor":14,"turns":3},{"damage":26,"enemies":"The Guardian","floor":16,"turns":7},{"damage":25,"enemies":"3 Byrds","floor":18,"turns":5},{"damage":12,"enemies":"Colosseum Slavers","floor":19,"turns":3},{"damage":38,"enemies":"Colosseum Nobs","floor":19,"turns":4},{"damage":8,"enemies":"2 Thieves","floor":21,"turns":3},{"damage":29,"enemies":"Snake Plant","floor":25,"turns":4},{"damage":9,"enemies":"Sentry and Sphere","floor":28,"turns":3},{"damage":0,"enemies":"Chosen and Byrds","floor":29,"turns":2},{"damage":19,"enemies":"Book of Stabbing","floor":30,"turns":5},{"damage":18,"enemies":"Snake Plant","floor":31,"turns":3},{"damage":39,"enemies":"Automaton","floor":33,"turns":7},{"damage":13,"enemies":"Orb Walker","floor":35,"turns":3},{"damage":13,"enemies":"3 Shapes","floor":37,"turns":3},{"damage":16,"enemies":"Maw","floor":38,"turns":4},{"damage":13,"enemies":"Giant Head","floor":40,"turns":3},{"damage":10,"enemies":"Reptomancer","floor":42,"turns":4},{"damage":17,"enemies":"Spire Growth","floor":44,"turns":4},{"damage":31,"enemies":"Jaw Worm Horde","floor":46,"turns":3},{"damage":0,"enemies":"Nemesis","floor":48,"turns":3},{"damage":45,"enemies":"Time Eater","floor":50,"turns":7}],"seed_played":"7480953597049807135","potions_obtained":[{"floor":1,"key":"SpeedPotion"},{"floor":11,"key":"FocusPotion"},{"floor":13,"key":"FocusPotion"},{"floor":18,"key":"GamblersBrew"},{"floor":19,"key":"Fire Potion"},{"floor":25,"key":"Dexterity Potion"},{"floor":28,"key":"Ancient Potion"},{"floor":31,"key":"Weak Potion"},{"floor":33,"key":"Poison Potion"},{"floor":37,"key":"Explosive Potion"},{"floor":42,"key":"Poison Potion"}],"is_trial":false,"path_per_floor":["M","$","?","M","M","R","?","M","T","?","M","R","E","M","R","B",null,"M","?","?","M","$","R","$","M","T","R","M","M","E","M","R","B",null,"M","$","M","M","?","E","$","E","T","M","?","M","$","E","R","B",null],"character_chosen":"DEFECT","items_purchased":["Loop","Mummified Hand","Capacitor","Capacitor","Heatsinks","Strawberry","Panache","Capacitor","Buffer","Regen Potion"],"campfire_rested":7,"item_purchase_floors":[2,22,22,24,36,36,36,41,47,47],"current_hp_per_floor":[59,59,59,41,32,54,54,41,41,41,3,25,27,27,49,30,64,46,10,10,9,9,31,31,16,16,38,29,36,38,27,49,24,62,63,70,78,82,82,82,82,79,93,76,76,45,45,61,89,58],"gold":40,"neow_bonus":"BOSS_RELIC","is_prod":false,"is_daily":false,"chose_seed":false,"campfire_upgraded":0,"win_rate":0,"timestamp":1560982114,"path_taken":["M","$","?","M","M","R","?","M","T","?","M","R","E","M","R","BOSS","M","?","?","M","$","R","?","M","T","R","M","?","E","M","R","BOSS","M","$","M","M","?","E","$","E","T","?","?","M","$","E","R","BOSS"],"build_version":"2019-01-23","purchased_purges":1,"victory":true,"max_hp_per_floor":[75,75,75,75,75,75,75,75,75,75,75,75,75,75,75,75,75,75,75,75,75,75,75,75,75,75,75,75,75,75,75,75,75,75,75,82,82,82,82,82,82,82,96,96,96,96,96,96,96,96],"card_choices":[{"not_picked":["Genetic Algorithm","Tempest"],"picked":"Gash","floor":1},{"not_picked":["Stack","Steam"],"picked":"Hello World","floor":4},{"not_picked":["Compile Driver","Barrage"],"picked":"Leap","floor":5},{"not_picked":["Sunder","BootSequence"],"picked":"Go for the Eyes","floor":8},{"not_picked":["Coolheaded","Darkness"],"picked":"Steam","floor":11},{"not_picked":["Force Field","Barrage"],"picked":"Self Repair","floor":12},{"not_picked":["Coolheaded","Turbo"],"picked":"Amplify","floor":13},{"not_picked":["Fusion","Turbo"],"picked":"Go for the Eyes","floor":14},{"not_picked":["All For One","Multi-Cast"],"picked":"Creative AI","floor":16},{"not_picked":["Hologram","Streamline"],"picked":"Go for the Eyes","floor":18},{"not_picked":["Cold Snap","Coolheaded+1"],"picked":"Core Surge","floor":21},{"not_picked":["Stack","Sweeping Beam"],"picked":"Leap","floor":23},{"not_picked":["Go for the Eyes","Coolheaded"],"picked":"Leap","floor":25},{"not_picked":["Leap+1","Gash"],"picked":"Storm","floor":27},{"not_picked":["Chill","Hologram"],"picked":"Force Field+1","floor":28},{"not_picked":["BootSequence","Coolheaded"],"picked":"Self Repair","floor":29},{"not_picked":["Consume","Coolheaded+1"],"picked":"Gash","floor":30},{"not_picked":["Barrage","Streamline"],"picked":"Beam Cell","floor":31},{"not_picked":["Creative AI","Machine Learning"],"picked":"Electrodynamics","floor":33},{"not_picked":["Go for the Eyes","Reinforced Body+1"],"picked":"Storm","floor":35},{"not_picked":["Sweeping Beam","Darkness"],"picked":"Gash","floor":37},{"not_picked":["Steam","Static Discharge+1"],"picked":"Defragment+1","floor":38},{"not_picked":["Blizzard","Rip and Tear+1"],"picked":"Stack+1","floor":40},{"not_picked":["Streamline+1","BootSequence"],"picked":"Gash","floor":42},{"not_picked":["Hologram","Stack","Rebound"],"picked":"SKIP","floor":44},{"not_picked":["Coolheaded+1","Cold Snap+1"],"picked":"Storm","floor":46},{"not_picked":["Double Energy","Sweeping Beam","Turbo+1"],"picked":"SKIP","floor":48},{"not_picked":["Capacitor","Turbo"],"picked":"Heatsinks+1","floor":49}],"player_experience":424654,"relics_obtained":[{"floor":9,"key":"Dream Catcher"},{"floor":13,"key":"Boot"},{"floor":19,"key":"Nunchaku"},{"floor":19,"key":"Dodecahedron"},{"floor":26,"key":"Du-Vu Doll"},{"floor":30,"key":"Old Coin"},{"floor":40,"key":"Art of War"},{"floor":40,"key":"Symbiotic Virus"},{"floor":42,"key":"MawBank"},{"floor":42,"key":"The Courier"},{"floor":43,"key":"Mango"},{"floor":48,"key":"Orichalcum"},{"floor":48,"key":"Anchor"}],"event_choices":[{"damage_healed":0,"gold_gain":0,"player_choice":"Ignored","damage_taken":0,"max_hp_gain":0,"max_hp_loss":0,"event_name":"Liars Game","floor":3,"gold_loss":0},{"damage_healed":0,"gold_gain":30,"player_choice":"Searched \u00272\u0027 times","damage_taken":0,"max_hp_gain":0,"max_hp_loss":0,"event_name":"Dead Adventurer","floor":7,"gold_loss":0},{"damage_healed":0,"gold_gain":0,"player_choice":"Grow","damage_taken":0,"max_hp_gain":0,"max_hp_loss":0,"event_name":"Living Wall","floor":10,"gold_loss":0,"cards_upgraded":["Go for the Eyes"]},{"damage_healed":0,"gold_gain":0,"player_choice":"Fight","damage_taken":0,"max_hp_gain":0,"max_hp_loss":0,"event_name":"Colosseum","floor":19,"gold_loss":0},{"damage_healed":0,"gold_gain":0,"player_choice":"Fought Nobs","damage_taken":0,"max_hp_gain":0,"max_hp_loss":0,"event_name":"Colosseum","floor":19,"gold_loss":0},{"cards_removed":["Strike_B"],"damage_healed":0,"gold_gain":0,"player_choice":"Gave Gold","damage_taken":0,"max_hp_gain":0,"max_hp_loss":0,"event_name":"Beggar","floor":20,"gold_loss":75},{"damage_healed":0,"gold_gain":0,"player_choice":"1 cards matched","damage_taken":0,"max_hp_gain":0,"max_hp_loss":0,"event_name":"Match and Keep!","floor":39,"gold_loss":0,"cards_obtained":["Heatsinks"]},{"damage_healed":0,"gold_gain":0,"player_choice":"Upgrade","damage_taken":0,"max_hp_gain":0,"max_hp_loss":0,"event_name":"Designer","floor":45,"gold_loss":40,"cards_upgraded":["Amplify"]}],"is_beta":false,"boss_relics":[{"not_picked":["White Beast Statue","Cursed Key"],"picked":"Nuclear Battery"},{"not_picked":["Coffee Dripper","Snecko Eye"],"picked":"Black Star"}],"items_purged_floors":[2],"is_endless":false,"potions_floor_spawned":[1,11,13,18,19,25,28,31,33,37,42],"ascension_level":5}