{"gold_per_floor":[217,233,154,168,185,185,196,196,196,196,227,227,244,275,275,275],"floor_reached":16,"playtime":591,"items_purged":[],"score":112,"play_id":"cc9ba198-7b19-4f2b-8a5a-623e55f34334","local_time":"20190507202628","is_ascension_mode":false,"campfire_choices":[{"data":"Defragment","floor":6,"key":"SMITH"},{"data":"Dualcast","floor":8,"key":"SMITH"},{"data":"Go for the Eyes","floor":12,"key":"SMITH"},{"data":"Ball Lightning","floor":15,"key":"SMITH"}],"neow_cost":"NONE","seed_source_timestamp":1463989157952033,"circlet_count":0,"master_deck":["Strike_B","Strike_B","Strike_B","Defend_B","Defend_B","Defend_B","Defend_B","Zap","Dualcast+1","Go for the Eyes+1","Defragment+1","Capacitor","Ball Lightning+1","Conserve Battery+1"],"special_seed":0,"relics":["Cracked Core","Mummified Hand","Toxic Egg 2","Meat on the Bone"],"potions_floor_usage":[14],"damage_taken":[{"damage":0.0,"enemies":"2 Louse","floor":1.0,"turns":2.0},{"damage":1.0,"enemies":"Jaw Worm","floor":2.0,"turns":3.0},{"damage":5,"enemies":"Small Slimes","floor":4,"turns":3},{"damage":11,"enemies":"Gremlin Gang","floor":5,"turns":5},{"damage":7,"enemies":"Looter","floor":7,"turns":3},{"damage":21,"enemies":"3 Sentries","floor":11,"turns":6},{"damage":0,"enemies":"Large Slime","floor":13,"turns":4},{"damage":10,"enemies":"Gremlin Nob","floor":14,"turns":4},{"damage":0,"enemies":"The Guardian","floor":16,"turns":2}],"seed_played":"1007465632724391981","potions_obtained":[{"floor":1.0,"key":"Ancient Potion"},{"floor":5,"key":"Fire Potion"},{"floor":13,"key":"Strength Potion"},{"floor":14,"key":"SpeedPotion"}],"is_trial":false,"path_per_floor":["M","M","$","M","M","R","M","R","T","?","E","R","M","E","R","B"],"character_chosen":"DEFECT","items_purchased":["Defragment"],"campfire_rested":0,"item_purchase_floors":[3],"current_hp_per_floor":[75,74,74,69,58,58,51,51,51,44,23,23,23,13,13,13],"gold":275,"neow_bonus":"HUNDRED_GOLD","is_prod":false,"is_daily":false,"chose_seed":false,"campfire_upgraded":4,"win_rate":0,"timestamp":1557257188,"path_taken":["M","M","$","M","M","R","M","R","T","?","E","R","M","E","R","BOSS"],"build_version":"2019-01-23","purchased_purges":0,"victory":false,"max_hp_per_floor":[75,75,75,75,75,75,75,75,75,75,75,75,75,75,75,75],"card_choices":[{"not_picked":["Auto Shields","Reinforced Body"],"picked":"Go for the Eyes","floor":1.0},{"not_picked":["Hello World","Heatsinks","Sweeping Beam"],"picked":"SKIP","floor":2.0},{"not_picked":["Lockon","Steam","Turbo"],"picked":"SKIP","floor":4},{"not_picked":["Lockon","Beam Cell"],"picked":"Capacitor","floor":5},{"not_picked":["Doom and Gloom","Compile Driver"],"picked":"Ball Lightning","floor":7},{"not_picked":["Self Repair","Fusion","Barrage"],"picked":"SKIP","floor":11},{"not_picked":["Ball Lightning","Static Discharge"],"picked":"Conserve Battery+1","floor":13},{"not_picked":["Storm","Consume+1","Compile Driver"],"picked":"SKIP","floor":14}],"player_experience":1223296,"relics_obtained":[{"floor":9,"key":"Mummified Hand"},{"floor":11,"key":"Toxic Egg 2"},{"floor":14,"key":"Meat on the Bone"}],"event_choices":[{"cards_removed":["Strike_B"],"damage_healed":0,"gold_gain":0,"player_choice":"Card Removal","damage_taken":7,"max_hp_gain":0,"max_hp_loss":0,"event_name":"Golden Wing","floor":10,"gold_loss":0}],"is_beta":false,"boss_relics":[],"items_purged_floors":[],"is_endless":false,"potions_floor_spawned":[1,5,13,14],"killed_by":"The Guardian","ascension_level":0}