{"gold_per_floor":[118,118,39,59,59,90,90,114,138,138,154,79,102,133,133,264,264,289,305,205,205,205,205,238,238,238,238,238,271,146,180,180,308,308,331,354,197,222,222,222,222,222,222,237,250,250,250,100,100,100],"floor_reached":51,"playtime":1409,"items_purged":["Strike_B","Defend_B","Strike_B+1","Defend_B+1"],"score":699,"play_id":"701c0a09-7fa0-4f81-9c44-c8dbbddcfc2a","local_time":"20190603202259","is_ascension_mode":false,"campfire_choices":[{"data":"Dualcast","floor":7.0,"key":"SMITH"},{"data":"Defragment","floor":10.0,"key":"SMITH"},{"data":"Go for the Eyes","floor":15.0,"key":"SMITH"},{"data":"Zap","floor":23.0,"key":"SMITH"},{"floor":28.0,"key":"REST"},{"floor":32.0,"key":"REST"},{"data":"Echo Form","floor":40.0,"key":"SMITH"},{"data":"Strike_B+1","floor":46.0,"key":"PURGE"},{"floor":49,"key":"RECALL"}],"neow_cost":"NONE","seed_source_timestamp":428869326367516,"circlet_count":0,"master_deck":["Defend_B+1","Defend_B+1","Zap+1","Dualcast+1","Melter+1","Defragment+1","Conserve Battery+1","Ball Lightning+1","Go for the Eyes+1","Seek+1","Capacitor+1","Echo Form+1","Coolheaded+1","Thunder Strike+1","Seek+1"],"special_seed":0,"relics":["Cracked Core","Golden Idol","Centennial Puzzle","Happy Flower","Odd Mushroom","Nuclear Battery","Kunai","Orichalcum","Blood Vial","Black Star","DataDisk","Mark of the Bloom","Peace Pipe"],"potions_floor_usage":[50,50,50],"damage_taken":[{"damage":6.0,"enemies":"Jaw Worm","floor":1.0,"turns":3.0},{"damage":5.0,"enemies":"Small Slimes","floor":4.0,"turns":3.0},{"damage":8.0,"enemies":"3 Sentries","floor":6.0,"turns":5.0},{"damage":0.0,"enemies":"2 Louse","floor":8.0,"turns":2.0},{"damage":3.0,"enemies":"2 Fungi Beasts","floor":11.0,"turns":3.0},{"damage":7.0,"enemies":"Exordium Thugs","floor":13.0,"turns":3.0},{"damage":7.0,"enemies":"The Mushroom Lair","floor":14.0,"turns":3.0},{"damage":13.0,"enemies":"The Guardian","floor":16.0,"turns":9.0},{"damage":0.0,"enemies":"3 Byrds","floor":18.0,"turns":5.0},{"damage":12.0,"enemies":"2 Thieves","floor":19.0,"turns":4.0},{"damage":25.0,"enemies":"Slavers","floor":24.0,"turns":5.0},{"damage":37.0,"enemies":"Gremlin Leader","floor":29.0,"turns":8.0},{"damage":20.0,"enemies":"Slavers","floor":31.0,"turns":5.0},{"damage":5.0,"enemies":"Champ","floor":33.0,"turns":10.0},{"damage":3.0,"enemies":"3 Shapes","floor":35.0,"turns":5.0},{"damage":1.0,"enemies":"Orb Walker","floor":36.0,"turns":3.0},{"damage":8.0,"enemies":"3 Darklings","floor":38.0,"turns":6.0},{"damage":0.0,"enemies":"Transient","floor":44.0,"turns":5.0},{"damage":12.0,"enemies":"Spire Growth","floor":45.0,"turns":5.0},{"damage":33,"enemies":"Donu and Deca","floor":50,"turns":9}],"seed_played":"7004163534838480510","potions_obtained":[{"floor":1.0,"key":"AttackPotion"},{"floor":6.0,"key":"LiquidBronze"},{"floor":13.0,"key":"Ancient Potion"},{"floor":18.0,"key":"Block Potion"},{"floor":24.0,"key":"Swift Potion"},{"floor":29.0,"key":"Block Potion"},{"floor":31.0,"key":"Block Potion"},{"floor":36.0,"key":"Regen Potion"}],"is_trial":false,"path_per_floor":["M","?","$","M","?","E","R","M","T","R","M","$","M","?","R","B",null,"M","M","$","?","?","R","E","?","T","$","R","E","$","E","R","B",null,"M","M","$","M","$","R","?","?","T","M","M","R","?","$","R","B",null],"character_chosen":"DEFECT","items_purchased":["Defragment","DataDisk"],"campfire_rested":2,"item_purchase_floors":[3,37],"current_hp_per_floor":[76,56,56,51,51,43,43,43,43,43,40,40,33,26,26,13,82,82,70,70,70,70,70,45,45,45,45,69,32,32,12,36,33,82,79,80,80,74,74,74,74,74,74,74,62,62,62,62,62,29],"gold":100,"neow_bonus":"TEN_PERCENT_HP_BONUS","is_prod":false,"is_daily":false,"chose_seed":false,"campfire_upgraded":5,"win_rate":0,"timestamp":1559589779,"path_taken":["M","?","$","M","?","E","R","M","T","R","M","$","M","?","R","BOSS","M","M","$","?","?","R","E","?","T","$","R","E","$","E","R","BOSS","M","M","$","M","$","R","?","?","T","?","M","R","?","$","R","BOSS"],"build_version":"2019-01-23","purchased_purges":4,"victory":true,"max_hp_per_floor":[82,82,82,82,82,82,82,82,82,82,82,82,82,82,82,82,82,82,82,82,82,82,82,82,82,82,82,82,82,82,82,82,82,82,82,82,82,82,82,82,82,82,82,82,82,82,82,82,82,82],"card_choices":[{"not_picked":["Hologram","Loop"],"picked":"Melter","floor":1.0},{"not_picked":["Gash","Storm","Redo"],"picked":"SKIP","floor":4.0},{"not_picked":["Heatsinks","Multi-Cast"],"picked":"Conserve Battery","floor":6.0},{"not_picked":["Sweeping Beam","Leap","Go for the Eyes"],"picked":"SKIP","floor":8.0},{"not_picked":["Storm","Compile Driver","Capacitor"],"picked":"SKIP","floor":11.0},{"not_picked":["Coolheaded","Steam"],"picked":"Ball Lightning","floor":13.0},{"not_picked":["Hologram","Blizzard"],"picked":"Go for the Eyes","floor":14.0},{"not_picked":["Rainbow","All For One"],"picked":"Seek","floor":16.0},{"not_picked":["Rebound+1","Aggregate","Ball Lightning"],"picked":"SKIP","floor":18.0},{"not_picked":["Skim+1","Steam"],"picked":"Capacitor+1","floor":19.0},{"not_picked":["Ball Lightning","Steam","Redo"],"picked":"SKIP","floor":24.0},{"not_picked":["Redo+1","Compile Driver"],"picked":"Echo Form","floor":29.0},{"not_picked":["Biased Cognition","Reinforced Body+1"],"picked":"Coolheaded","floor":31.0},{"not_picked":["Buffer","Meteor Strike"],"picked":"Thunder Strike","floor":33.0},{"not_picked":["Go for the Eyes+1","Double Energy","Stack"],"picked":"SKIP","floor":35.0},{"not_picked":["Auto Shields","Aggregate+1","Redo"],"picked":"SKIP","floor":36.0},{"not_picked":["Turbo","Streamline"],"picked":"Seek","floor":38.0},{"not_picked":["Genetic Algorithm","Hologram+1","Force Field+1"],"picked":"SKIP","floor":44.0},{"not_picked":["Heatsinks","Streamline+1","Coolheaded+1"],"picked":"SKIP","floor":45.0}],"player_experience":1276355,"relics_obtained":[{"floor":6.0,"key":"Centennial Puzzle"},{"floor":9.0,"key":"Happy Flower"},{"floor":14.0,"key":"Odd Mushroom"},{"floor":24.0,"key":"Kunai"},{"floor":29.0,"key":"Orichalcum"},{"floor":31.0,"key":"Blood Vial"},{"floor":43.0,"key":"Peace Pipe"}],"event_choices":[{"damage_healed":0.0,"max_hp_gain":0.0,"max_hp_loss":0.0,"gold_gain":0.0,"event_name":"Golden Idol","player_choice":"Take Damage","floor":2.0,"gold_loss":0.0,"damage_taken":20.0,"relics_obtained":["Golden Idol"]},{"damage_healed":0.0,"max_hp_gain":0.0,"max_hp_loss":0.0,"gold_gain":0.0,"event_name":"The Cleric","player_choice":"Leave","floor":5.0,"gold_loss":0.0,"damage_taken":0.0},{"damage_healed":0.0,"max_hp_gain":0.0,"max_hp_loss":0.0,"gold_gain":0.0,"event_name":"Mushrooms","player_choice":"Fought Mushrooms","floor":14.0,"gold_loss":0.0,"damage_taken":0.0},{"damage_healed":0.0,"max_hp_gain":0.0,"max_hp_loss":0.0,"gold_gain":0.0,"event_name":"Vampires","player_choice":"Ignored","floor":21.0,"gold_loss":0.0,"damage_taken":0.0},{"damage_healed":0.0,"max_hp_gain":0.0,"max_hp_loss":0.0,"gold_gain":0.0,"event_name":"Back to Basics","player_choice":"Simplicity","floor":22.0,"gold_loss":0.0,"damage_taken":0.0,"cards_upgraded":["Strike_B","Strike_B","Strike_B","Defend_B","Defend_B","Defend_B"]},{"damage_healed":0.0,"max_hp_gain":0.0,"max_hp_loss":0.0,"gold_gain":0.0,"event_name":"Cursed Tome","player_choice":"Ignored","floor":25.0,"gold_loss":0.0,"damage_taken":0.0},{"damage_healed":0.0,"max_hp_gain":0.0,"max_hp_loss":0.0,"gold_gain":0.0,"event_name":"MindBloom","player_choice":"Upgrade","floor":41.0,"gold_loss":0.0,"damage_taken":0.0,"cards_upgraded":["Melter","Conserve Battery","Ball Lightning","Seek","Coolheaded","Thunder Strike","Seek"],"relics_obtained":["Mark of the Bloom"]},{"cards_removed":["Strike_B"],"damage_healed":0.0,"max_hp_gain":0.0,"max_hp_loss":0.0,"gold_gain":0.0,"event_name":"Purifier","player_choice":"Purged","floor":42.0,"gold_loss":0.0,"damage_taken":0.0},{"damage_healed":0,"gold_gain":0,"player_choice":"Ignored","damage_taken":0,"max_hp_gain":0,"max_hp_loss":0,"event_name":"Transmorgrifier","floor":47,"gold_loss":0}],"is_beta":false,"boss_relics":[{"not_picked":["Coffee Dripper","Calling Bell"],"picked":"Nuclear Battery"},{"not_picked":["Runic Dome","Velvet Choker"],"picked":"Black Star"}],"items_purged_floors":[12,20,30,48],"is_endless":false,"potions_floor_spawned":[1,6,13,18,24,29,31,36,44,45],"ascension_level":0}