{"gold_per_floor":[116,130,147,32,50,83,103,103,127,127,155,170,85,120,120,120],"floor_reached":16,"playtime":1928,"items_purged":[],"score":122,"play_id":"ff7406f6-439f-4e44-8cf9-b63be312fb21","local_time":"20190502234057","is_ascension_mode":false,"campfire_choices":[{"data":"Zap","floor":8,"key":"SMITH"},{"data":"Gash","floor":10,"key":"SMITH"},{"floor":15,"key":"REST"}],"neow_cost":"NONE","seed_source_timestamp":521071481101800,"circlet_count":0,"master_deck":["Strike_B","Strike_B","Strike_B","Strike_B","Defend_B","Defend_B","Defend_B","Defend_B","Zap+1","Dualcast","Panacea","Gash+1","Steam","Rebound","Redo","Self Repair","Redo","Seek","Gash","Chaos","Cold Snap","BootSequence","Rebound","Hologram"],"relics":["Cracked Core","Mango","Oddly Smooth Stone","Omamori","Pen Nib"],"potions_floor_usage":[5,11,11,14,14],"damage_taken":[{"damage":6,"enemies":"Cultist","floor":1,"turns":4},{"damage":10,"enemies":"Small Slimes","floor":2,"turns":2},{"damage":0,"enemies":"2 Louse","floor":3,"turns":3},{"damage":17,"enemies":"Gremlin Gang","floor":5,"turns":4},{"damage":20,"enemies":"Lagavulin","floor":6,"turns":7},{"damage":11,"enemies":"Exordium Wildlife","floor":7,"turns":4},{"damage":12,"enemies":"Gremlin Nob","floor":11,"turns":3},{"damage":14,"enemies":"3 Louse","floor":12,"turns":3},{"damage":20,"enemies":"Lagavulin","floor":14,"turns":5},{"damage":41,"enemies":"The Guardian","floor":16,"turns":10}],"seed_played":"-6024018215672486101","potions_obtained":[{"floor":1,"key":"Fire Potion"},{"floor":6,"key":"AttackPotion"},{"floor":7,"key":"LiquidBronze"},{"floor":11,"key":"GamblersBrew"},{"floor":12,"key":"Fire Potion"}],"is_trial":false,"path_per_floor":["M","M","M","$","M","E","M","R","T","R","E","M","$","E","R","B"],"character_chosen":"DEFECT","items_purchased":["Redo","Self Repair","BootSequence","Rebound"],"campfire_rested":1,"item_purchase_floors":[4,4,13,13],"current_hp_per_floor":[69,59,59,59,49,50,46,46,46,46,41,27,27,14,40,0],"gold":120,"neow_bonus":"RANDOM_COLORLESS","is_prod":false,"is_daily":false,"chose_seed":false,"campfire_upgraded":2,"win_rate":0.0,"timestamp":1556858457,"path_taken":["M","M","M","?","M","E","M","R","T","R","E","M","$","E","R","BOSS"],"build_version":"2019-01-23","purchased_purges":0,"victory":false,"max_hp_per_floor":[75,75,75,75,75,89,89,89,89,89,89,89,89,89,89,89],"card_choices":[{"not_picked":["Conserve Battery","Sweeping Beam"],"picked":"Gash","floor":1},{"not_picked":["Skim","Auto Shields"],"picked":"Steam","floor":2},{"not_picked":["Capacitor","Steam"],"picked":"Rebound","floor":3},{"not_picked":["Hologram","Barrage"],"picked":"Redo","floor":5},{"not_picked":["Self Repair","Steam"],"picked":"Seek","floor":6},{"not_picked":["Hologram","Streamline"],"picked":"Gash","floor":7},{"not_picked":["Stack","Force Field"],"picked":"Chaos","floor":11},{"not_picked":["Multi-Cast","Hologram"],"picked":"Cold Snap","floor":12},{"not_picked":["Reprogram","Steam"],"picked":"Hologram","floor":14}],"player_experience":32953,"relics_obtained":[{"floor":6,"key":"Mango"},{"floor":9,"key":"Oddly Smooth Stone"},{"floor":11,"key":"Omamori"},{"floor":14,"key":"Pen Nib"}],"event_choices":[],"is_beta":false,"boss_relics":[],"items_purged_floors":[],"is_endless":false,"potions_floor_spawned":[1,6,7,11,12],"killed_by":"The Guardian","ascension_level":0}