{"gold_per_floor":[118,118,131,37,49,49,77,96,96,96,51,69,69,96,96,96],"floor_reached":16,"playtime":1278,"items_purged":[],"score":149,"play_id":"0f22111c-ccfe-4afc-8d9e-6195395b476b","local_time":"20190505151624","is_ascension_mode":true,"campfire_choices":[{"floor":6.0,"key":"RECALL"},{"floor":13.0,"key":"REST"},{"data":"Quick Slash","floor":15,"key":"SMITH"}],"neow_cost":"NONE","seed_source_timestamp":8447681374399,"circlet_count":0,"master_deck":["Defend_G+1","Defend_G","Defend_G","Defend_G","Strike_G","Strike_G","Strike_G+1","Strike_G","Strike_G","Survivor","Neutralize","Phantasmal Killer","Flying Knee","Deflect","Bane","Corpse Explosion","Crippling Poison","Quick Slash+1","Cloak And Dagger"],"special_seed":0,"relics":["Ring of the Snake","Strawberry","Thread and Needle","Juzu Bracelet","Calipers"],"potions_floor_usage":[16],"damage_taken":[{"damage":9.0,"enemies":"2 Louse","floor":1.0,"turns":3.0},{"damage":4.0,"enemies":"Small Slimes","floor":3.0,"turns":3.0},{"damage":0.0,"enemies":"Cultist","floor":5.0,"turns":2.0},{"damage":23.0,"enemies":"Lagavulin","floor":7.0,"turns":10.0},{"damage":0.0,"enemies":"Exordium Wildlife","floor":8.0,"turns":2.0},{"damage":4.0,"enemies":"3 Louse","floor":12.0,"turns":3.0},{"damage":0.0,"enemies":"Gremlin Nob","floor":14.0,"turns":3.0},{"damage":33,"enemies":"Slime Boss","floor":16,"turns":10}],"seed_played":"-8867572399129710520","potions_obtained":[{"floor":5.0,"key":"GhostInAJar"},{"floor":8.0,"key":"FearPotion"},{"floor":12.0,"key":"Fire Potion"},{"floor":14.0,"key":"SpeedPotion"}],"is_trial":false,"path_per_floor":["M","?","M","?","M","R","E","M","T","?","?","M","R","E","R","B"],"character_chosen":"THE_SILENT","items_purchased":[],"campfire_rested":1,"item_purchase_floors":[],"current_hp_per_floor":[61,56,52,52,52,52,29,29,29,14,14,10,33,33,33,0],"gold":96,"neow_bonus":"TRANSFORM_CARD","is_prod":false,"is_daily":false,"chose_seed":false,"campfire_upgraded":1,"win_rate":0,"timestamp":1557087384,"path_taken":["M","?","M","?","?","R","E","M","T","?","?","M","R","E","R","BOSS"],"build_version":"2019-01-23","purchased_purges":0,"victory":false,"max_hp_per_floor":[70,77,77,77,77,77,77,77,77,77,77,77,77,77,77,77],"card_choices":[{"not_picked":["Flechettes","Underhanded Strike"],"picked":"Flying Knee","floor":1.0},{"not_picked":["Poisoned Stab","Endless Agony"],"picked":"Deflect","floor":3.0},{"not_picked":["Dagger Throw","Underhanded Strike"],"picked":"Bane","floor":5.0},{"not_picked":["Unload","Heel Hook"],"picked":"Corpse Explosion","floor":7.0},{"not_picked":["Dagger Throw","Acrobatics"],"picked":"Crippling Poison","floor":8.0},{"not_picked":["Footwork","Dagger Spray"],"picked":"Quick Slash","floor":12.0},{"not_picked":["Flechettes","Tactician"],"picked":"Cloak And Dagger","floor":14.0}],"player_experience":79871,"relics_obtained":[{"floor":7.0,"key":"Juzu Bracelet"},{"floor":14.0,"key":"Calipers"}],"event_choices":[{"damage_healed":0.0,"max_hp_gain":0.0,"max_hp_loss":0.0,"gold_gain":0.0,"event_name":"Scrap Ooze","player_choice":"Success","floor":2.0,"gold_loss":0.0,"damage_taken":12.0,"relics_obtained":["Strawberry"]},{"damage_healed":0.0,"max_hp_gain":0.0,"max_hp_loss":0.0,"gold_gain":0.0,"event_name":"WeMeetAgain","player_choice":"Paid Gold","floor":4.0,"gold_loss":94.0,"damage_taken":0.0,"relics_obtained":["Thread and Needle"]},{"damage_healed":0.0,"max_hp_gain":0.0,"max_hp_loss":0.0,"gold_gain":0.0,"event_name":"Shining Light","player_choice":"Entered Light","floor":10.0,"gold_loss":0.0,"damage_taken":15.0,"cards_upgraded":["Strike_G","Defend_G"]},{"damage_healed":0.0,"max_hp_gain":0.0,"max_hp_loss":0.0,"gold_gain":0.0,"event_name":"World of Goop","player_choice":"Left Gold","floor":11.0,"gold_loss":45.0,"damage_taken":0.0}],"is_beta":false,"boss_relics":[],"items_purged_floors":[],"is_endless":false,"potions_floor_spawned":[5,8,12,14],"killed_by":"Slime Boss","ascension_level":2}