{"path_per_floor":["M","M","M","T","?","R","$","E","T","R","E","R","M","?","R","B",null,"M","M","M","?","M","R","E","R","T","R","E","?","E","M","R","B",null,"M","?","$","M","?","R","E","M","T","R","E","R","M","M","R","B"],"character_chosen":"IRONCLAD","items_purchased":["Warcry","Ornamental Fan","Magnetism","Flex"],"gold_per_floor":[11,25,43,43,43,43,17,46,46,46,77,77,97,97,97,196,196,212,223,242,242,261,261,291,291,314,314,341,371,396,411,411,514,514,532,532,42,52,274,274,308,320,320,320,354,354,365,383,383,383],"floor_reached":51,"campfire_rested":4,"playtime":2675,"item_purchase_floors":[],"current_hp_per_floor":[80,80,80,80,80,80,80,62,62,62,68,68,68,68,68,46,80,66,57,46,46,31,55,43,43,43,69,42,55,51,46,75,35,98,102,102,102,103,103,103,103,99,99,99,84,84,88,63,98,14],"items_purged":[],"gold":383,"score":885,"play_id":"0dfca1cd-8c3d-4554-8058-eaa2b777b979","local_time":"20180612000446","is_prod":false,"is_daily":false,"chose_seed":false,"is_ascension_mode":true,"campfire_upgraded":8,"win_rate":0,"timestamp":1528758286,"campfire_choices":[{"data":"Double Tap","floor":6.0,"key":"SMITH"},{"data":"Whirlwind","floor":10.0,"key":"SMITH"},{"data":"Disarm","floor":12.0,"key":"SMITH"},{"data":"Inflame","floor":15.0,"key":"SMITH"},{"floor":23.0,"key":"REST"},{"data":"Feed","floor":25.0,"key":"SMITH"},{"floor":27.0,"key":"REST"},{"floor":32.0,"key":"REST"},{"data":"Magnetism","floor":40.0,"key":"SMITH"},{"data":"Flex","floor":44.0,"key":"SMITH"},{"data":"Bash","floor":46.0,"key":"SMITH"},{"floor":49,"key":"REST"}],"path_taken":["M","M","?","?","?","R","$","E","T","R","E","R","M","?","R","BOSS","M","M","M","?","M","R","E","R","T","R","E","?","E","M","R","BOSS","M","?","$","M","?","R","E","M","T","R","E","R","M","?","R","BOSS"],"build_version":"2018-06-07v3","seed_source_timestamp":953378695436196,"purchased_purges":0,"victory":true,"master_deck":["Strike_R","Strike_R","Strike_R","Strike_R","Defend_R","Defend_R","Defend_R","Defend_R","Bash+1","Double Tap+1","Disarm+1","Armaments+1","Immolate","Warcry","Whirlwind+1","Dropkick","Inflame+1","Feed+1","Heavy Blade","Wild Strike","Clash","Thunderclap+1","Shrug It Off+1","Magnetism+1","Flex+1","Fire Breathing","Wild Strike+1","Inflame"],"max_hp_per_floor":[80,80,80,80,80,80,80,80,80,80,80,80,80,80,80,80,80,80,80,80,80,80,80,87,87,87,87,87,94,98,98,98,98,98,102,102,102,106,106,106,106,106,106,106,108,108,114,118,118,118],"relics":["Burning Blood","Ginger","Mummified Hand","Blue Candle","Busted Crown","Nloth\u0027s Gift","Strawberry","Oddly Smooth Stone","Champion Belt","Red Mask","Kunai","Philosopher\u0027s Stone","Thread and Needle","Ornamental Fan","Centennial Puzzle","Potion Belt","Singing Bowl"],"card_choices":[{"not_picked":["Fiend Fire","Bludgeon"],"picked":"Double Tap","floor":0.0},{"not_picked":["Clothesline","True Grit"],"picked":"Disarm","floor":1.0},{"not_picked":["Anger","Carnage"],"picked":"Armaments","floor":2.0},{"not_picked":["Clothesline","Fire Breathing"],"picked":"Immolate","floor":3.0},{"not_picked":["Perfected Strike","Power Through"],"picked":"Whirlwind","floor":8.0},{"not_picked":["Power Through","Searing Blow"],"picked":"Dropkick","floor":11.0},{"not_picked":["Iron Wave","True Grit"],"picked":"Inflame","floor":13.0},{"not_picked":["Fiend Fire","Immolate"],"picked":"Feed","floor":16.0},{"not_picked":[],"picked":"Heavy Blade","floor":18.0},{"not_picked":[],"picked":"Wild Strike","floor":19.0},{"not_picked":["Wild Strike"],"picked":"SKIP","floor":20.0},{"not_picked":["Bloodletting+1"],"picked":"SKIP","floor":22.0},{"not_picked":["Clothesline"],"picked":"SKIP","floor":24.0},{"not_picked":[],"picked":"Clash","floor":28.0},{"not_picked":[],"picked":"Thunderclap+1","floor":29.0},{"not_picked":["Immolate"],"picked":"SKIP","floor":30.0},{"not_picked":["Cleave"],"picked":"SKIP","floor":31.0},{"not_picked":[],"picked":"Shrug It Off+1","floor":35.0},{"not_picked":["Intimidate"],"picked":"SKIP","floor":38.0},{"not_picked":[],"picked":"Fire Breathing","floor":41.0},{"not_picked":[],"picked":"Wild Strike+1","floor":42.0},{"not_picked":["Feed"],"picked":"Singing Bowl","floor":45.0},{"not_picked":["Thunderclap+1"],"picked":"Singing Bowl","floor":47.0},{"not_picked":[],"picked":"Inflame","floor":48}],"player_experience":346413,"potions_floor_usage":[50,50,50],"damage_taken":[{"damage":1.0,"enemies":"Cultist","floor":1.0,"turns":3.0},{"damage":6.0,"enemies":"Small Slimes","floor":2.0,"turns":3.0},{"damage":0.0,"enemies":"Jaw Worm","floor":3.0,"turns":5.0},{"damage":24.0,"enemies":"Gremlin Nob","floor":8.0,"turns":4.0},{"damage":0.0,"enemies":"3 Sentries","floor":11.0,"turns":2.0},{"damage":6.0,"enemies":"2 Fungi Beasts","floor":13.0,"turns":3.0},{"damage":28.0,"enemies":"The Guardian","floor":16.0,"turns":9.0},{"damage":20.0,"enemies":"2 Thieves","floor":18.0,"turns":3.0},{"damage":15.0,"enemies":"Chosen","floor":19.0,"turns":4.0},{"damage":17.0,"enemies":"Centurion and Healer","floor":20.0,"turns":5.0},{"damage":29.0,"enemies":"Slaver and Parasite","floor":22.0,"turns":7.0},{"damage":25.0,"enemies":"Slavers","floor":24.0,"turns":3.0},{"damage":33.0,"enemies":"Gremlin Leader","floor":28.0,"turns":7.0},{"damage":0.0,"floor":29.0,"turns":2.0},{"damage":14.0,"enemies":"Slavers","floor":30.0,"turns":3.0},{"damage":11.0,"enemies":"Snecko","floor":31.0,"turns":3.0},{"damage":46.0,"enemies":"Collector","floor":33.0,"turns":8.0},{"damage":0.0,"enemies":"3 Darklings","floor":35.0,"turns":3.0},{"damage":9.0,"enemies":"3 Shapes","floor":38.0,"turns":9.0},{"damage":6.0,"enemies":"2 Orb Walkers","floor":41.0,"turns":3.0},{"damage":10.0,"enemies":"Maw","floor":42.0,"turns":6.0},{"damage":23.0,"enemies":"Nemesis","floor":45.0,"turns":5.0},{"damage":8.0,"enemies":"4 Shapes","floor":47.0,"turns":7.0},{"damage":35,"enemies":"Sphere and 2 Shapes","floor":48,"turns":5},{"damage":98,"enemies":"Time Eater","floor":50,"turns":12}],"relics_obtained":[{"floor":4.0,"key":"Letter Opener"},{"floor":8.0,"key":"Ginger"},{"floor":9.0,"key":"Mummified Hand"},{"floor":11.0,"key":"Blue Candle"},{"floor":24.0,"key":"Strawberry"},{"floor":26.0,"key":"Oddly Smooth Stone"},{"floor":28.0,"key":"Champion Belt"},{"floor":29.0,"key":"Red Mask"},{"floor":30.0,"key":"Kunai"},{"floor":41.0,"key":"Centennial Puzzle"},{"floor":43.0,"key":"Potion Belt"},{"floor":45.0,"key":"Singing Bowl"}],"event_choices":[{"event_name":"Upgrade Shrine","player_choice":"Upgraded","floor":5.0,"damage_taken":0.0},{"event_name":"Purifier","player_choice":"One Purge","floor":14.0,"damage_taken":0.0},{"event_name":"N\u0027loth","player_choice":"Traded a Letter Opener","floor":21.0,"damage_taken":0.0},{"event_name":"Masked Bandits","player_choice":"Fought over 341 gold","floor":29.0,"damage_taken":0.0},{"event_name":"Wheel of Change","player_choice":"Relic","floor":36.0,"damage_taken":0.0},{"event_name":"Tomb of Lord Red Mask","player_choice":"Wore Mask","floor":39.0,"damage_taken":0.0}],"boss_relics":[{"not_picked":["Runic Dome","Snecko Eye"],"picked":"Busted Crown"},{"not_picked":["Tiny House","Velvet Choker"],"picked":"Philosopher\u0027s Stone"}],"items_purged_floors":[],"potions_floor_spawned":[1,8,11,16,19,22,28,30,33,35,45,48],"seed_played":"4814646173610970190","ascension_level":1,"potions_obtained":[{"floor":1.0,"key":"Energy Potion"},{"floor":8.0,"key":"Dexterity Potion"},{"floor":11.0,"key":"LiquidBronze"},{"floor":16.0,"key":"BloodPotion"},{"floor":19.0,"key":"AttackPotion"},{"floor":22.0,"key":"Energy Potion"},{"floor":28.0,"key":"AttackPotion"},{"floor":30.0,"key":"Weak Potion"},{"floor":33.0,"key":"Block Potion"},{"floor":35.0,"key":"LiquidBronze"},{"floor":45.0,"key":"PowerPotion"},{"floor":48,"key":"AttackPotion"}],"is_trial":false}