{"gold_per_floor":[112,122,297,297,41,41,74,74,142,142,167,167,184,204,204,307,307,321,321,340,5,22,22,54,54,81,81,95,109,109,128,128,227,227,237,237,252,264,38,64,74,74,101,101,25,25,25,56,56,56],"floor_reached":51,"playtime":3307,"items_purged":["Strike_G","Strike_G"],"score":1383,"play_id":"23711ff8-cbff-4136-b888-8100d807ed3e","local_time":"20190620162336","is_ascension_mode":true,"campfire_choices":[{"data":"Sucker Punch","floor":6.0,"key":"SMITH"},{"floor":8.0,"key":"REST"},{"floor":12.0,"key":"REST"},{"data":"Cloak And Dagger","floor":15.0,"key":"SMITH"},{"data":"Well Laid Plans","floor":23.0,"key":"SMITH"},{"floor":25.0,"key":"DIG"},{"floor":27.0,"key":"DIG"},{"floor":32.0,"key":"DIG"},{"data":"Accuracy","floor":44,"key":"SMITH"},{"data":"Footwork","floor":46,"key":"SMITH"},{"floor":49,"key":"DIG"}],"neow_cost":"NONE","seed_source_timestamp":0,"circlet_count":0,"master_deck":["AscendersBane","Defend_G","Defend_G","Defend_G","Defend_G","Defend_G","Strike_G","Strike_G","Strike_G+1","Survivor","Neutralize+1","Cloak And Dagger+1","Bane+1","Sucker Punch+1","Dodge and Roll+1","Well Laid Plans+1","Prepared+1","Backflip+1","Bullet Time+1","Cloak And Dagger+1","Acrobatics+1","Deadly Poison+1","Blade Dance+1","Backflip+1","Blur+1","Decay","Escape Plan+1","Night Terror+1","Calculated Gamble+1","Finesse+1","Accuracy+1","Deadly Poison+1","Backflip+1","Regret","Footwork+1","Prepared+1"],"special_seed":0,"relics":["Ring of the Snake","Happy Flower","Shuriken","Toxic Egg 2","Mercury Hourglass","Coffee Dripper","Kunai","Shovel","Ancient Tea Set","Bag of Preparation","Oddly Smooth Stone","Matryoshka","Cursed Key","Calipers","Bottled Tornado","Snake Skull","Anchor","Pen Nib"],"potions_floor_usage":[48,50],"damage_taken":[{"damage":0.0,"enemies":"2 Louse","floor":1.0,"turns":3.0},{"damage":4.0,"enemies":"Small Slimes","floor":2.0,"turns":5.0},{"damage":40.0,"enemies":"Lagavulin","floor":7.0,"turns":10.0},{"damage":10.0,"enemies":"3 Sentries","floor":11.0,"turns":9.0},{"damage":1.0,"enemies":"Jaw Worm","floor":13.0,"turns":4.0},{"damage":3.0,"enemies":"Blue Slaver","floor":14.0,"turns":4.0},{"damage":15.0,"enemies":"Slime Boss","floor":16.0,"turns":6.0},{"damage":11.0,"enemies":"3 Byrds","floor":18.0,"turns":5.0},{"damage":4.0,"enemies":"Shell Parasite","floor":20.0,"turns":4.0},{"damage":0.0,"enemies":"Cultist and Chosen","floor":22.0,"turns":6.0},{"damage":7.0,"enemies":"Slavers","floor":24.0,"turns":5.0},{"damage":1.0,"enemies":"Snecko","floor":28.0,"turns":4.0},{"damage":0.0,"enemies":"Chosen and Byrds","floor":29.0,"turns":6.0},{"damage":6.0,"enemies":"Shelled Parasite and Fungi","floor":31.0,"turns":5.0},{"damage":0.0,"enemies":"Champ","floor":33.0,"turns":9.0},{"damage":0.0,"enemies":"Orb Walker","floor":35.0,"turns":3.0},{"damage":0.0,"enemies":"3 Darklings","floor":37.0,"turns":5.0},{"damage":5.0,"enemies":"Writhing Mass","floor":38.0,"turns":6.0},{"damage":0,"enemies":"Reptomancer","floor":40,"turns":7},{"damage":4,"enemies":"4 Shapes","floor":41,"turns":5},{"damage":3,"enemies":"Nemesis","floor":48,"turns":5},{"damage":0,"enemies":"Time Eater","floor":50,"turns":16}],"seed_played":"-2743260971744408885","potions_obtained":[{"floor":7.0,"key":"FearPotion"},{"floor":13.0,"key":"Explosive Potion"},{"floor":18.0,"key":"Regen Potion"},{"floor":22.0,"key":"SkillPotion"},{"floor":29.0,"key":"Fire Potion"}],"is_trial":false,"path_per_floor":["M","M","?","?","$","R","E","R","T","?","E","R","M","M","R","B",null,"M","?","M","$","M","R","E","R","T","R","M","M","?","M","R","B",null,"M","?","M","M","$","E","M","?","T","R","$","R","?","E","R","B",null],"character_chosen":"THE_SILENT","items_purchased":["Sucker Punch","Happy Flower","Kunai","Deadly Poison+1","EssenceOfSteel","Accuracy","Dexterity Potion","Footwork"],"campfire_rested":2,"item_purchase_floors":[5,5,21,21,21,39,39,45],"current_hp_per_floor":[63,59,59,59,59,59,19,40,40,26,16,37,36,33,33,18,57,46,46,54,54,54,54,47,47,47,47,46,46,46,40,40,40,63,63,63,63,58,58,58,54,54,54,54,54,54,54,51,51,51],"gold":56,"neow_bonus":"UPGRADE_CARD","is_prod":false,"is_daily":false,"chose_seed":false,"campfire_upgraded":5,"win_rate":0,"timestamp":1561065816,"path_taken":["M","M","?","?","$","R","E","R","T","?","E","R","M","M","R","BOSS","M","?","M","?","M","R","E","R","T","R","?","M","?","M","R","BOSS","M","?","M","M","$","E","M","?","T","R","$","R","?","E","R","BOSS"],"build_version":"2019-01-23","purchased_purges":2,"victory":true,"max_hp_per_floor":[70,70,70,70,70,70,70,70,70,70,70,70,70,70,70,70,70,70,70,70,70,70,70,70,70,70,70,70,70,70,70,70,70,70,70,70,70,70,70,70,70,70,70,70,70,70,66,66,66,66],"card_choices":[{"not_picked":["Outmaneuver","Eviscerate"],"picked":"Cloak And Dagger","floor":1.0},{"not_picked":["Reflex","Blur"],"picked":"Bane","floor":2.0},{"not_picked":["Cloak And Dagger","Blur"],"picked":"Dodge and Roll","floor":7.0},{"not_picked":["Cloak And Dagger+1","Poisoned Stab"],"picked":"Well Laid Plans","floor":11.0},{"not_picked":["Expertise+1","Skewer"],"picked":"Prepared+1","floor":13.0},{"not_picked":["Acrobatics+1","Bane"],"picked":"Backflip+1","floor":14.0},{"not_picked":["Burst+1","Storm of Steel+1"],"picked":"Bullet Time+1","floor":16.0},{"not_picked":["Caltrops","Dagger Throw"],"picked":"Cloak And Dagger+1","floor":18.0},{"not_picked":["Slice","Bane"],"picked":"Acrobatics+1","floor":20.0},{"not_picked":["Outmaneuver+1","Underhanded Strike"],"picked":"Blade Dance+1","floor":22.0},{"not_picked":["Setup+1","Choke","Backstab"],"picked":"SKIP","floor":24.0},{"not_picked":["Masterful Stab","Riddle With Holes"],"picked":"Backflip+1","floor":28.0},{"not_picked":["Calculated Gamble+1","Tactician+1"],"picked":"Blur+1","floor":29.0},{"not_picked":["Poisoned Stab","Setup+1"],"picked":"Escape Plan+1","floor":31.0},{"not_picked":["Storm of Steel+1","Envenom"],"picked":"Night Terror+1","floor":33.0},{"not_picked":["Escape Plan+1","Sucker Punch"],"picked":"Calculated Gamble+1","floor":35.0},{"not_picked":["Chrysalis+1","Madness+1"],"picked":"Finesse+1","floor":36.0},{"not_picked":["Outmaneuver+1","Riddle With Holes","Cloak And Dagger+1"],"picked":"SKIP","floor":37.0},{"not_picked":["Skewer","Poisoned Stab","Backstab"],"picked":"SKIP","floor":38.0},{"not_picked":["Slice","Cloak And Dagger+1"],"picked":"Deadly Poison+1","floor":40},{"not_picked":["Acrobatics+1","Outmaneuver+1"],"picked":"Backflip+1","floor":41},{"not_picked":["Dodge and Roll+1","Acrobatics+1"],"picked":"Prepared+1","floor":48}],"player_experience":97517,"relics_obtained":[{"floor":7.0,"key":"Shuriken"},{"floor":9.0,"key":"Toxic Egg 2"},{"floor":11.0,"key":"Mercury Hourglass"},{"floor":24.0,"key":"Shovel"},{"floor":25.0,"key":"Ancient Tea Set"},{"floor":26.0,"key":"Bag of Preparation"},{"floor":27.0,"key":"Oddly Smooth Stone"},{"floor":32.0,"key":"Matryoshka"},{"floor":40,"key":"Calipers"},{"floor":43,"key":"Bottled Tornado"},{"floor":43,"key":"Snake Skull"},{"floor":48,"key":"Anchor"},{"floor":49,"key":"Pen Nib"}],"event_choices":[{"damage_healed":0.0,"max_hp_gain":0.0,"max_hp_loss":0.0,"gold_gain":175.0,"event_name":"Liars Game","player_choice":"AGREE","floor":3.0,"gold_loss":0.0,"damage_taken":0.0,"cards_obtained":["Doubt"]},{"cards_removed":["Doubt"],"damage_healed":0.0,"max_hp_gain":0.0,"max_hp_loss":0.0,"gold_gain":0.0,"event_name":"Living Wall","player_choice":"Forget","floor":4.0,"gold_loss":0.0,"damage_taken":0.0},{"damage_healed":0.0,"max_hp_gain":0.0,"max_hp_loss":0.0,"gold_gain":0.0,"event_name":"Shining Light","player_choice":"Entered Light","floor":10.0,"gold_loss":0.0,"damage_taken":14.0,"cards_upgraded":["Strike_G","Bane"]},{"damage_healed":0.0,"max_hp_gain":0.0,"max_hp_loss":0.0,"gold_gain":0.0,"event_name":"Upgrade Shrine","player_choice":"Upgraded","floor":19.0,"gold_loss":0.0,"damage_taken":0.0,"cards_upgraded":["Dodge and Roll"]},{"damage_healed":0.0,"max_hp_gain":0.0,"max_hp_loss":0.0,"gold_gain":0.0,"event_name":"Forgotten Altar","player_choice":"Smashed Altar","floor":30.0,"gold_loss":0.0,"damage_taken":0.0,"cards_obtained":["Decay"]},{"damage_healed":0.0,"max_hp_gain":0.0,"max_hp_loss":0.0,"gold_gain":0.0,"event_name":"SensoryStone","player_choice":"Memory 1","floor":36.0,"gold_loss":0.0,"damage_taken":0.0},{"damage_healed":0,"gold_gain":0,"player_choice":"Ignored","damage_taken":0,"max_hp_gain":0,"max_hp_loss":0,"event_name":"Tomb of Lord Red Mask","floor":42,"gold_loss":0},{"damage_healed":0,"gold_gain":0,"player_choice":"Max HP","damage_taken":0,"max_hp_gain":0,"max_hp_loss":4,"event_name":"Winding Halls","floor":47,"gold_loss":0}],"is_beta":false,"boss_relics":[{"not_picked":["Velvet Choker","Black Star"],"picked":"Coffee Dripper"},{"not_picked":["Busted Crown","Snecko Eye"],"picked":"Cursed Key"}],"items_purged_floors":[5,39],"is_endless":false,"potions_floor_spawned":[7,13,14,18,22,29,40,41],"ascension_level":12}