{"gold_per_floor":[111,111,127,139,155,155,170,184,184,184,184,184,214,225,225,296,296,311,311,117,117],"floor_reached":21,"playtime":704,"items_purged":[],"score":362,"play_id":"02c17089-5991-4736-87c5-03ef14678d07","local_time":"20190621165749","is_ascension_mode":true,"campfire_choices":[{"data":"1","floor":6.0,"key":"LIFT"},{"data":"2","floor":10.0,"key":"LIFT"},{"floor":12.0,"key":"REST"},{"data":"3","floor":15.0,"key":"LIFT"}],"neow_cost":"PERCENT_DAMAGE","seed_source_timestamp":188450935645135,"circlet_count":0,"master_deck":["AscendersBane","Strike_B","Defend_B","Defend_B","Defend_B","Defend_B","Zap","Dualcast","Streamline","Conserve Battery","Gash","Cold Snap","Capacitor","Buffer","Compile Driver+1","Buffer","Rebound+1","Doom and Gloom+1","Fusion","Lockon+1"],"special_seed":0,"relics":["Cracked Core","Girya","Pear","Molten Egg 2","Regal Pillow","Philosopher\u0027s Stone"],"potions_floor_usage":[16,16,20],"damage_taken":[{"damage":9.0,"enemies":"Small Slimes","floor":1.0,"turns":3.0},{"damage":1.0,"enemies":"Cultist","floor":3.0,"turns":3.0},{"damage":8.0,"enemies":"2 Louse","floor":4.0,"turns":3.0},{"damage":2.0,"enemies":"Large Slime","floor":5.0,"turns":5.0},{"damage":3.0,"enemies":"Looter","floor":7.0,"turns":3.0},{"damage":5.0,"enemies":"Lots of Slimes","floor":8.0,"turns":3.0},{"damage":13.0,"enemies":"Lagavulin","floor":13.0,"turns":7.0},{"damage":12.0,"enemies":"Exordium Thugs","floor":14.0,"turns":5.0},{"damage":12,"enemies":"Hexaghost","floor":16,"turns":9},{"damage":62,"enemies":"3 Byrds","floor":18,"turns":6},{"damage":8,"enemies":"Shell Parasite","floor":21,"turns":2}],"seed_played":"-4252047965827796260","potions_obtained":[{"floor":5.0,"key":"Fire Potion"},{"floor":13.0,"key":"FocusPotion"},{"floor":14.0,"key":"Energy Potion"},{"floor":18,"key":"Block Potion"}],"is_trial":false,"path_per_floor":["M","?","M","M","M","R","M","M","T","R","T","R","E","M","R","B",null,"M","?","$","M"],"character_chosen":"DEFECT","items_purchased":["Fruit Juice","Lockon+1"],"campfire_rested":1,"item_purchase_floors":[20,20],"current_hp_per_floor":[37,37,36,28,26,26,23,18,28,28,28,52,39,27,27,15,65,3,3,8,0],"gold":117,"neow_bonus":"ONE_RARE_RELIC","is_prod":false,"is_daily":false,"chose_seed":false,"campfire_upgraded":0,"win_rate":0,"timestamp":1561161469,"path_taken":["M","?","M","?","M","R","M","M","T","R","?","R","E","M","R","BOSS","M","?","$","M"],"build_version":"2019-01-23","purchased_purges":0,"victory":false,"max_hp_per_floor":[71,71,71,71,71,71,71,71,81,81,81,81,81,81,81,81,81,81,81,86,86],"card_choices":[{"not_picked":["Barrage","Redo"],"picked":"Streamline","floor":1.0},{"not_picked":["Hello World","Consume"],"picked":"Conserve Battery","floor":3.0},{"not_picked":["Rebound","Barrage"],"picked":"Gash","floor":4.0},{"not_picked":["Darkness","Hologram"],"picked":"Cold Snap","floor":5.0},{"not_picked":["Barrage","Cold Snap"],"picked":"Capacitor","floor":7.0},{"not_picked":["Rebound","Steam"],"picked":"Buffer","floor":8.0},{"not_picked":["Turbo","Aggregate","Redo"],"picked":"SKIP","floor":13.0},{"not_picked":["Recycle","Darkness"],"picked":"Compile Driver+1","floor":14.0},{"not_picked":["Amplify","Reboot"],"picked":"Buffer","floor":16},{"not_picked":["Aggregate","Steam"],"picked":"Rebound+1","floor":18}],"player_experience":951568,"relics_obtained":[{"floor":9.0,"key":"Pear"},{"floor":11.0,"key":"Molten Egg 2"},{"floor":13.0,"key":"Regal Pillow"}],"event_choices":[{"cards_removed":["Strike_B"],"damage_healed":0.0,"max_hp_gain":0.0,"max_hp_loss":0.0,"gold_gain":0.0,"event_name":"Bonfire Elementals","player_choice":"Offered Basic","floor":2.0,"gold_loss":0.0,"damage_taken":0.0},{"damage_healed":0,"gold_gain":0,"cards_transformed":["Strike_B","Strike_B"],"player_choice":"Became Test Subject","damage_taken":0,"max_hp_gain":0,"max_hp_loss":0,"event_name":"Drug Dealer","floor":19,"gold_loss":0,"cards_obtained":["Doom and Gloom","Fusion"]}],"is_beta":false,"boss_relics":[{"not_picked":["Busted Crown","Runic Pyramid"],"picked":"Philosopher\u0027s Stone"}],"items_purged_floors":[],"is_endless":false,"potions_floor_spawned":[5,13,14,18],"killed_by":"Shell Parasite","ascension_level":20}