{"gold_per_floor":[114,131,131,150,100,113,145,70,70,70,82,82,2,12,12,12],"floor_reached":16,"playtime":460,"items_purged":["Defend_G"],"score":122,"play_id":"4d78a308-678b-464d-88a4-4d0aa748d652","local_time":"20190620110946","is_ascension_mode":true,"campfire_choices":[{"floor":12,"key":"REST"},{"floor":15,"key":"REST"}],"neow_cost":"NONE","seed_source_timestamp":234860777552823,"circlet_count":0,"master_deck":["Defend_G","Defend_G","Defend_G","Strike_G","Strike_G","Strike_G","Strike_G","Strike_G","Survivor","Neutralize","Finisher+1","Backflip","Dagger Spray","Unload","Blade Dance","Predator","Infinite Blades","Quick Slash"],"relics":["Fusion Hammer","Vajra","Snake Skull"],"potions_floor_usage":[16],"damage_taken":[{"damage":2,"enemies":"Jaw Worm","floor":1,"turns":5},{"damage":1,"enemies":"2 Louse","floor":2,"turns":2},{"damage":0,"enemies":"Small Slimes","floor":4,"turns":3},{"damage":15,"enemies":"Exordium Thugs","floor":6,"turns":4},{"damage":42,"enemies":"Gremlin Nob","floor":7,"turns":5},{"damage":0,"enemies":"Lots of Slimes","floor":11,"turns":2},{"damage":3,"enemies":"Looter","floor":14,"turns":2},{"damage":49,"enemies":"The Guardian","floor":16,"turns":7}],"seed_played":"-8874846416369287021","potions_obtained":[{"floor":2,"key":"PowerPotion"},{"floor":6,"key":"SteroidPotion"}],"is_trial":false,"path_per_floor":["M","M","?","M","?","M","E","$","T","?","M","R","$","M","R","B"],"character_chosen":"THE_SILENT","items_purchased":["Infinite Blades"],"campfire_rested":2,"item_purchase_floors":[13],"current_hp_per_floor":[68,67,67,67,67,52,10,10,10,10,10,31,31,28,49,0],"gold":12,"neow_bonus":"BOSS_RELIC","is_prod":false,"is_daily":false,"chose_seed":false,"campfire_upgraded":0,"win_rate":0,"timestamp":1561043386,"path_taken":["M","M","?","M","?","M","E","$","T","?","M","R","$","?","R","BOSS"],"build_version":"2019-01-23","purchased_purges":1,"victory":false,"max_hp_per_floor":[70,70,70,70,70,70,70,70,70,70,70,70,70,70,70,70],"card_choices":[{"not_picked":["Sucker Punch","Underhanded Strike"],"picked":"Finisher","floor":1},{"not_picked":["Quick Slash","Predator"],"picked":"Backflip","floor":2},{"not_picked":["PiercingWail","Heel Hook"],"picked":"Dagger Spray","floor":4},{"not_picked":["Distraction","Heel Hook"],"picked":"Unload","floor":6},{"not_picked":["Distraction","Underhanded Strike"],"picked":"Blade Dance","floor":7},{"not_picked":["Dash","Terror"],"picked":"Predator","floor":11},{"not_picked":["Eviscerate","PiercingWail"],"picked":"Quick Slash","floor":14}],"player_experience":441717,"relics_obtained":[{"floor":7,"key":"Vajra"},{"floor":9,"key":"Snake Skull"}],"event_choices":[{"damage_healed":0,"gold_gain":0,"player_choice":"Ignored","damage_taken":0,"max_hp_gain":0,"max_hp_loss":0,"event_name":"Liars Game","floor":3,"gold_loss":0},{"cards_removed":["Defend_G"],"damage_healed":0,"gold_gain":0,"player_choice":"Card Removal","damage_taken":0,"max_hp_gain":0,"max_hp_loss":0,"event_name":"The Cleric","floor":5,"gold_loss":50},{"damage_healed":0,"gold_gain":0,"player_choice":"Upgraded","damage_taken":0,"max_hp_gain":0,"max_hp_loss":0,"event_name":"Upgrade Shrine","floor":10,"gold_loss":0,"cards_upgraded":["Finisher"]}],"is_beta":false,"boss_relics":[],"items_purged_floors":[8],"is_endless":false,"potions_floor_spawned":[2,6],"killed_by":"The Guardian","ascension_level":4}