{"gold_per_floor":[117,117,127,127,137,137,165,165,165,165,165,218,24,99,99,99],"floor_reached":16,"playtime":184,"items_purged":[],"score":96,"play_id":"5c44af86-cf65-44b9-acd9-8d44b29bc7f5","local_time":"20190606201213","is_ascension_mode":false,"campfire_choices":[{"data":"Zap","floor":6,"key":"SMITH"},{"data":"Strike_B","floor":10,"key":"SMITH"},{"floor":15,"key":"REST"}],"neow_cost":"NONE","seed_source_timestamp":688765424730191,"circlet_count":0,"master_deck":["Strike_B+1","Strike_B","Strike_B","Strike_B","Defend_B","Defend_B","Defend_B","Defend_B","Zap+1","Dualcast+1"],"special_seed":0,"relics":["Cracked Core","Mercury Hourglass","Cables","Toxic Egg 2","Bag of Marbles","Runic Capacitor"],"potions_floor_usage":[],"damage_taken":[{"damage":0.0,"enemies":"Cultist","floor":1.0,"turns":3.0},{"damage":0.0,"enemies":"Small Slimes","floor":3.0,"turns":4.0},{"damage":1,"enemies":"Jaw Worm","floor":5,"turns":3},{"damage":26,"enemies":"Gremlin Nob","floor":7,"turns":4},{"damage":0,"enemies":"The Guardian","floor":16,"turns":1}],"seed_played":"4775159491522100334","potions_obtained":[{"floor":3.0,"key":"GamblersBrew"},{"floor":7,"key":"Block Potion"}],"is_trial":false,"path_per_floor":["M","$","M","$","M","R","E","$","T","R","?","T","$","?","R","B"],"character_chosen":"DEFECT","items_purchased":["Runic Capacitor"],"campfire_rested":1,"item_purchase_floors":[13],"current_hp_per_floor":[75,75,75,75,74,74,48,48,48,48,36,36,36,25,47,47],"gold":99,"neow_bonus":"UPGRADE_CARD","is_prod":false,"is_daily":false,"chose_seed":false,"campfire_upgraded":2,"win_rate":0,"timestamp":1559848333,"path_taken":["M","$","M","$","?","R","E","?","T","R","?","?","$","?","R","BOSS"],"build_version":"2019-01-23","purchased_purges":0,"victory":false,"max_hp_per_floor":[75,75,75,75,75,75,75,75,75,75,75,75,75,75,75,75],"card_choices":[{"not_picked":["Coolheaded","Gash","Genetic Algorithm"],"picked":"SKIP","floor":1.0},{"not_picked":["Streamline","Consume","Gash"],"picked":"SKIP","floor":3.0},{"not_picked":["Sweeping Beam","Genetic Algorithm","Rebound"],"picked":"SKIP","floor":5},{"not_picked":["Fission","Genetic Algorithm","Static Discharge"],"picked":"SKIP","floor":7}],"player_experience":1284622,"relics_obtained":[{"floor":7,"key":"Mercury Hourglass"},{"floor":9,"key":"Cables"},{"floor":12,"key":"Bag of Marbles"}],"event_choices":[{"damage_healed":0,"gold_gain":0,"player_choice":"Success","damage_taken":12,"relics_obtained":["Toxic Egg 2"],"max_hp_gain":0,"max_hp_loss":0,"event_name":"Scrap Ooze","floor":11,"gold_loss":0},{"damage_healed":0,"gold_gain":75,"player_choice":"Gather Gold","damage_taken":11,"max_hp_gain":0,"max_hp_loss":0,"event_name":"World of Goop","floor":14,"gold_loss":0}],"is_beta":false,"boss_relics":[],"items_purged_floors":[],"is_endless":false,"potions_floor_spawned":[3,7],"killed_by":"The Guardian","ascension_level":0}