{"gold_per_floor":[116,135,150,166,166,195,215,240,266,266,281,299,374,374,374,472,472,491,491,491,161,135,135,135],"floor_reached":24,"playtime":3063,"items_purged":[],"score":233,"play_id":"cb6dca4c-b99f-441c-a8d9-4d8b1904bfc7","local_time":"20190502125429","is_ascension_mode":false,"campfire_choices":[{"floor":10,"key":"REST"},{"data":"Searing Blow","floor":15,"key":"SMITH"},{"data":"Searing Blow+1","floor":23,"key":"SMITH"}],"neow_cost":"NONE","seed_source_timestamp":0,"circlet_count":0,"master_deck":["Strike_R+1","Strike_R+1","Strike_R+1","Strike_R+1","Defend_R+1","Defend_R+1","Defend_R+1","Defend_R+1","Bash","Blood for Blood","Armaments","Flame Barrier","Iron Wave","Bloodletting","Headbutt","Sword Boomerang","Sever Soul","Perfected Strike","Searing Blow+2","Reaper","Carnage+1","Ghostly","Ghostly","Ghostly","Ghostly","Ghostly","Finesse","Transmutation","Twin Strike"],"special_seed":0,"relics":["Burning Blood","Darkstone Periapt","Ornamental Fan","Anchor","Juzu Bracelet","Runic Cube"],"potions_floor_usage":[16,18,24,24],"damage_taken":[{"damage":6.0,"enemies":"Jaw Worm","floor":1.0,"turns":3.0},{"damage":0.0,"enemies":"2 Louse","floor":2.0,"turns":3.0},{"damage":3.0,"enemies":"Small Slimes","floor":3.0,"turns":3.0},{"damage":0.0,"enemies":"2 Fungi Beasts","floor":4.0,"turns":5.0},{"damage":35.0,"enemies":"3 Sentries","floor":6.0,"turns":11.0},{"damage":3.0,"enemies":"Looter","floor":7.0,"turns":4.0},{"damage":10.0,"enemies":"Gremlin Nob","floor":8.0,"turns":5.0},{"damage":3,"enemies":"Red Slaver","floor":11,"turns":2},{"damage":16,"enemies":"Large Slime","floor":12,"turns":5},{"damage":60,"enemies":"Slime Boss","floor":16,"turns":14},{"damage":37,"enemies":"Chosen","floor":18,"turns":6},{"damage":4,"enemies":"2 Thieves","floor":22,"turns":5},{"damage":47,"enemies":"Book of Stabbing","floor":24,"turns":7}],"seed_played":"-4952476415562616097","potions_obtained":[{"floor":1.0,"key":"SneckoOil"},{"floor":4.0,"key":"BloodPotion"},{"floor":16,"key":"Poison Potion"},{"floor":18,"key":"Dexterity Potion"}],"is_trial":false,"path_per_floor":["M","M","M","M","?","E","M","E","T","R","M","M","?","?","R","B",null,"M","?","?","$","M","R","E"],"character_chosen":"IRONCLAD","items_purchased":["Finesse","Transmutation","Explosive Potion"],"campfire_rested":1,"item_purchase_floors":[21,21,21],"current_hp_per_floor":[80,80,80,80,85,56,59,55,55,80,83,73,62,55,55,9,85,60,60,42,42,42,42,0],"gold":135,"neow_bonus":"TRANSFORM_CARD","is_prod":false,"is_daily":false,"chose_seed":false,"campfire_upgraded":2,"win_rate":0.0,"timestamp":1556819669,"path_taken":["M","M","M","M","?","E","M","E","T","R","M","M","?","?","R","BOSS","M","?","?","$","M","R","E"],"build_version":"2019-01-23","purchased_purges":0,"victory":false,"max_hp_per_floor":[80,80,80,80,85,85,85,85,85,85,85,85,85,85,85,85,85,85,85,42,42,42,42,42],"card_choices":[{"not_picked":["Rage","Headbutt"],"picked":"Armaments","floor":1.0},{"not_picked":["Body Slam","Inflame"],"picked":"Flame Barrier","floor":2.0},{"not_picked":["Thunderclap","Shrug It Off"],"picked":"Iron Wave","floor":3.0},{"not_picked":["Hemokinesis","Feel No Pain"],"picked":"Bloodletting","floor":4.0},{"not_picked":["Heavy Blade","Pummel"],"picked":"Headbutt","floor":6.0},{"not_picked":["Offering","Hemokinesis"],"picked":"Sword Boomerang","floor":7.0},{"not_picked":["Hemokinesis","Pummel"],"picked":"Sever Soul","floor":8.0},{"not_picked":["Shrug It Off","Iron Wave"],"picked":"Perfected Strike","floor":11},{"not_picked":["Headbutt","Thunderclap"],"picked":"Searing Blow","floor":12},{"not_picked":["Juggernaut","Bludgeon"],"picked":"Reaper","floor":16},{"not_picked":["Battle Trance","Armaments"],"picked":"Carnage+1","floor":18},{"not_picked":["Hemokinesis","Armaments"],"picked":"Twin Strike","floor":22}],"player_experience":17626,"relics_obtained":[{"floor":6.0,"key":"Darkstone Periapt"},{"floor":8.0,"key":"Ornamental Fan"},{"floor":9,"key":"Anchor"}],"event_choices":[{"damage_healed":0.0,"max_hp_gain":5.0,"max_hp_loss":0.0,"gold_gain":0.0,"event_name":"Big Fish","player_choice":"Donut","floor":5.0,"gold_loss":0.0,"damage_taken":0.0},{"damage_healed":0,"gold_gain":75,"player_choice":"Gather Gold","damage_taken":11,"max_hp_gain":0,"max_hp_loss":0,"event_name":"World of Goop","floor":13,"gold_loss":0},{"damage_healed":0,"gold_gain":0,"player_choice":"Success","damage_taken":7,"relics_obtained":["Juzu Bracelet"],"max_hp_gain":0,"max_hp_loss":0,"event_name":"Scrap Ooze","floor":14,"gold_loss":0},{"damage_healed":0,"gold_gain":0,"player_choice":"Simplicity","damage_taken":0,"max_hp_gain":0,"max_hp_loss":0,"event_name":"Back to Basics","floor":19,"gold_loss":0,"cards_upgraded":["Strike_R","Strike_R","Strike_R","Strike_R","Defend_R","Defend_R","Defend_R","Defend_R"]},{"damage_healed":0,"gold_gain":0,"player_choice":"Became a Ghost","damage_taken":0,"max_hp_gain":0,"max_hp_loss":43,"event_name":"Ghosts","floor":20,"gold_loss":0,"cards_obtained":["Ghostly","Ghostly","Ghostly","Ghostly","Ghostly"]}],"is_beta":false,"boss_relics":[{"not_picked":["White Beast Statue","Black Star"],"picked":"Runic Cube"}],"items_purged_floors":[],"is_endless":false,"potions_floor_spawned":[1,4,16,18],"killed_by":"Book of Stabbing","ascension_level":0}