{"gold_per_floor":[219,219,151,251,264,264,281,306,332,332,332,348,378,388,388,491,491,509,509,509,250,165,165,194,194,219,239,239,255,255,267,267,364,364,379,379,379,379,399,399,399,431,511,235,235,253,353,353,353,353],"floor_reached":51,"playtime":1680,"items_purged":["Writhe"],"score":724,"play_id":"e0e0043d-3ab8-4523-a36e-4bc6ba6649b1","local_time":"20190210220633","is_ascension_mode":false,"campfire_choices":[{"data":"Ball Lightning","floor":6.0,"key":"SMITH"},{"data":"Dualcast","floor":10.0,"key":"SMITH"},{"data":"Zap","floor":15.0,"key":"SMITH"},{"data":"Defragment","floor":23.0,"key":"SMITH"},{"data":"Defragment","floor":28,"key":"SMITH"},{"data":"Melter","floor":30,"key":"SMITH"},{"data":"Cold Snap","floor":32,"key":"SMITH"},{"data":"Rainbow","floor":40,"key":"SMITH"},{"data":"Glacier","floor":45,"key":"SMITH"},{"floor":49,"key":"REST"}],"neow_cost":"NONE","seed_source_timestamp":4154904609204054,"circlet_count":0,"master_deck":["Strike_B+1","Strike_B+1","Strike_B+1","Strike_B+1","Defend_B+1","Defend_B+1","Defend_B+1","Defend_B+1","Zap+1","Dualcast+1","Ball Lightning+1","Glacier+1","Conserve Battery","Cold Snap+1","Reboot","Defragment+1","Defragment+1","Chill","Melter+1","White Noise+1","Chaos+1","Rainbow+1","White Noise","Coolheaded+1","Magnetism+1"],"special_seed":0,"relics":["Cracked Core","Dream Catcher","Happy Flower","Matryoshka","Eternal Feather","Mango","Symbiotic Virus","Ancient Tea Set","Singing Bowl","Bag of Marbles","Inserter","Vajra","Gremlin Horn","Frozen Egg 2","ClockworkSouvenir","Thread and Needle"],"potions_floor_usage":[50,50],"damage_taken":[{"damage":2.0,"enemies":"Jaw Worm","floor":1.0,"turns":4.0},{"damage":0.0,"enemies":"2 Louse","floor":5.0,"turns":3.0},{"damage":0.0,"enemies":"Cultist","floor":7.0,"turns":2.0},{"damage":4.0,"enemies":"Lagavulin","floor":8.0,"turns":9.0},{"damage":6.0,"enemies":"3 Louse","floor":12.0,"turns":3.0},{"damage":9.0,"enemies":"3 Sentries","floor":13.0,"turns":9.0},{"damage":3.0,"enemies":"Gremlin Gang","floor":14.0,"turns":4.0},{"damage":21.0,"enemies":"The Guardian","floor":16.0,"turns":13.0},{"damage":0.0,"enemies":"Chosen","floor":18.0,"turns":4.0},{"damage":9,"enemies":"Slavers","floor":24,"turns":7},{"damage":0,"enemies":"3 Byrds","floor":27,"turns":5},{"damage":0,"enemies":"3 Cultists","floor":29,"turns":4},{"damage":5,"enemies":"Snecko","floor":31,"turns":3},{"damage":20,"enemies":"Automaton","floor":33,"turns":11},{"damage":0,"enemies":"3 Darklings","floor":35,"turns":5},{"damage":0,"enemies":"3 Shapes","floor":39,"turns":5},{"damage":42,"enemies":"Nemesis","floor":42,"turns":5},{"damage":8,"enemies":"Jaw Worm Horde","floor":46,"turns":5},{"damage":1,"enemies":"Mind Bloom Boss Battle","floor":47,"turns":8},{"damage":8,"enemies":"Donu and Deca","floor":50,"turns":10}],"seed_played":"6336770583996241217","potions_obtained":[{"floor":7.0,"key":"Regen Potion"},{"floor":12.0,"key":"SteroidPotion"},{"floor":14.0,"key":"FocusPotion"}],"is_trial":false,"path_per_floor":["M","?","$","?","M","R","M","E","T","R","?","M","E","M","R","B",null,"M","?","?","$","?","R","E","?","T","M","R","M","R","M","R","B",null,"M","?","?","$","M","R","?","E","T","$","R","M","?","?","R","B",null],"character_chosen":"DEFECT","items_purchased":["Glacier","Defragment","Chill","Melter","ClockworkSouvenir","White Noise"],"campfire_rested":1,"item_purchase_floors":[3,21,21,21,44,44],"current_hp_per_floor":[73,73,73,73,73,73,73,69,69,69,69,63,54,51,51,30,75,75,75,89,89,89,89,80,80,80,80,89,89,89,86,91,71,91,93,93,93,93,95,95,90,50,50,50,62,54,55,55,96,93],"gold":353,"neow_bonus":"HUNDRED_GOLD","is_prod":false,"is_daily":false,"chose_seed":false,"campfire_upgraded":9,"win_rate":0,"timestamp":1549836393,"path_taken":["M","?","$","?","M","R","?","E","T","R","?","?","E","M","R","BOSS","M","?","?","$","?","R","E","?","T","M","R","M","R","M","R","BOSS","M","?","?","$","M","R","?","E","T","$","R","M","?","?","R","BOSS"],"build_version":"2019-01-23","purchased_purges":1,"victory":true,"max_hp_per_floor":[75,75,75,75,75,75,75,75,75,75,75,75,75,75,75,75,75,75,75,89,89,89,89,89,89,89,89,89,89,89,91,91,91,91,93,93,93,93,95,95,90,92,92,92,92,92,94,94,96,96],"card_choices":[{"not_picked":["Turbo","Beam Cell"],"picked":"Ball Lightning","floor":1.0},{"not_picked":["Go for the Eyes","Self Repair"],"picked":"Conserve Battery","floor":5.0},{"not_picked":["Conserve Battery","Beam Cell"],"picked":"Cold Snap","floor":7.0},{"not_picked":["Conserve Battery","Turbo","Sweeping Beam"],"picked":"SKIP","floor":8.0},{"not_picked":["Hologram","Stack","Self Repair"],"picked":"SKIP","floor":12.0},{"not_picked":["Rebound","Hologram","Leap"],"picked":"SKIP","floor":13.0},{"not_picked":["Genetic Algorithm","Rebound","Compile Driver"],"picked":"SKIP","floor":14.0},{"not_picked":["Machine Learning","Thunder Strike"],"picked":"Reboot","floor":16.0},{"not_picked":["Conserve Battery","Rebound"],"picked":"Defragment","floor":18.0},{"not_picked":["Rebound","Turbo","Gash"],"picked":"SKIP","floor":24},{"not_picked":["Rebound","Consume"],"picked":"White Noise+1","floor":27},{"not_picked":["Force Field","Compile Driver+1"],"picked":"Chaos+1","floor":29},{"not_picked":["Cold Snap+1","Redo+1","Coolheaded"],"picked":"Singing Bowl","floor":31},{"not_picked":["Biased Cognition","Hyperbeam"],"picked":"Rainbow","floor":33},{"not_picked":["Conserve Battery+1","Compile Driver","Barrage+1"],"picked":"Singing Bowl","floor":35},{"not_picked":["Hologram","Auto Shields+1","Barrage"],"picked":"Singing Bowl","floor":39},{"not_picked":["Static Discharge","Double Energy+1","Sweeping Beam"],"picked":"Singing Bowl","floor":42},{"not_picked":["Compile Driver+1","Melter+1"],"picked":"Coolheaded+1","floor":46},{"not_picked":["Aggregate","Beam Cell+1","Leap"],"picked":"Singing Bowl","floor":47},{"not_picked":["Impatience","Madness"],"picked":"Magnetism+1","floor":48},{"not_picked":["Force Field","Turbo+1","Steam"],"picked":"Singing Bowl","floor":49}],"player_experience":1027848,"relics_obtained":[{"floor":8.0,"key":"Dream Catcher"},{"floor":9.0,"key":"Happy Flower"},{"floor":13.0,"key":"Matryoshka"},{"floor":24,"key":"Ancient Tea Set"},{"floor":26,"key":"Singing Bowl"},{"floor":26,"key":"Bag of Marbles"},{"floor":42,"key":"Vajra"},{"floor":43,"key":"Gremlin Horn"},{"floor":43,"key":"Frozen Egg 2"},{"floor":47,"key":"Thread and Needle"}],"event_choices":[{"damage_healed":0.0,"max_hp_gain":0.0,"max_hp_loss":0.0,"gold_gain":0.0,"event_name":"The Cleric","player_choice":"Leave","floor":2.0,"gold_loss":0.0,"damage_taken":0.0},{"damage_healed":0.0,"max_hp_gain":0.0,"max_hp_loss":0.0,"gold_gain":100.0,"event_name":"Golden Shrine","player_choice":"Pray","floor":4.0,"gold_loss":0.0,"damage_taken":0.0},{"damage_healed":0.0,"max_hp_gain":0.0,"max_hp_loss":0.0,"gold_gain":0.0,"event_name":"NoteForYourself","player_choice":"Ignored","floor":11.0,"gold_loss":0.0,"damage_taken":0.0},{"damage_healed":0.0,"max_hp_gain":0.0,"max_hp_loss":0.0,"gold_gain":0.0,"event_name":"Back to Basics","player_choice":"Simplicity","floor":19.0,"gold_loss":0.0,"damage_taken":0.0,"cards_upgraded":["Strike_B","Strike_B","Strike_B","Strike_B","Defend_B","Defend_B","Defend_B","Defend_B"]},{"damage_healed":0.0,"max_hp_gain":0.0,"max_hp_loss":0.0,"gold_gain":0.0,"event_name":"The Mausoleum","player_choice":"Opened","floor":20.0,"gold_loss":0.0,"damage_taken":0.0,"relics_obtained":["Mango"],"cards_obtained":["Writhe"]},{"damage_healed":0.0,"max_hp_gain":0.0,"max_hp_loss":0.0,"gold_gain":0.0,"event_name":"Addict","player_choice":"Obtained Relic","floor":22.0,"gold_loss":85.0,"damage_taken":0.0,"relics_obtained":["Symbiotic Virus"]},{"damage_healed":0,"gold_gain":0,"player_choice":"Ignored","damage_taken":0,"max_hp_gain":0,"max_hp_loss":0,"event_name":"Cursed Tome","floor":25,"gold_loss":0},{"damage_healed":0,"gold_gain":0,"player_choice":"Ignored","damage_taken":0,"max_hp_gain":0,"max_hp_loss":0,"event_name":"Tomb of Lord Red Mask","floor":36,"gold_loss":0},{"damage_healed":0,"gold_gain":0,"player_choice":"Ignored","damage_taken":0,"max_hp_gain":0,"max_hp_loss":0,"event_name":"Mysterious Sphere","floor":37,"gold_loss":0},{"damage_healed":0,"gold_gain":0,"player_choice":"Max HP","damage_taken":0,"max_hp_gain":0,"max_hp_loss":5,"event_name":"Winding Halls","floor":41,"gold_loss":0},{"damage_healed":0,"gold_gain":0,"player_choice":"Fight","damage_taken":0,"max_hp_gain":0,"max_hp_loss":0,"event_name":"MindBloom","floor":47,"gold_loss":0},{"damage_healed":0,"gold_gain":0,"player_choice":"Memory 1","damage_taken":0,"max_hp_gain":0,"max_hp_loss":0,"event_name":"SensoryStone","floor":48,"gold_loss":0}],"is_beta":false,"boss_relics":[{"not_picked":["Fusion Hammer","Calling Bell"],"picked":"Eternal Feather"},{"not_picked":["Lizard Tail","Black Star"],"picked":"Inserter"}],"items_purged_floors":[21],"is_endless":false,"potions_floor_spawned":[7,12,14,31,33,39,47],"ascension_level":0}