{"gold_per_floor":[111,74,90,102,117,117,151,151,151,151,183,193,206,43,43,148,148,160,170,184,202,149,181,207,238,261,261,261,271,271,281,281,281],"floor_reached":33,"playtime":1085,"items_purged":[],"score":349,"play_id":"0ffb744f-52d0-45be-83d5-d0e335f77c3d","local_time":"20190317132209","is_ascension_mode":false,"campfire_choices":[{"data":"Ball Lightning","floor":6.0,"key":"SMITH"},{"data":"Electrodynamics","floor":10.0,"key":"SMITH"},{"floor":15,"key":"REST"},{"data":"Apotheosis","floor":27,"key":"SMITH"},{"floor":32,"key":"REST"}],"neow_cost":"NONE","seed_source_timestamp":43838743534217,"circlet_count":0,"master_deck":["Strike_B","Strike_B+1","Strike_B","Defend_B","Defend_B","Defend_B","Defend_B","Zap","Dualcast+1","Ball Lightning+1","Chill","Coolheaded","Electrodynamics+1","FTL","Conserve Battery","Apotheosis+1","Seek","Conserve Battery","Go for the Eyes+1","Chill","Undo","Core Surge"],"special_seed":0,"relics":["FrozenCore","Shuriken","Sundial","Letter Opener","Red Mask","Question Card","Whetstone"],"potions_floor_usage":[24,33],"damage_taken":[{"damage":0.0,"enemies":"Cultist","floor":1.0,"turns":3.0},{"damage":0.0,"enemies":"2 Louse","floor":3.0,"turns":2.0},{"damage":6.0,"enemies":"Jaw Worm","floor":4.0,"turns":3.0},{"damage":14.0,"enemies":"Large Slime","floor":5.0,"turns":5.0},{"damage":22.0,"enemies":"Gremlin Nob","floor":7.0,"turns":4.0},{"damage":2.0,"enemies":"3 Sentries","floor":11.0,"turns":2.0},{"damage":15.0,"enemies":"Exordium Thugs","floor":12.0,"turns":3.0},{"damage":2,"enemies":"Blue Slaver","floor":13,"turns":3},{"damage":0,"enemies":"Slime Boss","floor":16,"turns":5},{"damage":3,"enemies":"2 Thieves","floor":18,"turns":3},{"damage":5,"enemies":"Shell Parasite","floor":19,"turns":5},{"damage":6,"enemies":"Snake Plant","floor":20,"turns":4},{"damage":6,"enemies":"Snecko","floor":21,"turns":5},{"damage":25,"enemies":"Gremlin Leader","floor":23,"turns":8},{"damage":2,"enemies":"Masked Bandits","floor":24,"turns":3},{"damage":1,"enemies":"Book of Stabbing","floor":25,"turns":5},{"damage":0,"enemies":"Centurion and Healer","floor":29,"turns":7},{"damage":3,"enemies":"Chosen and Byrds","floor":31,"turns":5},{"damage":21,"enemies":"Automaton","floor":33,"turns":6}],"seed_played":"-4234219760942706825","potions_obtained":[{"floor":1.0,"key":"Fire Potion"},{"floor":5.0,"key":"Regen Potion"},{"floor":13,"key":"SkillPotion"},{"floor":16,"key":"LiquidBronze"},{"floor":25,"key":"Poison Potion"}],"is_trial":false,"path_per_floor":["M","$","M","M","M","R","E","?","T","R","E","M","M","$","R","B",null,"M","M","M","M","$","E","?","E","T","R","$","M","?","M","R","B"],"character_chosen":"DEFECT","items_purchased":["Chill","Apotheosis","Go for the Eyes"],"campfire_rested":2,"item_purchase_floors":[2,14,22],"current_hp_per_floor":[75,75,75,69,55,55,33,33,33,33,31,25,23,23,45,45,75,72,67,61,55,55,30,28,27,27,27,27,27,13,10,34,13],"gold":281,"neow_bonus":"UPGRADE_CARD","is_prod":false,"is_daily":false,"chose_seed":true,"campfire_upgraded":3,"win_rate":0,"timestamp":1552828929,"path_taken":["M","$","M","M","?","R","E","?","T","R","E","?","M","$","R","BOSS","M","M","M","M","$","E","?","E","T","R","$","M","?","?","R","BOSS"],"build_version":"2019-01-23","purchased_purges":0,"victory":false,"max_hp_per_floor":[75,75,75,75,75,75,75,75,75,75,75,75,75,75,75,75,75,75,75,75,75,75,75,75,75,75,75,75,75,80,80,80,80],"card_choices":[{"not_picked":["Sunder","Coolheaded"],"picked":"Ball Lightning","floor":1.0},{"not_picked":["Heatsinks","Sweeping Beam","Turbo"],"picked":"SKIP","floor":3.0},{"not_picked":["Beam Cell","Aggregate","Self Repair"],"picked":"SKIP","floor":4.0},{"not_picked":["Beam Cell","Recycle"],"picked":"Coolheaded","floor":5.0},{"not_picked":["Auto Shields","Rip and Tear"],"picked":"Electrodynamics","floor":7.0},{"not_picked":["Tempest","Storm","Cold Snap"],"picked":"SKIP","floor":11.0},{"not_picked":["Ball Lightning","Scrape"],"picked":"FTL","floor":12},{"not_picked":["Compile Driver","Scrape"],"picked":"Conserve Battery","floor":13},{"not_picked":["Thunder Strike","Rainbow"],"picked":"Seek","floor":16},{"not_picked":["Beam Cell","Stack","Aggregate"],"picked":"SKIP","floor":18},{"not_picked":["FTL+1","Steam+1","Barrage"],"picked":"SKIP","floor":19},{"not_picked":["Stack","Tempest"],"picked":"Conserve Battery","floor":20},{"not_picked":["Rebound","Compile Driver","Cold Snap"],"picked":"SKIP","floor":21},{"not_picked":["Reboot","Stack","Turbo"],"picked":"SKIP","floor":23},{"not_picked":["Rebound","Chaos"],"picked":"Chill","floor":24},{"not_picked":["Streamline","Skim+1"],"picked":"Undo","floor":25},{"not_picked":["Redo","Stack","Cold Snap"],"picked":"Core Surge","floor":29},{"not_picked":["Compile Driver+1","Sweeping Beam","Aggregate","Loop"],"picked":"SKIP","floor":31}],"player_experience":1118301,"relics_obtained":[{"floor":7.0,"key":"Shuriken"},{"floor":11.0,"key":"Sundial"},{"floor":23,"key":"Letter Opener"},{"floor":24,"key":"Red Mask"},{"floor":25,"key":"Question Card"},{"floor":26,"key":"Whetstone"}],"event_choices":[{"cards_removed":["Strike_B"],"damage_healed":0.0,"max_hp_gain":0.0,"max_hp_loss":0.0,"gold_gain":0.0,"event_name":"Purifier","player_choice":"Purged","floor":8.0,"gold_loss":0.0,"damage_taken":0.0},{"damage_healed":0,"gold_gain":0,"player_choice":"Fought Bandits","damage_taken":0,"max_hp_gain":0,"max_hp_loss":0,"event_name":"Masked Bandits","floor":24,"gold_loss":0},{"damage_healed":0,"gold_gain":0,"player_choice":"Shed Blood","damage_taken":19,"max_hp_gain":5,"max_hp_loss":0,"event_name":"Forgotten Altar","floor":30,"gold_loss":0}],"is_beta":false,"boss_relics":[{"not_picked":["Runic Dome","Fusion Hammer"],"picked":"FrozenCore"}],"items_purged_floors":[],"is_endless":false,"potions_floor_spawned":[1,5,13,16,20,21,25],"killed_by":"Automaton","ascension_level":0}