{"gold_per_floor":[110,110,110,121,97,97,117,117,140,164,183,216,235,154,154,258,258,273,273,290,306,326,326,22,22,22,39,39,39,39,58,58,161,161,176,30,50,64,64,64,164,164,164,164,164,180,180,195,195,195],"floor_reached":51,"playtime":1593,"items_purged":[],"score":822,"play_id":"5b321c8d-a31b-4c2e-982c-4a73b0f2213e","local_time":"20190317235557","is_ascension_mode":false,"campfire_choices":[{"data":"Sunder","floor":6.0,"key":"SMITH"},{"data":"Dualcast","floor":15.0,"key":"SMITH"},{"data":"Echo Form","floor":23.0,"key":"SMITH"},{"data":"Capacitor","floor":28.0,"key":"SMITH"},{"data":"Go for the Eyes","floor":32.0,"key":"SMITH"},{"data":"Electrodynamics","floor":40,"key":"SMITH"},{"data":"Blizzard","floor":42,"key":"SMITH"},{"data":"Ball Lightning","floor":45,"key":"SMITH"},{"data":"Glacier","floor":47,"key":"SMITH"},{"floor":49,"key":"REST"}],"neow_cost":"NONE","seed_source_timestamp":0,"circlet_count":0,"master_deck":["Strike_B","Strike_B","Strike_B","Strike_B","Defend_B+1","Defend_B+1","Defend_B","Defend_B","Zap+1","Dualcast+1","Sunder+1","Conserve Battery+1","Glacier+1","Ball Lightning+1","Blizzard+1","Go for the Eyes+1","Capacitor+1","Echo Form+1","Undo","Defragment+1","Chill","Force Field+1","Electrodynamics+1"],"special_seed":0,"relics":["Cracked Core","Orichalcum","Odd Mushroom","Smiling Mask","Sozu","Centennial Puzzle","PreservedInsect","Dodecahedron","War Paint","Incense Burner","Pen Nib"],"potions_floor_usage":[50,50],"damage_taken":[{"damage":5.0,"enemies":"Small Slimes","floor":1.0,"turns":3.0},{"damage":0.0,"enemies":"2 Louse","floor":4.0,"turns":2.0},{"damage":0.0,"enemies":"Cultist","floor":7.0,"turns":2.0},{"damage":8.0,"enemies":"The Mushroom Lair","floor":10.0,"turns":4.0},{"damage":5.0,"enemies":"Looter","floor":11.0,"turns":3.0},{"damage":0.0,"enemies":"Gremlin Nob","floor":12.0,"turns":3.0},{"damage":0.0,"enemies":"2 Fungi Beasts","floor":13.0,"turns":3.0},{"damage":13.0,"enemies":"The Guardian","floor":16.0,"turns":11.0},{"damage":1.0,"enemies":"Spheric Guardian","floor":18.0,"turns":5.0},{"damage":5.0,"enemies":"Chosen","floor":20.0,"turns":4.0},{"damage":0.0,"enemies":"Snake Plant","floor":21.0,"turns":5.0},{"damage":8.0,"enemies":"Centurion and Healer","floor":22.0,"turns":8.0},{"damage":6.0,"enemies":"Chosen and Byrds","floor":27.0,"turns":7.0},{"damage":13.0,"enemies":"Snake Plant","floor":31.0,"turns":4.0},{"damage":9.0,"enemies":"Champ","floor":33.0,"turns":10.0},{"damage":1,"enemies":"3 Shapes","floor":35,"turns":4},{"damage":4,"enemies":"Orb Walker","floor":37,"turns":5},{"damage":13,"enemies":"4 Shapes","floor":38,"turns":4},{"damage":0,"enemies":"Mind Bloom Boss Battle","floor":41,"turns":6},{"damage":10,"enemies":"Transient","floor":46,"turns":5},{"damage":0,"enemies":"Jaw Worm Horde","floor":48,"turns":5},{"damage":0,"enemies":"Time Eater","floor":50,"turns":17}],"seed_played":"7196309421513445056","potions_obtained":[{"floor":10.0,"key":"Swift Potion"},{"floor":12.0,"key":"FocusPotion"},{"floor":13.0,"key":"AttackPotion"}],"is_trial":false,"path_per_floor":["M","?","$","M","$","R","M","?","T","?","M","E","M","$","R","B",null,"M","?","M","M","M","R","$","?","T","M","R","?","$","M","R","B",null,"M","$","M","M","?","R","?","R","T","?","R","M","R","M","R","B",null],"character_chosen":"DEFECT","items_purchased":["Conserve Battery","Capacitor","Defragment","Chill","PreservedInsect","War Paint"],"campfire_rested":1,"item_purchase_floors":[5,14,24,24,24,36],"current_hp_per_floor":[77,77,77,77,77,77,77,61,61,53,48,48,48,48,48,35,82,81,81,76,76,68,68,68,68,68,62,62,62,62,49,49,40,82,81,81,77,64,64,64,64,64,64,64,64,54,54,54,78,78],"gold":195,"neow_bonus":"TEN_PERCENT_HP_BONUS","is_prod":false,"is_daily":false,"chose_seed":false,"campfire_upgraded":9,"win_rate":0,"timestamp":1552866957,"path_taken":["M","?","$","M","$","R","M","?","T","?","M","E","M","$","R","BOSS","M","?","M","M","M","R","$","?","T","?","R","?","$","M","R","BOSS","M","$","M","M","?","R","?","R","T","?","R","M","R","M","R","BOSS"],"build_version":"2019-01-23","purchased_purges":0,"victory":true,"max_hp_per_floor":[82,82,82,82,82,82,82,82,82,82,82,82,82,82,82,82,82,82,82,82,82,82,82,82,82,82,82,82,82,82,82,82,82,82,82,82,82,82,82,82,82,82,82,82,82,82,82,82,82,82],"card_choices":[{"not_picked":["Gash","Sweeping Beam"],"picked":"Sunder","floor":1.0},{"not_picked":["Coolheaded","Redo","Leap"],"picked":"SKIP","floor":4.0},{"not_picked":["Barrage","Skim","Leap"],"picked":"SKIP","floor":7.0},{"not_picked":["Aggregate","Fission"],"picked":"Glacier","floor":10.0},{"not_picked":["Barrage","Leap"],"picked":"Ball Lightning","floor":11.0},{"not_picked":["Hologram","Redo"],"picked":"Blizzard","floor":12.0},{"not_picked":["Darkness","Scrape"],"picked":"Go for the Eyes","floor":13.0},{"not_picked":["Multi-Cast","Thunder Strike"],"picked":"Echo Form","floor":16.0},{"not_picked":["Barrage","Sweeping Beam","Redo"],"picked":"SKIP","floor":18.0},{"not_picked":["Go for the Eyes","Ball Lightning"],"picked":"Undo","floor":20.0},{"not_picked":["Consume+1","Skim","Double Energy+1"],"picked":"SKIP","floor":21.0},{"not_picked":["Go for the Eyes","Hologram","Sweeping Beam"],"picked":"SKIP","floor":22.0},{"not_picked":["Thunder Strike","Conserve Battery"],"picked":"Force Field+1","floor":27.0},{"not_picked":["Rebound","Reprogram","Skim"],"picked":"SKIP","floor":31.0},{"not_picked":["Multi-Cast","Creative AI"],"picked":"Electrodynamics","floor":33.0},{"not_picked":["Gash+1","Consume+1","Scrape+1"],"picked":"SKIP","floor":35},{"not_picked":["Go for the Eyes+1","Conserve Battery"],"picked":"Beam Cell+1","floor":37},{"not_picked":["Steam","Streamline","Heatsinks+1"],"picked":"SKIP","floor":38},{"not_picked":["Redo+1","Go for the Eyes","Loop+1"],"picked":"SKIP","floor":46},{"not_picked":["Leap","Gash+1","Barrage"],"picked":"SKIP","floor":48}],"player_experience":1119386,"relics_obtained":[{"floor":9.0,"key":"Orichalcum"},{"floor":10.0,"key":"Odd Mushroom"},{"floor":12.0,"key":"Smiling Mask"},{"floor":26.0,"key":"Dodecahedron"},{"floor":41,"key":"Incense Burner"},{"floor":43,"key":"Pen Nib"}],"event_choices":[{"damage_healed":0.0,"max_hp_gain":0.0,"max_hp_loss":0.0,"gold_gain":0.0,"event_name":"The Cleric","player_choice":"Leave","floor":2.0,"gold_loss":0.0,"damage_taken":0.0},{"damage_healed":0.0,"max_hp_gain":0.0,"max_hp_loss":0.0,"gold_gain":0.0,"event_name":"Shining Light","player_choice":"Entered Light","floor":8.0,"gold_loss":0.0,"damage_taken":16.0,"cards_upgraded":["Conserve Battery","Zap"]},{"damage_healed":0.0,"max_hp_gain":0.0,"max_hp_loss":0.0,"gold_gain":0.0,"event_name":"Mushrooms","player_choice":"Fought Mushrooms","floor":10.0,"gold_loss":0.0,"damage_taken":0.0},{"damage_healed":0.0,"max_hp_gain":0.0,"max_hp_loss":0.0,"gold_gain":0.0,"event_name":"The Mausoleum","player_choice":"Opened","floor":19.0,"gold_loss":0.0,"damage_taken":0.0,"relics_obtained":["Centennial Puzzle"]},{"damage_healed":0.0,"max_hp_gain":0.0,"max_hp_loss":0.0,"gold_gain":0.0,"event_name":"Accursed Blacksmith","player_choice":"Forge","floor":25.0,"gold_loss":0.0,"damage_taken":0.0,"cards_upgraded":["Defragment"]},{"damage_healed":0.0,"max_hp_gain":0.0,"max_hp_loss":0.0,"gold_gain":0.0,"event_name":"Cursed Tome","player_choice":"Ignored","floor":29.0,"gold_loss":0.0,"damage_taken":0.0},{"cards_removed":["Beam Cell"],"damage_healed":0,"gold_gain":0,"player_choice":"Removed Attack","damage_taken":0,"max_hp_gain":0,"max_hp_loss":0,"event_name":"Falling","floor":39,"gold_loss":0},{"damage_healed":0,"gold_gain":0,"player_choice":"Fight","damage_taken":0,"max_hp_gain":0,"max_hp_loss":0,"event_name":"MindBloom","floor":41,"gold_loss":0},{"damage_healed":0,"gold_gain":0,"player_choice":"Got Potions","damage_taken":0,"max_hp_gain":0,"max_hp_loss":0,"event_name":"Lab","floor":44,"gold_loss":0}],"is_beta":false,"boss_relics":[{"not_picked":["Black Star","Calling Bell"],"picked":"Sozu"},{"not_picked":["Runic Pyramid","Velvet Choker","White Beast Statue"]}],"items_purged_floors":[],"is_endless":false,"potions_floor_spawned":[10,12,13,18,20,21,33,38,41],"ascension_level":0}