{"gold_per_floor":[114,131,131,154,154,154,185,185,208,222,262,262,277,297,297,416,416,439,464,479,324,339,339,382,382,433,433,446,8,28,28,28,147,147,170,170,186,201,76,76,95,95,118,1,14,14,347,360,360,360],"floor_reached":51,"playtime":1635,"items_purged":["Static Discharge","Scrape","Rebound","Skim"],"score":731,"play_id":"d224ead1-a876-4eff-a32b-7705459a26af","local_time":"20190529225359","is_ascension_mode":false,"campfire_choices":[{"data":"Dualcast","floor":6.0,"key":"SMITH"},{"data":"Doom and Gloom","floor":8.0,"key":"SMITH"},{"data":"Zap","floor":15.0,"key":"SMITH"},{"data":"Sunder","floor":23.0,"key":"SMITH"},{"data":"Echo Form","floor":25.0,"key":"SMITH"},{"data":"Defragment","floor":32.0,"key":"SMITH"},{"data":"Lockon","floor":40.0,"key":"SMITH"},{"data":"Ball Lightning","floor":42,"key":"SMITH"},{"data":"Conserve Battery","floor":49,"key":"SMITH"}],"neow_cost":"NONE","seed_source_timestamp":0,"circlet_count":0,"master_deck":["Zap+1","Dualcast+1","Conserve Battery+1","Doom and Gloom+1","Glacier","Auto Shields","Chill","Chill","Lockon+1","Sunder+1","Echo Form+1","Defragment+1","Ball Lightning+1","Go for the Eyes+1","Beam Cell+1","BootSequence","Tempest+1"],"special_seed":0,"relics":["Cracked Core","Lantern","PreservedInsect","Dream Catcher","Pandora\u0027s Box","Pen Nib","Orichalcum","Bottled Tornado","MutagenicStrength","Orrery","Smiling Mask"],"potions_floor_usage":[50,50,50],"damage_taken":[{"damage":2.0,"enemies":"Small Slimes","floor":1.0,"turns":3.0},{"damage":1.0,"enemies":"2 Louse","floor":2.0,"turns":2.0},{"damage":0.0,"enemies":"Cultist","floor":4.0,"turns":3.0},{"damage":14.0,"enemies":"Lagavulin","floor":7.0,"turns":7.0},{"damage":6.0,"enemies":"Lots of Slimes","floor":10.0,"turns":3.0},{"damage":0.0,"enemies":"3 Sentries","floor":11.0,"turns":3.0},{"damage":0.0,"enemies":"3 Louse","floor":13.0,"turns":1.0},{"damage":3.0,"enemies":"Large Slime","floor":14.0,"turns":5.0},{"damage":29.0,"enemies":"The Guardian","floor":16.0,"turns":11.0},{"damage":0.0,"enemies":"3 Byrds","floor":18.0,"turns":4.0},{"damage":3.0,"enemies":"Shell Parasite","floor":19.0,"turns":6.0},{"damage":0.0,"enemies":"3 Cultists","floor":20.0,"turns":5.0},{"damage":0.0,"enemies":"Cultist and Chosen","floor":22.0,"turns":6.0},{"damage":4.0,"enemies":"Gremlin Leader","floor":24.0,"turns":6.0},{"damage":10.0,"enemies":"Sentry and Sphere","floor":28.0,"turns":4.0},{"damage":0.0,"enemies":"Centurion and Healer","floor":30.0,"turns":5.0},{"damage":28.0,"enemies":"Champ","floor":33.0,"turns":8.0},{"damage":0.0,"enemies":"3 Shapes","floor":35.0,"turns":6.0},{"damage":6.0,"enemies":"Orb Walker","floor":37.0,"turns":3.0},{"damage":5.0,"enemies":"Writhing Mass","floor":38.0,"turns":6.0},{"damage":0,"enemies":"4 Shapes","floor":41,"turns":4},{"damage":0,"enemies":"3 Darklings","floor":45,"turns":5},{"damage":12,"enemies":"Spire Growth","floor":48,"turns":4},{"damage":18,"enemies":"Time Eater","floor":50,"turns":10}],"seed_played":"3929040122916460197","potions_obtained":[{"floor":1.0,"key":"Regen Potion"},{"floor":10.0,"key":"Explosive Potion"},{"floor":14.0,"key":"SteroidPotion"},{"floor":19.0,"key":"Block Potion"},{"floor":22.0,"key":"Fire Potion"},{"floor":38.0,"key":"EssenceOfSteel"},{"floor":45,"key":"FocusPotion"}],"is_trial":false,"path_per_floor":["M","M","?","M","$","R","E","R","T","M","E","?","M","M","R","B",null,"M","M","M","$","M","R","E","R","T","$","M","$","M","?","R","B",null,"M","?","M","M","$","R","M","R","T","$","M","?","?","M","R","B",null],"character_chosen":"DEFECT","items_purchased":["Sunder","Defragment","Bottled Tornado","BootSequence"],"campfire_rested":0,"item_purchase_floors":[21,29,29,44],"current_hp_per_floor":[80,79,59,59,59,59,45,45,45,39,39,39,39,36,36,7,82,82,79,79,79,79,79,75,75,75,75,65,65,65,65,65,37,82,82,82,76,82,82,82,82,82,82,82,82,82,82,70,70,52],"gold":360,"neow_bonus":"TEN_PERCENT_HP_BONUS","is_prod":false,"is_daily":false,"chose_seed":false,"campfire_upgraded":9,"win_rate":0,"timestamp":1559166839,"path_taken":["M","M","?","M","$","R","E","R","T","M","E","?","M","?","R","BOSS","M","M","M","$","?","R","E","R","T","$","M","$","M","?","R","BOSS","M","?","?","M","?","R","M","R","T","$","M","?","?","M","R","BOSS"],"build_version":"2019-01-23","purchased_purges":4,"victory":true,"max_hp_per_floor":[82,82,82,82,82,82,82,82,82,82,82,82,82,82,82,82,82,82,82,82,82,82,82,82,82,82,82,82,82,82,82,82,82,82,82,82,82,82,82,82,82,82,82,82,82,82,82,82,82,82],"card_choices":[{"not_picked":["Force Field","Turbo"],"picked":"Rebound","floor":1.0},{"not_picked":["Compile Driver","Gash"],"picked":"Conserve Battery","floor":2.0},{"not_picked":["Sweeping Beam","Chaos","Static Discharge"],"picked":"SKIP","floor":4.0},{"not_picked":["Rebound","Capacitor"],"picked":"Doom and Gloom","floor":7.0},{"not_picked":["Sweeping Beam","Rip and Tear","Doom and Gloom"],"picked":"SKIP","floor":10.0},{"not_picked":["Streamline","Double Energy","Consume"],"picked":"SKIP","floor":11.0},{"not_picked":["Darkness","Barrage","Rebound"],"picked":"SKIP","floor":13.0},{"not_picked":["Ball Lightning","Go for the Eyes"],"picked":"Glacier","floor":14.0},{"not_picked":["Compile Driver","Recycle","Stack"],"picked":"SKIP","floor":18.0},{"not_picked":["Stack+1","Streamline","Gash+1"],"picked":"SKIP","floor":19.0},{"not_picked":["Genetic Algorithm","Beam Cell","Hello World"],"picked":"SKIP","floor":20.0},{"not_picked":["Chill","Heatsinks+1","Sunder"],"picked":"SKIP","floor":22.0},{"not_picked":["Sunder+1","Sweeping Beam+1"],"picked":"Echo Form","floor":24.0},{"not_picked":["Compile Driver","Streamline","Leap+1"],"picked":"SKIP","floor":28.0},{"not_picked":["Glacier","Genetic Algorithm","Rebound"],"picked":"SKIP","floor":30.0},{"not_picked":["Streamline","Steam"],"picked":"Ball Lightning","floor":34.0},{"not_picked":["Double Energy","Stack"],"picked":"Go for the Eyes","floor":34.0},{"not_picked":["Leap","Conserve Battery","Barrage+1"],"picked":"SKIP","floor":35.0},{"not_picked":["Recycle","Reinforced Body","Conserve Battery"],"picked":"SKIP","floor":37.0},{"not_picked":["Genetic Algorithm+1","Rebound"],"picked":"Beam Cell+1","floor":38.0},{"not_picked":["Static Discharge+1","Melter","Steam+1"],"picked":"SKIP","floor":41},{"not_picked":["Steam","Doom and Gloom+1","Beam Cell"],"picked":"SKIP","floor":45},{"not_picked":["Aggregate+1","Barrage"],"picked":"Tempest+1","floor":48}],"player_experience":1264690,"relics_obtained":[{"floor":7.0,"key":"Lantern"},{"floor":9.0,"key":"PreservedInsect"},{"floor":11.0,"key":"Dream Catcher"},{"floor":24.0,"key":"Pen Nib"},{"floor":26.0,"key":"Orichalcum"},{"floor":43,"key":"Smiling Mask"}],"event_choices":[{"damage_healed":0.0,"max_hp_gain":0.0,"max_hp_loss":0.0,"gold_gain":0.0,"event_name":"Golden Idol","player_choice":"Take Damage","floor":3.0,"gold_loss":0.0,"damage_taken":20.0,"relics_obtained":["Golden Idol"]},{"cards_removed":["Strike_B"],"damage_healed":0.0,"max_hp_gain":0.0,"max_hp_loss":0.0,"gold_gain":0.0,"event_name":"Purifier","player_choice":"Purged","floor":12.0,"gold_loss":0.0,"damage_taken":0.0},{"damage_healed":0.0,"max_hp_gain":0.0,"max_hp_loss":0.0,"gold_gain":0.0,"event_name":"Drug Dealer","player_choice":"Inject Mutagens","floor":31.0,"gold_loss":0.0,"damage_taken":0.0,"relics_obtained":["MutagenicStrength"]},{"damage_healed":0.0,"max_hp_gain":0.0,"max_hp_loss":0.0,"gold_gain":0.0,"event_name":"Accursed Blacksmith","player_choice":"Forge","floor":36.0,"gold_loss":0.0,"damage_taken":0.0,"cards_upgraded":["Go for the Eyes"]},{"damage_healed":0,"gold_gain":0,"player_choice":"Memory 1","damage_taken":0,"max_hp_gain":0,"max_hp_loss":0,"event_name":"SensoryStone","floor":46,"gold_loss":0},{"damage_healed":0,"gold_gain":333,"player_choice":"Gave Idol","damage_taken":0,"max_hp_gain":0,"max_hp_loss":0,"event_name":"The Moai Head","floor":47,"relics_lost":["Golden Idol"],"gold_loss":0}],"is_beta":false,"boss_relics":[{"not_picked":["Eternal Feather","Tiny House"],"picked":"Pandora\u0027s Box"},{"not_picked":["Lizard Tail","Busted Crown"],"picked":"Orrery"}],"items_purged_floors":[21,29,39,44],"is_endless":false,"potions_floor_spawned":[1,10,14,19,22,28,30,35,38,45],"ascension_level":0}