{"gold_per_floor":[114,125,225,245,261,261,34,48,48,67,67,94,109,143,143,238,238,256,273,293,19,31,63,63,91,146,159,185,198,212,38,38,38],"floor_reached":33,"playtime":2430,"items_purged":[],"score":418,"play_id":"c6295d31-9df1-4f30-a2ef-d2c0a9ad521b","local_time":"20190617230238","is_ascension_mode":true,"campfire_choices":[{"data":"Beam Cell","floor":6,"key":"SMITH"},{"data":"Scrape","floor":11,"key":"SMITH"},{"floor":15,"key":"REST"},{"floor":32,"key":"REST"}],"neow_cost":"NONE","seed_source_timestamp":16459365736487,"circlet_count":0,"master_deck":["Strike_B","Strike_B","Strike_B","Strike_B","Defend_B","Defend_B+1","Defend_B","Defend_B","Zap","Dualcast","Beam Cell+1","Go for the Eyes","FTL","Seek","Good Instincts","Scrape+1","Steam Power+1","Steam Power","All For One","Self Repair+1","Go for the Eyes","Steam Power","Fusion+1","FTL","Go for the Eyes+1","Gash","Metamorphosis"],"relics":["Cracked Core","Blue Candle","Omamori","Cables","Fusion Hammer","Medical Kit","Art of War","CultistMask","Bag of Marbles","PreservedInsect","War Paint"],"potions_floor_usage":[14,16,20,23,25,27,33,33,33],"damage_taken":[{"damage":0,"enemies":"Small Slimes","floor":1,"turns":2},{"damage":1,"enemies":"Cultist","floor":2,"turns":3},{"damage":7,"enemies":"Jaw Worm","floor":4,"turns":2},{"damage":3,"enemies":"Blue Slaver","floor":5,"turns":3},{"damage":8,"enemies":"Large Slime","floor":8,"turns":4},{"damage":1,"enemies":"2 Fungi Beasts","floor":10,"turns":3},{"damage":12,"enemies":"Lagavulin","floor":12,"turns":5},{"damage":8,"enemies":"Exordium Thugs","floor":13,"turns":3},{"damage":15,"enemies":"3 Sentries","floor":14,"turns":6},{"damage":17,"enemies":"Slime Boss","floor":16,"turns":8},{"damage":0,"enemies":"Chosen","floor":18,"turns":3},{"damage":2,"enemies":"3 Byrds","floor":19,"turns":3},{"damage":3,"enemies":"Snecko","floor":20,"turns":3},{"damage":18,"enemies":"Centurion and Healer","floor":22,"turns":3},{"damage":11,"enemies":"Gremlin Leader","floor":23,"turns":6},{"damage":20,"enemies":"Slavers","floor":25,"turns":3},{"damage":3,"enemies":"Cultist and Chosen","floor":27,"turns":4},{"damage":25,"enemies":"Book of Stabbing","floor":28,"turns":3},{"damage":14,"enemies":"Shelled Parasite and Fungi","floor":29,"turns":3},{"damage":26,"enemies":"Snake Plant","floor":30,"turns":4},{"damage":69,"enemies":"Collector","floor":33,"turns":6}],"seed_played":"4811323590843177000","potions_obtained":[{"floor":1,"key":"Energy Potion"},{"floor":2,"key":"EssenceOfSteel"},{"floor":8,"key":"Energy Potion"},{"floor":13,"key":"PowerPotion"},{"floor":14,"key":"FocusPotion"},{"floor":18,"key":"PowerPotion"},{"floor":22,"key":"Block Potion"},{"floor":25,"key":"Fire Potion"},{"floor":27,"key":"Poison Potion"},{"floor":28,"key":"Strength Potion"},{"floor":30,"key":"Block Potion"}],"is_trial":false,"path_per_floor":["M","M","?","M","M","R","$","M","T","M","R","E","M","E","R","B",null,"M","M","M","$","M","E","?","E","T","M","E","M","M","$","R","B"],"character_chosen":"DEFECT","items_purchased":["Seek","Good Instincts","Medical Kit","Steam Power","Metamorphosis"],"campfire_rested":2,"item_purchase_floors":[7,7,21,21,31],"current_hp_per_floor":[82,81,81,74,71,71,71,63,63,62,62,50,42,27,51,34,82,82,80,82,82,74,73,73,63,63,70,55,51,35,35,59,0],"gold":38,"neow_bonus":"TEN_PERCENT_HP_BONUS","is_prod":false,"is_daily":false,"chose_seed":false,"campfire_upgraded":2,"win_rate":0,"timestamp":1560826958,"path_taken":["M","M","?","M","M","R","$","?","T","M","R","E","M","E","R","BOSS","M","M","M","$","M","E","?","E","T","M","E","M","?","?","R","BOSS"],"build_version":"2019-01-23","purchased_purges":0,"victory":false,"max_hp_per_floor":[82,82,82,82,82,82,82,82,82,82,82,82,82,82,82,82,82,82,82,82,82,82,82,82,82,82,82,82,82,82,82,82,82],"card_choices":[{"not_picked":["Static Discharge","Melter"],"picked":"Beam Cell","floor":1},{"not_picked":["Heatsinks","Streamline"],"picked":"Go for the Eyes","floor":2},{"not_picked":["Recycle","Ball Lightning"],"picked":"FTL","floor":4},{"not_picked":["Skim","Static Discharge","Ball Lightning"],"picked":"SKIP","floor":5},{"not_picked":["Barrage","Blizzard"],"picked":"Scrape","floor":8},{"not_picked":["Cold Snap","Lockon"],"picked":"Steam Power","floor":10},{"not_picked":["Lockon","Amplify","Coolheaded"],"picked":"SKIP","floor":12},{"not_picked":["Conserve Battery","Glacier","Rebound"],"picked":"SKIP","floor":13},{"not_picked":["Rainbow","Double Energy"],"picked":"Steam Power","floor":14},{"not_picked":["Seek","Electrodynamics"],"picked":"All For One","floor":16},{"not_picked":["Sweeping Beam","Leap","Hologram"],"picked":"SKIP","floor":18},{"not_picked":["Blizzard","Aggregate"],"picked":"Self Repair+1","floor":19},{"not_picked":["Skim+1","Blizzard+1"],"picked":"Go for the Eyes","floor":20},{"not_picked":["Defragment","Rip and Tear"],"picked":"Fusion+1","floor":22},{"not_picked":["Aggregate","Ball Lightning","Reprogram"],"picked":"SKIP","floor":23},{"not_picked":["Double Energy","Defragment","Leap+1"],"picked":"SKIP","floor":25},{"not_picked":["Coolheaded+1","Fission"],"picked":"FTL","floor":27},{"not_picked":["Rainbow","Cold Snap","Sweeping Beam"],"picked":"SKIP","floor":28},{"not_picked":["Beam Cell","Conserve Battery"],"picked":"Go for the Eyes+1","floor":29},{"not_picked":["Aggregate","Steam"],"picked":"Gash","floor":30}],"player_experience":417605,"relics_obtained":[{"floor":9,"key":"Blue Candle"},{"floor":12,"key":"Omamori"},{"floor":14,"key":"Cables"},{"floor":23,"key":"Art of War"},{"floor":25,"key":"Bag of Marbles"},{"floor":26,"key":"PreservedInsect"},{"floor":28,"key":"War Paint"}],"event_choices":[{"damage_healed":0,"gold_gain":100,"player_choice":"Gold","damage_taken":0,"max_hp_gain":0,"max_hp_loss":0,"event_name":"Wheel of Change","floor":3,"gold_loss":0},{"damage_healed":0,"gold_gain":0,"player_choice":"Trade","damage_taken":0,"relics_obtained":["CultistMask"],"max_hp_gain":0,"max_hp_loss":0,"event_name":"FaceTrader","floor":24,"gold_loss":0}],"is_beta":false,"boss_relics":[{"not_picked":["Black Star","Lizard Tail"],"picked":"Fusion Hammer"}],"items_purged_floors":[],"is_endless":false,"potions_floor_spawned":[1,2,8,13,14,18,22,25,27,28,30],"killed_by":"Collector","ascension_level":4}