{"gold_per_floor":[117,132,132,132,132,176,176,176,176,176,196,44,59,20,20,149,149,174,134,153,77,101,101,101,135,159,159,159,85,85,37,37,160,160,183,183,183],"floor_reached":37,"playtime":809,"items_purged":[],"score":381,"play_id":"eb4980bb-cf79-4ecd-9eeb-e32cab9a700b","local_time":"20190315225559","is_ascension_mode":false,"campfire_choices":[{"data":"Dualcast","floor":7.0,"key":"SMITH"},{"data":"Zap","floor":10.0,"key":"SMITH"},{"data":"Chaos","floor":15.0,"key":"SMITH"},{"data":"Defragment","floor":23.0,"key":"SMITH"},{"data":"Echo Form","floor":24.0,"key":"SMITH"},{"data":"Glacier","floor":30,"key":"SMITH"},{"floor":32,"key":"REST"}],"neow_cost":"NONE","seed_source_timestamp":688703994764521,"circlet_count":0,"master_deck":["Strike_B+1","Strike_B","Strike_B","Defend_B","Defend_B+1","Defend_B","Zap+1","Dualcast+1","Conserve Battery","Core Surge+1","Conserve Battery","Chaos+1","All For One+1","FTL+1","Capacitor","Defragment+1","Echo Form+1","Glacier+1","Cold Snap+1","Buffer"],"special_seed":0,"relics":["FrozenCore","Golden Idol","WingedGreaves","Molten Egg 2","Sozu","Symbiotic Virus","Anchor"],"potions_floor_usage":[],"damage_taken":[{"damage":0.0,"enemies":"Cultist","floor":1.0,"turns":3.0},{"damage":2.0,"enemies":"Jaw Worm","floor":2.0,"turns":4.0},{"damage":18.0,"enemies":"Gremlin Nob","floor":6.0,"turns":4.0},{"damage":0.0,"enemies":"Small Slimes","floor":11.0,"turns":3.0},{"damage":0.0,"enemies":"Blue Slaver","floor":13.0,"turns":3.0},{"damage":23.0,"enemies":"The Guardian","floor":16.0,"turns":12.0},{"damage":0.0,"enemies":"Spheric Guardian","floor":18.0,"turns":3.0},{"damage":5.0,"enemies":"Shell Parasite","floor":20.0,"turns":4.0},{"damage":9.0,"enemies":"Snake Plant","floor":22.0,"turns":3.0},{"damage":59.0,"enemies":"Slavers","floor":25.0,"turns":6.0},{"damage":16,"enemies":"Champ","floor":33,"turns":10},{"damage":0,"enemies":"3 Shapes","floor":35,"turns":6},{"damage":33,"enemies":"3 Darklings","floor":37,"turns":3}],"seed_played":"1616549908980549476","potions_obtained":[{"floor":1.0,"key":"FocusPotion"},{"floor":11.0,"key":"Poison Potion"},{"floor":16.0,"key":"EssenceOfSteel"}],"is_trial":false,"path_per_floor":["M","M","?","$","?","E","R","$","T","R","M","$","M","$","R","B",null,"M","?","M","$","M","R","R","E","T","?","?","$","R","$","R","B",null,"M","?","M"],"character_chosen":"DEFECT","items_purchased":["Core Surge+1","Chaos","Defragment","Glacier","Cold Snap+1"],"campfire_rested":1,"item_purchase_floors":[12,14,21,29,31],"current_hp_per_floor":[82,80,73,73,53,35,35,35,35,35,35,35,35,35,35,12,82,82,82,77,77,68,68,68,9,9,36,36,36,36,36,60,44,82,82,82,49],"gold":183,"neow_bonus":"TEN_PERCENT_HP_BONUS","is_prod":false,"is_daily":false,"chose_seed":false,"campfire_upgraded":6,"win_rate":0,"timestamp":1552690559,"path_taken":["M","?","?","$","?","E","R","$","T","R","M","$","M","?","R","BOSS","M","?","?","$","M","R","R","E","T","?","?","$","R","$","R","BOSS","M","?","?"],"build_version":"2019-01-23","purchased_purges":0,"victory":false,"max_hp_per_floor":[82,82,82,82,82,82,82,82,82,82,82,82,82,82,82,82,82,82,82,82,82,82,82,82,82,82,82,82,82,82,82,82,82,82,82,82,82],"card_choices":[{"not_picked":["Hello World","Steam"],"picked":"Conserve Battery","floor":1.0},{"not_picked":["Blizzard","Steam Power","Rip and Tear"],"picked":"SKIP","floor":2.0},{"not_picked":["Multi-Cast","Streamline","Force Field"],"picked":"SKIP","floor":6.0},{"not_picked":["Turbo","Reinforced Body","Chaos"],"picked":"SKIP","floor":11.0},{"not_picked":["Compile Driver+1","Rip and Tear+1"],"picked":"Conserve Battery","floor":13.0},{"not_picked":["Amplify","Meteor Strike+1"],"picked":"All For One+1","floor":16.0},{"not_picked":["Hologram+1","Rebound+1"],"picked":"FTL+1","floor":18.0},{"not_picked":["Aggregate+1","Coolheaded"],"picked":"Capacitor","floor":20.0},{"not_picked":["Conserve Battery","Reprogram"],"picked":"Echo Form","floor":22.0},{"not_picked":["Turbo+1","Aggregate","Lockon+1"],"picked":"SKIP","floor":25.0},{"not_picked":["All For One+1","Hyperbeam+1"],"picked":"Buffer","floor":33},{"not_picked":["Compile Driver+1","Hologram","Coolheaded+1"],"picked":"SKIP","floor":35}],"player_experience":1114204,"relics_obtained":[{"floor":6.0,"key":"WingedGreaves"},{"floor":9.0,"key":"Molten Egg 2"},{"floor":25.0,"key":"Symbiotic Virus"},{"floor":26.0,"key":"Anchor"}],"event_choices":[{"cards_removed":["Defend_B"],"damage_healed":0.0,"max_hp_gain":0.0,"max_hp_loss":0.0,"gold_gain":0.0,"event_name":"Golden Wing","player_choice":"Card Removal","floor":3.0,"gold_loss":0.0,"damage_taken":7.0},{"damage_healed":0.0,"max_hp_gain":0.0,"max_hp_loss":0.0,"gold_gain":0.0,"event_name":"Golden Idol","player_choice":"Take Damage","floor":5.0,"gold_loss":0.0,"damage_taken":20.0,"relics_obtained":["Golden Idol"]},{"damage_healed":0.0,"max_hp_gain":0.0,"max_hp_loss":0.0,"gold_gain":0.0,"event_name":"Designer","player_choice":"Upgraded Two","floor":19.0,"gold_loss":40.0,"damage_taken":0.0,"cards_upgraded":["Defend_B","Strike_B"]},{"damage_healed":27,"gold_gain":0,"player_choice":"Heal","damage_taken":0,"max_hp_gain":0,"max_hp_loss":0,"event_name":"The Library","floor":27,"gold_loss":0},{"damage_healed":0,"gold_gain":0,"player_choice":"Ignored","damage_taken":0,"max_hp_gain":0,"max_hp_loss":0,"event_name":"Cursed Tome","floor":28,"gold_loss":0},{"cards_removed":["Strike_B"],"damage_healed":0,"gold_gain":0,"player_choice":"Offered Basic","damage_taken":0,"max_hp_gain":0,"max_hp_loss":0,"event_name":"Bonfire Elementals","floor":36,"gold_loss":0}],"is_beta":false,"boss_relics":[{"not_picked":["Busted Crown","Lizard Tail"],"picked":"Sozu"},{"not_picked":["Runic Pyramid","Snecko Eye"],"picked":"FrozenCore"}],"items_purged_floors":[],"is_endless":false,"potions_floor_spawned":[1,11,16,20,22],"killed_by":"3 Darklings","ascension_level":0}