{"gold_per_floor":[211,224,299,316,29,29,29,29,56,71,101,119,131,150,150,224,224,239,239,18,68,68,97,108,108,108,127,157,167,167,167,167,241,241,260,260,272,283,383,446,461,57,57,57,84,84,102,152,152,152,152,152,152,23,53,53],"floor_reached":56,"playtime":3736,"items_purged":["Flex","Writhe"],"score":1994,"play_id":"7866df48-9bfc-47c4-b3de-8dfd31237ae4","local_time":"20190620185626","is_ascension_mode":true,"campfire_choices":[{"data":"Bash","floor":6.0,"key":"SMITH"},{"data":"Perfected Strike","floor":8.0,"key":"SMITH"},{"data":"Flame Barrier","floor":15.0,"key":"SMITH"},{"data":"Perfected Strike","floor":25.0,"key":"SMITH"},{"data":"Shockwave","floor":30.0,"key":"SMITH"},{"data":"Uppercut","floor":32.0,"key":"SMITH"},{"floor":46.0,"key":"RECALL"},{"data":"Flame Barrier","floor":49.0,"key":"SMITH"},{"data":"Flame Barrier","floor":53.0,"key":"SMITH"}],"neow_cost":"NONE","seed_source_timestamp":0,"circlet_count":0,"master_deck":["AscendersBane","Strike_R","Strike_R+1","Strike_R","Defend_R","Defend_R","Defend_R","Defend_R","Bash+1","Pummel","Perfected Strike+1","Twin Strike","Pommel Strike+1","Flame Barrier+1","Thunderclap","Shockwave+1","Impervious","Shrug It Off","Flame Barrier+1","Whirlwind","Spot Weakness","Spot Weakness","Clothesline","Perfected Strike+1","Uppercut+1","True Grit+1","Flame Barrier","Demon Form","Flame Barrier+1","Disarm+1","Evolve","Mayhem","Metallicize","Feel No Pain","Flame Barrier","Limit Break"],"special_seed":0,"relics":["Burning Blood","Meat on the Bone","Smiling Mask","Nunchaku","Snecko Eye","Whetstone","Mummified Hand","Letter Opener","Coffee Dripper","Torii","Tiny Chest","Pantograph","Paper Frog","Champion Belt"],"potions_floor_usage":[56],"damage_taken":[{"damage":4.0,"enemies":"Jaw Worm","floor":1.0,"turns":5.0},{"damage":1.0,"enemies":"Cultist","floor":2.0,"turns":3.0},{"damage":3.0,"enemies":"Small Slimes","floor":4.0,"turns":4.0},{"damage":15.0,"enemies":"3 Louse","floor":10.0,"turns":3.0},{"damage":10.0,"enemies":"3 Sentries","floor":11.0,"turns":7.0},{"damage":0.0,"enemies":"2 Fungi Beasts","floor":12.0,"turns":2.0},{"damage":19.0,"enemies":"Exordium Wildlife","floor":13.0,"turns":4.0},{"damage":2.0,"enemies":"Exordium Thugs","floor":14.0,"turns":4.0},{"damage":56.0,"enemies":"Hexaghost","floor":16.0,"turns":11.0},{"damage":1.0,"enemies":"3 Byrds","floor":18.0,"turns":4.0},{"damage":0.0,"enemies":"Slavers","floor":23.0,"turns":5.0},{"damage":21.0,"enemies":"Spheric Guardian","floor":24.0,"turns":5.0},{"damage":0.0,"enemies":"Centurion and Healer","floor":27.0,"turns":4.0},{"damage":0.0,"enemies":"Book of Stabbing","floor":28.0,"turns":3.0},{"damage":1.0,"enemies":"Snecko","floor":29.0,"turns":5.0},{"damage":26.0,"enemies":"Automaton","floor":33.0,"turns":9.0},{"damage":0.0,"enemies":"Orb Walker","floor":35.0,"turns":1.0},{"damage":3.0,"enemies":"3 Darklings","floor":37.0,"turns":3.0},{"damage":8.0,"enemies":"Writhing Mass","floor":38.0,"turns":6.0},{"damage":0.0,"enemies":"Mind Bloom Boss Battle","floor":39.0,"turns":7.0},{"damage":21.0,"enemies":"Nemesis","floor":40.0,"turns":11.0},{"damage":25.0,"enemies":"Jaw Worm Horde","floor":41.0,"turns":4.0},{"damage":39.0,"enemies":"Reptomancer","floor":45.0,"turns":5.0},{"damage":0.0,"enemies":"Transient","floor":47.0,"turns":6.0},{"damage":67.0,"enemies":"Donu and Deca","floor":50.0,"turns":9.0},{"damage":44.0,"enemies":"Awakened One","floor":51.0,"turns":10.0},{"damage":48.0,"enemies":"Shield and Spear","floor":55.0,"turns":6.0},{"damage":63,"enemies":"The Heart","floor":56,"turns":5}],"seed_played":"6655001138768127338","potions_obtained":[{"floor":4.0,"key":"Strength Potion"},{"floor":7.0,"key":"BloodPotion"},{"floor":10.0,"key":"SkillPotion"},{"floor":12.0,"key":"Weak Potion"},{"floor":16.0,"key":"SneckoOil"},{"floor":23.0,"key":"Fire Potion"},{"floor":33.0,"key":"PowerPotion"},{"floor":40.0,"key":"Dexterity Potion"},{"floor":47.0,"key":"SkillPotion"},{"floor":55.0,"key":"Fire Potion"}],"is_trial":false,"path_per_floor":["M","M","?","M","$","R","?","R","T","M","E","M","M","M","R","B",null,"M","?","$","?","?","E","M","R","T","M","E","M","R","?","R","B",null,"M","?","M","M","?","E","M","$","T","?","E","R","M","?","R","B","B",null,"R","$","E","B"],"character_chosen":"IRONCLAD","items_purchased":["Meat on the Bone","Flame Barrier","Whirlwind","PowerPotion","Pantograph","Evolve","Feel No Pain","Flame Barrier"],"campfire_rested":0,"item_purchase_floors":[5,20,20,20,42,42,54,54],"current_hp_per_floor":[70,75,64,67,67,67,67,67,67,65,61,67,54,58,58,20,61,66,45,45,45,45,51,48,48,48,54,60,65,65,65,65,57,74,80,80,80,78,80,65,58,58,58,58,37,37,55,55,55,31,30,68,68,68,38,0],"gold":53,"neow_bonus":"HUNDRED_GOLD","is_prod":false,"is_daily":false,"chose_seed":false,"campfire_upgraded":8,"win_rate":0,"timestamp":1561082186,"path_taken":["M","M","?","M","$","R","?","R","T","?","E","M","M","M","R","BOSS","M","?","$","?","?","E","M","R","T","M","E","M","R","?","R","BOSS","M","?","M","M","?","E","M","?","T","?","E","R","M","?","R","BOSS","BOSS","R","$","E","BOSS"],"build_version":"2019-01-23","purchased_purges":2,"victory":false,"max_hp_per_floor":[75,75,75,75,75,75,75,75,75,75,75,75,75,75,75,75,75,75,80,80,80,80,80,80,80,80,80,80,80,80,80,80,80,80,80,80,80,80,80,80,80,80,80,80,80,80,80,80,80,80,80,80,80,80,80,80],"card_choices":[{"not_picked":["Havoc","Body Slam"],"picked":"Pummel","floor":1.0},{"not_picked":["Wild Strike","Warcry"],"picked":"Perfected Strike","floor":2.0},{"not_picked":["Combust","Blood for Blood"],"picked":"Twin Strike","floor":4.0},{"not_picked":["Thunderclap","Clothesline"],"picked":"Pommel Strike","floor":10.0},{"not_picked":["Heavy Blade","Whirlwind"],"picked":"Flame Barrier","floor":11.0},{"not_picked":["Thunderclap","Anger","Corruption"],"picked":"SKIP","floor":12.0},{"not_picked":["Anger","Corruption"],"picked":"Thunderclap","floor":12.0},{"not_picked":["Twin Strike","Heavy Blade"],"picked":"Shockwave","floor":13.0},{"not_picked":["Warcry","Cleave"],"picked":"Flex","floor":14.0},{"not_picked":["Fiend Fire","Immolate"],"picked":"Impervious","floor":16.0},{"not_picked":["Twin Strike","Seeing Red"],"picked":"Shrug It Off","floor":18.0},{"not_picked":["Combust","Sever Soul"],"picked":"Clothesline","floor":23.0},{"not_picked":["Clothesline","Heavy Blade"],"picked":"Perfected Strike","floor":24.0},{"not_picked":["Clash+1","Cleave","Headbutt+1"],"picked":"SKIP","floor":27.0},{"not_picked":["Disarm","Infernal Blade"],"picked":"Uppercut","floor":28.0},{"not_picked":["Searing Blow","Flex"],"picked":"True Grit+1","floor":29.0},{"not_picked":["Dark Embrace","Offering"],"picked":"Demon Form","floor":33.0},{"not_picked":["Twin Strike","Carnage"],"picked":"Flame Barrier","floor":35.0},{"not_picked":["Flex+1","Ghostly Armor","Wild Strike"],"picked":"SKIP","floor":37.0},{"not_picked":["Cleave","Iron Wave+1","Warcry"],"picked":"SKIP","floor":38.0},{"not_picked":["Whirlwind","Juggernaut"],"picked":"Disarm+1","floor":40.0},{"not_picked":["Thunderclap","Clash","Sword Boomerang"],"picked":"SKIP","floor":41.0},{"not_picked":["Panacea","Blind"],"picked":"Mayhem","floor":44.0},{"not_picked":["Seeing Red+1","Body Slam+1"],"picked":"Metallicize","floor":45.0},{"not_picked":["Clash","Headbutt","Pummel"],"picked":"SKIP","floor":47.0},{"not_picked":["Dark Embrace","Flex"],"picked":"Limit Break","floor":55.0}],"player_experience":923867,"relics_obtained":[{"floor":9.0,"key":"Smiling Mask"},{"floor":11.0,"key":"Nunchaku"},{"floor":23.0,"key":"Whetstone"},{"floor":26.0,"key":"Mummified Hand"},{"floor":28.0,"key":"Letter Opener"},{"floor":39.0,"key":"Torii"},{"floor":40.0,"key":"Tiny Chest"},{"floor":45.0,"key":"Paper Frog"},{"floor":55.0,"key":"Champion Belt"}],"event_choices":[{"damage_healed":0.0,"max_hp_gain":0.0,"max_hp_loss":0.0,"gold_gain":75.0,"event_name":"World of Goop","player_choice":"Gather Gold","floor":3.0,"gold_loss":0.0,"damage_taken":11.0},{"damage_healed":0.0,"max_hp_gain":0.0,"max_hp_loss":0.0,"gold_gain":0.0,"event_name":"Lab","player_choice":"Got Potions","floor":7.0,"gold_loss":0.0,"damage_taken":0.0},{"damage_healed":0.0,"max_hp_gain":5.0,"max_hp_loss":0.0,"gold_gain":0.0,"event_name":"Forgotten Altar","player_choice":"Shed Blood","floor":19.0,"gold_loss":0.0,"damage_taken":26.0},{"damage_healed":0.0,"max_hp_gain":0.0,"max_hp_loss":0.0,"gold_gain":50.0,"event_name":"Nest","player_choice":"Stole From Cult","floor":21.0,"gold_loss":0.0,"damage_taken":0.0},{"damage_healed":0.0,"max_hp_gain":0.0,"max_hp_loss":0.0,"gold_gain":0.0,"cards_transformed":["Strike_R","Strike_R"],"event_name":"Drug Dealer","player_choice":"Became Test Subject","floor":22.0,"gold_loss":0.0,"damage_taken":0.0,"cards_obtained":["Spot Weakness","Spot Weakness"]},{"damage_healed":0.0,"max_hp_gain":0.0,"max_hp_loss":0.0,"gold_gain":0.0,"event_name":"The Library","player_choice":"Read","floor":31.0,"gold_loss":0.0,"damage_taken":0.0,"cards_obtained":["Flame Barrier"]},{"damage_healed":16.0,"max_hp_gain":0.0,"max_hp_loss":0.0,"gold_gain":0.0,"event_name":"Winding Halls","player_choice":"Writhe","floor":36.0,"gold_loss":0.0,"damage_taken":0.0,"cards_obtained":["Writhe"]},{"damage_healed":0.0,"max_hp_gain":0.0,"max_hp_loss":0.0,"gold_gain":0.0,"event_name":"MindBloom","player_choice":"Fight","floor":39.0,"gold_loss":0.0,"damage_taken":0.0},{"damage_healed":0.0,"max_hp_gain":0.0,"max_hp_loss":0.0,"gold_gain":0.0,"event_name":"SensoryStone","player_choice":"Memory 1","floor":44.0,"gold_loss":0.0,"damage_taken":0.0},{"damage_healed":0.0,"max_hp_gain":0.0,"max_hp_loss":0.0,"gold_gain":50.0,"event_name":"Golden Shrine","player_choice":"Pray","floor":48.0,"gold_loss":0.0,"damage_taken":0.0}],"is_beta":false,"boss_relics":[{"not_picked":["Sozu","Empty Cage"],"picked":"Snecko Eye"},{"not_picked":["Philosopher\u0027s Stone","Black Star"],"picked":"Coffee Dripper"}],"items_purged_floors":[20,42],"is_endless":false,"potions_floor_spawned":[4,10,12,16,23,28,29,33,40,41,47,55],"killed_by":"The Heart","ascension_level":20}