{"gold_per_floor":[113,128,128,46,99,99,132,132,132,160,177,177,177,196,196,296,296,311,321,332,332,342,342,367,380,380,415,434,534,144,169,169,169],"floor_reached":33,"playtime":1836,"items_purged":[],"score":378,"play_id":"ef318bae-19a6-461a-989a-bafbfa5768c3","local_time":"20190620104543","is_ascension_mode":true,"campfire_choices":[{"data":"Neutralize","floor":6,"key":"SMITH"},{"floor":13,"key":"REST"},{"data":"Leg Sweep","floor":15,"key":"SMITH"},{"floor":23,"key":"REST"},{"floor":32,"key":"REST"}],"neow_cost":"NONE","seed_source_timestamp":232040031023587,"circlet_count":0,"master_deck":["Defend_G","Defend_G","Defend_G","Defend_G","Defend_G","Strike_G","Strike_G","Strike_G","Strike_G","Strike_G","Survivor","Neutralize+1","Choke+1","Dagger Spray","Bandage Up","Predator","Dodge and Roll","Choke+1","Leg Sweep+1","Envenom","Well Laid Plans","Flying Knee+1","Adrenaline","Escape Plan","Footwork+1","Dodge and Roll","Noxious Fumes","Sadistic Nature","Night Terror"],"relics":["Velvet Choker","Bag of Marbles","Shuriken","Centennial Puzzle","Fusion Hammer","Anchor","Calipers","PreservedInsect","Peace Pipe","Pantograph","OrangePellets","Bottled Tornado"],"potions_floor_usage":[7,24,24,31],"damage_taken":[{"damage":2,"enemies":"Jaw Worm","floor":1,"turns":3},{"damage":2,"enemies":"Small Slimes","floor":2,"turns":2},{"damage":20,"enemies":"3 Sentries","floor":7,"turns":8},{"damage":20,"enemies":"Lagavulin","floor":10,"turns":4},{"damage":0,"enemies":"2 Louse","floor":11,"turns":2},{"damage":5,"enemies":"Gremlin Gang","floor":14,"turns":3},{"damage":17,"enemies":"The Guardian","floor":16,"turns":10},{"damage":7,"enemies":"Spheric Guardian","floor":18,"turns":3},{"damage":14,"enemies":"Shell Parasite","floor":19,"turns":4},{"damage":8,"enemies":"Snecko","floor":20,"turns":4},{"damage":17,"enemies":"Sentry and Sphere","floor":22,"turns":5},{"damage":9,"enemies":"Slavers","floor":24,"turns":3},{"damage":22,"enemies":"Snake Plant","floor":25,"turns":4},{"damage":4,"enemies":"Book of Stabbing","floor":27,"turns":5},{"damage":5,"enemies":"Centurion and Healer","floor":28,"turns":3},{"damage":0,"enemies":"Colosseum Slavers","floor":29,"turns":3},{"damage":0,"enemies":"Colosseum Nobs","floor":29,"turns":4},{"damage":10,"enemies":"Gremlin Leader","floor":31,"turns":4},{"damage":70,"enemies":"Champ","floor":33,"turns":9}],"seed_played":"-4985158686717387952","potions_obtained":[{"floor":1,"key":"SkillPotion"},{"floor":10,"key":"Dexterity Potion"},{"floor":11,"key":"Explosive Potion"},{"floor":14,"key":"Fire Potion"},{"floor":24,"key":"LiquidBronze"},{"floor":27,"key":"SteroidPotion"}],"is_trial":false,"path_per_floor":["M","M","?","$","?","R","E","?","T","E","M","?","R","M","R","B",null,"M","M","M","?","M","R","E","M","T","E","M","?","$","E","R","B"],"character_chosen":"THE_SILENT","items_purchased":["Bandage Up","OrangePellets","Sadistic Nature"],"campfire_rested":3,"item_purchase_floors":[4,30,30],"current_hp_per_floor":[68,66,66,66,66,66,50,50,50,34,34,34,55,54,54,41,70,67,56,52,70,57,70,65,47,47,47,42,50,50,44,65,0],"gold":169,"neow_bonus":"BOSS_RELIC","is_prod":false,"is_daily":false,"chose_seed":false,"campfire_upgraded":2,"win_rate":0,"timestamp":1561041943,"path_taken":["M","M","?","$","?","R","E","?","T","E","M","?","R","M","R","BOSS","M","?","?","?","M","R","E","M","T","E","M","?","$","E","R","BOSS"],"build_version":"2019-01-23","purchased_purges":0,"victory":false,"max_hp_per_floor":[70,70,70,70,70,70,70,70,70,70,70,70,70,70,70,70,70,70,70,70,70,70,70,70,70,70,70,70,70,70,70,70,70],"card_choices":[{"not_picked":["Backflip","Underhanded Strike"],"picked":"Choke","floor":1},{"not_picked":["Acrobatics","Slice"],"picked":"Dagger Spray","floor":2},{"not_picked":["Malaise","Infinite Blades"],"picked":"Predator","floor":7},{"not_picked":["PiercingWail","Deadly Poison"],"picked":"Dodge and Roll","floor":10},{"not_picked":["Bouncing Flask","Flying Knee"],"picked":"Choke","floor":11},{"not_picked":["Deflect","Flying Knee"],"picked":"Leg Sweep","floor":14},{"not_picked":["Unload","Tools of the Trade"],"picked":"Envenom","floor":16},{"not_picked":["PiercingWail","Backflip"],"picked":"Well Laid Plans","floor":18},{"not_picked":["Infinite Blades","Masterful Stab"],"picked":"Flying Knee+1","floor":19},{"not_picked":["Underhanded Strike+1","Sucker Punch+1"],"picked":"Adrenaline","floor":20},{"not_picked":["Prepared","Skewer"],"picked":"Escape Plan","floor":22},{"not_picked":["Expertise","Leg Sweep+1"],"picked":"Footwork+1","floor":24},{"not_picked":["Choke","Blade Dance","Deflect"],"picked":"SKIP","floor":25},{"not_picked":["Calculated Gamble+1","Flying Knee","Reflex"],"picked":"SKIP","floor":27},{"not_picked":["Deflect","Dagger Throw"],"picked":"Dodge and Roll","floor":28},{"not_picked":["Deadly Poison","Outmaneuver"],"picked":"Noxious Fumes","floor":29},{"not_picked":["Masterful Stab","Reflex"],"picked":"Night Terror","floor":31}],"player_experience":439881,"relics_obtained":[{"floor":7,"key":"Bag of Marbles"},{"floor":9,"key":"Shuriken"},{"floor":10,"key":"Centennial Puzzle"},{"floor":24,"key":"Anchor"},{"floor":26,"key":"Calipers"},{"floor":27,"key":"PreservedInsect"},{"floor":29,"key":"Peace Pipe"},{"floor":29,"key":"Pantograph"},{"floor":31,"key":"Bottled Tornado"}],"event_choices":[{"damage_healed":0,"gold_gain":0,"player_choice":"Grow","damage_taken":0,"max_hp_gain":0,"max_hp_loss":0,"event_name":"Living Wall","floor":3,"gold_loss":0,"cards_upgraded":["Choke"]},{"damage_healed":0,"gold_gain":53,"player_choice":"Gained Gold","damage_taken":0,"max_hp_gain":0,"max_hp_loss":0,"event_name":"Golden Wing","floor":5,"gold_loss":0},{"damage_healed":0,"gold_gain":0,"player_choice":"Ignored","damage_taken":0,"max_hp_gain":0,"max_hp_loss":0,"event_name":"Liars Game","floor":8,"gold_loss":0},{"damage_healed":0,"gold_gain":0,"player_choice":"Upgraded","damage_taken":0,"max_hp_gain":0,"max_hp_loss":0,"event_name":"Upgrade Shrine","floor":12,"gold_loss":0,"cards_upgraded":["Choke"]},{"damage_healed":23,"gold_gain":0,"player_choice":"Heal","damage_taken":0,"max_hp_gain":0,"max_hp_loss":0,"event_name":"The Library","floor":21,"gold_loss":0},{"damage_healed":0,"gold_gain":0,"player_choice":"Fight","damage_taken":0,"max_hp_gain":0,"max_hp_loss":0,"event_name":"Colosseum","floor":29,"gold_loss":0},{"damage_healed":0,"gold_gain":0,"player_choice":"Fought Nobs","damage_taken":0,"max_hp_gain":0,"max_hp_loss":0,"event_name":"Colosseum","floor":29,"gold_loss":0}],"is_beta":false,"boss_relics":[{"not_picked":["Tiny House","Pandora\u0027s Box"],"picked":"Fusion Hammer"}],"items_purged_floors":[],"is_endless":false,"potions_floor_spawned":[1,10,11,14,19,22,24,27,29],"killed_by":"Champ","ascension_level":4}