{"gold_per_floor":[119,139,154,174,187,187,217,230,310,342,357,432,432,417],"floor_reached":14,"playtime":629,"items_purged":[],"score":135,"play_id":"3bd12ca5-9141-4008-b8c6-798a65bc0a13","local_time":"20190621083558","is_ascension_mode":true,"campfire_choices":[{"data":"Consume","floor":6,"key":"SMITH"}],"neow_cost":"NONE","seed_source_timestamp":311868818648734,"circlet_count":0,"master_deck":["Strike_B","Strike_B","Strike_B","Strike_B","Defend_B","Defend_B","Defend_B","Defend_B","Zap","Dualcast","Conserve Battery","Chill","Consume+1","Hello World","Fusion","Biased Cognition+1","Sunder"],"relics":["Velvet Choker","Centennial Puzzle","Frozen Egg 2","Pear","Incense Burner"],"potions_floor_usage":[7,8,10,10],"damage_taken":[{"damage":0,"enemies":"2 Louse","floor":1,"turns":3},{"damage":0,"enemies":"Cultist","floor":2,"turns":4},{"damage":0,"enemies":"Small Slimes","floor":3,"turns":5},{"damage":2,"enemies":"Looter","floor":4,"turns":4},{"damage":11,"enemies":"Blue Slaver","floor":5,"turns":5},{"damage":1,"enemies":"Lagavulin","floor":7,"turns":8},{"damage":0,"enemies":"3 Louse","floor":8,"turns":2},{"damage":43,"enemies":"Gremlin Nob","floor":10,"turns":6},{"damage":0,"enemies":"Red Slaver","floor":11,"turns":4},{"damage":13,"enemies":"Exordium Thugs","floor":14,"turns":1}],"seed_played":"3015965746397473830","potions_obtained":[{"floor":2,"key":"AttackPotion"},{"floor":3,"key":"Explosive Potion"},{"floor":5,"key":"Block Potion"},{"floor":8,"key":"Strength Potion"},{"floor":10,"key":"Dexterity Potion"}],"is_trial":false,"path_per_floor":["M","M","M","M","M","R","E","M","T","E","M","?","?","M"],"character_chosen":"DEFECT","items_purchased":[],"campfire_rested":0,"item_purchase_floors":[],"current_hp_per_floor":[68,68,68,66,55,55,54,54,54,21,21,10,10,0],"gold":417,"neow_bonus":"BOSS_RELIC","is_prod":false,"is_daily":false,"chose_seed":false,"campfire_upgraded":1,"win_rate":0,"timestamp":1561120558,"path_taken":["M","M","M","M","M","R","E","M","T","E","M","?","?","M"],"build_version":"2019-01-23","purchased_purges":0,"victory":false,"max_hp_per_floor":[75,75,75,75,75,75,75,75,75,85,85,85,85,85],"card_choices":[{"not_picked":["Stack","Heatsinks"],"picked":"Conserve Battery","floor":1},{"not_picked":["BootSequence","Reprogram"],"picked":"Chill","floor":2},{"not_picked":["Stack","Ball Lightning"],"picked":"Consume","floor":3},{"not_picked":["Gash","Rebound","Beam Cell"],"picked":"SKIP","floor":4},{"not_picked":["Sweeping Beam","Blizzard"],"picked":"Hello World","floor":5},{"not_picked":["All For One","Aggregate"],"picked":"Fusion","floor":7},{"not_picked":["Gash","Genetic Algorithm","Redo"],"picked":"SKIP","floor":8},{"not_picked":["Cold Snap","Reprogram"],"picked":"Biased Cognition+1","floor":10},{"not_picked":["Conserve Battery","Rebound"],"picked":"Sunder","floor":11}],"player_experience":446728,"relics_obtained":[{"floor":7,"key":"Centennial Puzzle"},{"floor":9,"key":"Frozen Egg 2"},{"floor":10,"key":"Pear"}],"event_choices":[{"damage_healed":0,"gold_gain":75,"player_choice":"Gather Gold","damage_taken":11,"max_hp_gain":0,"max_hp_loss":0,"event_name":"World of Goop","floor":12,"gold_loss":0},{"damage_healed":0,"gold_gain":0,"player_choice":"Searched \u00271\u0027 times","damage_taken":0,"relics_obtained":["Incense Burner"],"max_hp_gain":0,"max_hp_loss":0,"event_name":"Dead Adventurer","floor":13,"gold_loss":0}],"is_beta":false,"boss_relics":[],"items_purged_floors":[],"is_endless":false,"potions_floor_spawned":[2,3,5,8,10],"killed_by":"Exordium Thugs","ascension_level":6}