{"gold_per_floor":[114,46,58,25,45,80,100,125,170,170,170,170,185,285,285,382,382,397,414,427,15,25,25],"floor_reached":23,"playtime":2587,"items_purged":[],"score":223,"play_id":"adcf3b8f-310a-48cd-8642-493c9f64a6f4","local_time":"20190615183006","is_ascension_mode":true,"campfire_choices":[{"floor":10,"key":"REST"},{"data":"Storm","floor":12,"key":"SMITH"},{"floor":15,"key":"REST"}],"neow_cost":"NONE","seed_source_timestamp":8351992868697,"circlet_count":0,"master_deck":["Strike_B","Strike_B","Strike_B","Strike_B","Defend_B","Defend_B","Defend_B","Defend_B","Zap","Dualcast","Coolheaded","Defragment","Redo","Capacitor","Defragment+1","White Noise","FTL+1","Storm+1","Redo","Echo Form","Leap+1","Steam","Rip and Tear+1","Loop","Auto Shields","Cold Snap"],"relics":["Cracked Core","The Courier","Letter Opener","Regal Pillow","Nuclear Battery","Mummified Hand","Anchor"],"potions_floor_usage":[8,16,16,20,23],"damage_taken":[{"damage":1,"enemies":"Cultist","floor":1,"turns":4},{"damage":0,"enemies":"Small Slimes","floor":3,"turns":3},{"damage":4,"enemies":"2 Louse","floor":5,"turns":3},{"damage":42,"enemies":"Gremlin Nob","floor":6,"turns":6},{"damage":8,"enemies":"Large Slime","floor":7,"turns":5},{"damage":13,"enemies":"Lagavulin","floor":8,"turns":7},{"damage":14,"enemies":"Red Slaver","floor":13,"turns":2},{"damage":20,"enemies":"Hexaghost","floor":16,"turns":6},{"damage":36,"enemies":"3 Byrds","floor":18,"turns":3},{"damage":0,"enemies":"Spheric Guardian","floor":19,"turns":3},{"damage":15,"enemies":"Cultist and Chosen","floor":20,"turns":5},{"damage":13,"enemies":"Snake Plant","floor":22,"turns":3},{"damage":24,"enemies":"Slavers","floor":23,"turns":1}],"seed_played":"2299231160656263968","potions_obtained":[{"floor":7,"key":"Poison Potion"},{"floor":8,"key":"PowerPotion"},{"floor":13,"key":"Weak Potion"},{"floor":18,"key":"Weak Potion"},{"floor":20,"key":"Fire Potion"},{"floor":22,"key":"LiquidBronze"}],"is_trial":false,"path_per_floor":["M","$","M","$","M","E","M","E","T","R","?","R","M","?","R","B",null,"M","M","M","$","M","E"],"character_chosen":"DEFECT","items_purchased":["Defragment","Capacitor","Mummified Hand","Anchor","Loop","Auto Shields"],"campfire_rested":2,"item_purchase_floors":[2,4,21,21,21,21],"current_hp_per_floor":[81,81,81,81,77,35,27,14,14,53,37,37,23,23,62,42,82,46,46,31,31,18,0],"gold":25,"neow_bonus":"TEN_PERCENT_HP_BONUS","is_prod":false,"is_daily":false,"chose_seed":false,"campfire_upgraded":1,"win_rate":0,"timestamp":1560637806,"path_taken":["M","$","?","$","M","E","?","E","T","R","?","R","M","?","R","BOSS","M","?","M","$","M","E"],"build_version":"2019-01-23","purchased_purges":0,"victory":false,"max_hp_per_floor":[82,82,82,82,82,82,82,82,82,82,82,82,82,82,82,82,82,82,82,82,82,82,82],"card_choices":[{"not_picked":["Compile Driver","Hologram"],"picked":"Coolheaded","floor":1},{"not_picked":["Steam","Stack"],"picked":"Redo","floor":3},{"not_picked":["Hello World","Reprogram"],"picked":"Defragment","floor":5},{"not_picked":["Go for the Eyes","BootSequence"],"picked":"White Noise","floor":6},{"not_picked":["Blizzard","Turbo"],"picked":"FTL","floor":7},{"not_picked":["Rebound","Consume"],"picked":"Storm","floor":8},{"not_picked":["Rip and Tear","Lockon"],"picked":"Redo","floor":13},{"not_picked":["Reboot","All For One"],"picked":"Echo Form","floor":16},{"not_picked":["Heatsinks+1","Ball Lightning"],"picked":"Leap+1","floor":18},{"not_picked":["Rebound","Aggregate+1"],"picked":"Steam","floor":19},{"not_picked":["Compile Driver","Beam Cell"],"picked":"Rip and Tear+1","floor":20},{"not_picked":["Go for the Eyes","Static Discharge"],"picked":"Cold Snap","floor":22}],"player_experience":260976,"relics_obtained":[{"floor":6,"key":"The Courier"},{"floor":8,"key":"Letter Opener"},{"floor":9,"key":"Regal Pillow"}],"event_choices":[{"damage_healed":0,"gold_gain":0,"player_choice":"Entered Light","damage_taken":16,"max_hp_gain":0,"max_hp_loss":0,"event_name":"Shining Light","floor":11,"gold_loss":0,"cards_upgraded":["FTL","Defragment"]},{"damage_healed":0,"gold_gain":100,"player_choice":"Pray","damage_taken":0,"max_hp_gain":0,"max_hp_loss":0,"event_name":"Golden Shrine","floor":14,"gold_loss":0}],"is_beta":false,"boss_relics":[{"not_picked":["Eternal Feather","Lizard Tail"],"picked":"Nuclear Battery"}],"items_purged_floors":[],"is_endless":false,"potions_floor_spawned":[7,8,13,18,20,22],"killed_by":"Slavers","ascension_level":2}