{"gold_per_floor":[114,127,127,138,138,138,14,30,30,60,60,76,96,111,111,213,213,213,213,213,213,213,213,213,213,213,213,70,70,70,70,70,70,70,70,70,70,70,70,70,70,70,70,70,70,70,70,70,70,70],"floor_reached":51,"playtime":1738,"items_purged":["Strike_B"],"score":747,"play_id":"4544824d-429b-4ea0-823d-ac15d3354819","local_time":"20190502003008","is_ascension_mode":false,"campfire_choices":[{"data":"Dualcast","floor":6.0,"key":"SMITH"},{"data":"Zap","floor":11.0,"key":"SMITH"},{"data":"Ball Lightning","floor":15.0,"key":"SMITH"},{"data":"Echo Form","floor":23.0,"key":"SMITH"},{"data":"Defragment","floor":30.0,"key":"SMITH"},{"floor":32.0,"key":"REST"},{"data":"Defragment","floor":40.0,"key":"SMITH"},{"data":"Buffer","floor":42.0,"key":"SMITH"},{"data":"White Noise","floor":46.0,"key":"SMITH"},{"data":"Creative AI","floor":49,"key":"SMITH"}],"neow_cost":"NONE","seed_source_timestamp":958948859289108,"circlet_count":0,"master_deck":["Strike_B","Strike_B+1","Defend_B","Defend_B","Defend_B","Defend_B","Zap+1","Dualcast+1","Ball Lightning+1","Ball Lightning+1","Conserve Battery","Coolheaded","Echo Form+1","Coolheaded+1","White Noise+1","Electrodynamics","Buffer+1","Beam Cell+1","Defragment+1","Glacier","Defragment+1","Leap+1","Conserve Battery+1","Glacier","Creative AI+1"],"special_seed":0,"relics":["Cracked Core","Blood Vial","Centennial Puzzle","Mercury Hourglass","Ectoplasm","Juzu Bracelet","Calipers","Letter Opener","Strawberry","Anchor","Inserter","The Courier"],"potions_floor_usage":[50,50],"damage_taken":[{"damage":0.0,"enemies":"2 Louse","floor":1.0,"turns":2.0},{"damage":6.0,"enemies":"Jaw Worm","floor":2.0,"turns":3.0},{"damage":1.0,"enemies":"Cultist","floor":4.0,"turns":3.0},{"damage":0.0,"enemies":"2 Fungi Beasts","floor":8.0,"turns":2.0},{"damage":13.0,"enemies":"3 Sentries","floor":10.0,"turns":5.0},{"damage":0.0,"enemies":"Looter","floor":12.0,"turns":3.0},{"damage":4.0,"enemies":"Gremlin Gang","floor":13.0,"turns":2.0},{"damage":0.0,"enemies":"2 Fungi Beasts","floor":14.0,"turns":2.0},{"damage":22.0,"enemies":"The Guardian","floor":16.0,"turns":8.0},{"damage":0.0,"enemies":"Spheric Guardian","floor":18.0,"turns":3.0},{"damage":0.0,"enemies":"Chosen","floor":19.0,"turns":3.0},{"damage":0.0,"enemies":"Snecko","floor":20.0,"turns":4.0},{"damage":14.0,"enemies":"Sentry and Sphere","floor":21.0,"turns":5.0},{"damage":9.0,"enemies":"Gremlin Leader","floor":24.0,"turns":5.0},{"damage":18.0,"enemies":"Colosseum Slavers","floor":25.0,"turns":2.0},{"damage":11.0,"enemies":"Colosseum Nobs","floor":25.0,"turns":3.0},{"damage":19.0,"enemies":"Snake Plant","floor":27.0,"turns":3.0},{"damage":5.0,"enemies":"Book of Stabbing","floor":29.0,"turns":5.0},{"damage":10.0,"enemies":"Chosen and Byrds","floor":31.0,"turns":5.0},{"damage":23.0,"enemies":"Collector","floor":33.0,"turns":9.0},{"damage":0.0,"enemies":"3 Shapes","floor":35.0,"turns":3.0},{"damage":0.0,"enemies":"3 Darklings","floor":36.0,"turns":3.0},{"damage":1.0,"enemies":"Spire Growth","floor":37.0,"turns":4.0},{"damage":0.0,"enemies":"4 Shapes","floor":38.0,"turns":3.0},{"damage":0.0,"enemies":"Maw","floor":41.0,"turns":7.0},{"damage":5.0,"enemies":"Spire Growth","floor":44.0,"turns":5.0},{"damage":0.0,"enemies":"Transient","floor":45.0,"turns":5.0},{"damage":0.0,"enemies":"Maw","floor":47.0,"turns":8.0},{"damage":0,"enemies":"Time Eater","floor":50,"turns":12}],"seed_played":"-1898952401498657430","potions_obtained":[{"floor":2.0,"key":"Fire Potion"},{"floor":8.0,"key":"Strength Potion"},{"floor":12.0,"key":"AttackPotion"},{"floor":14.0,"key":"Fruit Juice"},{"floor":18.0,"key":"GamblersBrew"},{"floor":21.0,"key":"Dexterity Potion"},{"floor":27.0,"key":"EssenceOfSteel"},{"floor":36.0,"key":"Explosive Potion"}],"is_trial":false,"path_per_floor":["M","M","?","M","?","R","$","M","T","E","R","M","M","M","R","B",null,"M","M","M","M","?","R","E","?","T","M","$","E","R","M","R","B",null,"M","M","M","M","?","R","M","R","T","M","M","R","M","?","R","B",null],"character_chosen":"DEFECT","items_purchased":["Conserve Battery","Defragment","Glacier"],"campfire_rested":1,"item_purchase_floors":[7,28,28],"current_hp_per_floor":[75,69,69,70,55,55,55,57,57,46,46,48,46,53,53,33,80,80,80,80,66,66,66,59,34,41,24,24,21,21,13,39,18,87,87,87,86,87,87,87,87,87,87,82,84,84,86,86,86,87],"gold":70,"neow_bonus":"RANDOM_COMMON_RELIC","is_prod":false,"is_daily":false,"chose_seed":false,"campfire_upgraded":9,"win_rate":0,"timestamp":1556753408,"path_taken":["M","M","?","M","?","R","$","M","T","E","R","M","M","M","R","BOSS","M","M","M","M","?","R","E","?","T","M","$","E","R","M","R","BOSS","M","M","M","M","?","R","M","R","T","M","M","R","M","?","R","BOSS"],"build_version":"2019-01-23","purchased_purges":1,"victory":true,"max_hp_per_floor":[75,75,75,75,75,75,75,75,75,75,75,75,75,80,80,80,80,80,80,80,80,80,80,80,80,87,87,87,87,87,87,87,87,87,87,87,87,87,87,87,87,87,87,87,87,87,87,87,87,87],"card_choices":[{"not_picked":["Sweeping Beam","Streamline"],"picked":"Ball Lightning","floor":1.0},{"not_picked":["Turbo","Streamline","Sweeping Beam"],"picked":"SKIP","floor":2.0},{"not_picked":["Self Repair","Doom and Gloom"],"picked":"Ball Lightning","floor":4.0},{"not_picked":["Tempest","Rip and Tear","Reboot"],"picked":"SKIP","floor":8.0},{"not_picked":["Hologram","Doom and Gloom","Redo"],"picked":"SKIP","floor":10.0},{"not_picked":["Consume","Reboot"],"picked":"Coolheaded","floor":12.0},{"not_picked":["Redo","Barrage","Go for the Eyes"],"picked":"SKIP","floor":13.0},{"not_picked":["Recycle","Go for the Eyes","Streamline"],"picked":"SKIP","floor":14.0},{"not_picked":["Amplify","Core Surge"],"picked":"Echo Form","floor":16.0},{"not_picked":["Hologram+1","Rebound+1"],"picked":"Coolheaded+1","floor":18.0},{"not_picked":["Compile Driver","Genetic Algorithm+1","Beam Cell"],"picked":"SKIP","floor":19.0},{"not_picked":["Static Discharge","Gash"],"picked":"White Noise","floor":20.0},{"not_picked":["Skim","Rebound"],"picked":"Electrodynamics","floor":21.0},{"not_picked":["Loop","Compile Driver+1"],"picked":"Buffer","floor":24.0},{"not_picked":["Ball Lightning+1","Stack"],"picked":"Beam Cell+1","floor":25.0},{"not_picked":["Melter","Compile Driver+1","Redo"],"picked":"SKIP","floor":27.0},{"not_picked":["Barrage+1","Beam Cell+1","Cold Snap"],"picked":"SKIP","floor":29.0},{"not_picked":["Hologram","Consume"],"picked":"Defragment","floor":31.0},{"not_picked":["Steam+1","Loop","Gash"],"picked":"SKIP","floor":35.0},{"not_picked":["Melter+1","Redo+1"],"picked":"Leap+1","floor":36.0},{"not_picked":["Sweeping Beam+1","Stack+1","Aggregate"],"picked":"SKIP","floor":37.0},{"not_picked":["Fission","Rebound"],"picked":"Conserve Battery+1","floor":38.0},{"not_picked":["Tempest+1","Coolheaded","Heatsinks+1"],"picked":"SKIP","floor":41.0},{"not_picked":["Go for the Eyes+1","Loop","Leap"],"picked":"SKIP","floor":44.0},{"not_picked":["Sweeping Beam","Redo+1"],"picked":"Glacier","floor":45.0},{"not_picked":["Gash+1","Ball Lightning+1","Genetic Algorithm"],"picked":"SKIP","floor":47.0}],"player_experience":1210365,"relics_obtained":[{"floor":9.0,"key":"Centennial Puzzle"},{"floor":10.0,"key":"Mercury Hourglass"},{"floor":24.0,"key":"Juzu Bracelet"},{"floor":25.0,"key":"Calipers"},{"floor":25.0,"key":"Letter Opener"},{"floor":26.0,"key":"Strawberry"},{"floor":29.0,"key":"Anchor"},{"floor":43.0,"key":"The Courier"}],"event_choices":[{"damage_healed":0.0,"max_hp_gain":0.0,"max_hp_loss":0.0,"gold_gain":0.0,"event_name":"The Cleric","player_choice":"Leave","floor":3.0,"gold_loss":0.0,"damage_taken":0.0},{"damage_healed":0.0,"max_hp_gain":0.0,"max_hp_loss":0.0,"gold_gain":0.0,"event_name":"Shining Light","player_choice":"Entered Light","floor":5.0,"gold_loss":0.0,"damage_taken":15.0,"cards_upgraded":["Strike_B","Ball Lightning"]},{"damage_healed":0.0,"max_hp_gain":0.0,"max_hp_loss":0.0,"gold_gain":0.0,"event_name":"Match and Keep!","player_choice":"0 cards matched","floor":22.0,"gold_loss":0.0,"damage_taken":0.0,"cards_obtained":[]},{"damage_healed":0.0,"max_hp_gain":0.0,"max_hp_loss":0.0,"gold_gain":0.0,"event_name":"Colosseum","player_choice":"Fight","floor":25.0,"gold_loss":0.0,"damage_taken":0.0},{"damage_healed":0.0,"max_hp_gain":0.0,"max_hp_loss":0.0,"gold_gain":0.0,"event_name":"Colosseum","player_choice":"Fought Nobs","floor":25.0,"gold_loss":0.0,"damage_taken":0.0},{"damage_healed":0.0,"max_hp_gain":0.0,"max_hp_loss":0.0,"gold_gain":0.0,"event_name":"SensoryStone","player_choice":"Memory 1","floor":39.0,"gold_loss":0.0,"damage_taken":0.0},{"damage_healed":0,"gold_gain":0,"cards_transformed":["Strike_B"],"player_choice":"Transformed","damage_taken":0,"max_hp_gain":0,"max_hp_loss":0,"event_name":"Transmorgrifier","floor":48,"gold_loss":0,"cards_obtained":["Creative AI"]}],"is_beta":false,"boss_relics":[{"not_picked":["Runic Dome","Calling Bell"],"picked":"Ectoplasm"},{"not_picked":["Pandora\u0027s Box","Fusion Hammer"],"picked":"Inserter"}],"items_purged_floors":[7],"is_endless":false,"potions_floor_spawned":[2,8,12,14,18,19,21,27,31,35,36,38,41],"ascension_level":0}