{"gold_per_floor":[111,111,122,122,122,122,133,133,180,180,193,206,234,247,247,344,344,361,436,456,467,315,315,335,335,335,347,347,347,347,358,358,459,459,477,423,423,350,363,363,382,399,399,419,115,130,130,143,143,143],"floor_reached":51,"playtime":1829,"items_purged":["Strike_B"],"score":653,"play_id":"1c9ce04e-4f96-4ac6-a6ed-f1db8457b6f6","local_time":"20190223214124","is_ascension_mode":false,"campfire_choices":[{"data":"Dualcast","floor":6.0,"key":"SMITH"},{"data":"Zap","floor":8.0,"key":"SMITH"},{"data":"Ball Lightning","floor":15.0,"key":"SMITH"},{"data":"Rainbow","floor":23.0,"key":"SMITH"},{"floor":28.0,"key":"REST"},{"data":"Capacitor","floor":30.0,"key":"SMITH"},{"floor":32.0,"key":"REST"},{"data":"Coolheaded","floor":40.0,"key":"SMITH"},{"data":"Conserve Battery","floor":47.0,"key":"SMITH"},{"floor":49,"key":"REST"}],"neow_cost":"NONE","seed_source_timestamp":984346465152588,"circlet_count":0,"master_deck":["Strike_B+1","Strike_B+1","Strike_B+1","Defend_B+1","Defend_B+1","Defend_B+1","Defend_B+1","Zap+1","Dualcast+1","Cold Snap","Iron Wave+1","Conserve Battery+1","Ball Lightning+1","Capacitor+1","Rainbow+1","Chill","BootSequence+1","Defragment+1","Seek","Coolheaded+1","FTL+1","Glacier+1","Creative AI","Seek"],"special_seed":0,"relics":["FrozenCore","Boot","Shuriken","Cursed Key","DataDisk"],"potions_floor_usage":[50,50],"damage_taken":[{"damage":1.0,"enemies":"2 Louse","floor":1.0,"turns":3.0},{"damage":0.0,"enemies":"Cultist","floor":3.0,"turns":4.0},{"damage":0.0,"enemies":"Jaw Worm","floor":7.0,"turns":2.0},{"damage":0.0,"enemies":"Large Slime","floor":11.0,"turns":5.0},{"damage":0.0,"enemies":"Exordium Thugs","floor":12.0,"turns":4.0},{"damage":19.0,"enemies":"Gremlin Nob","floor":13.0,"turns":4.0},{"damage":0.0,"enemies":"3 Louse","floor":14.0,"turns":3.0},{"damage":28.0,"enemies":"The Guardian","floor":16.0,"turns":9.0},{"damage":10.0,"enemies":"3 Byrds","floor":18.0,"turns":4.0},{"damage":14.0,"enemies":"2 Thieves","floor":20.0,"turns":4.0},{"damage":3.0,"enemies":"Centurion and Healer","floor":21.0,"turns":6.0},{"damage":1.0,"enemies":"Snecko","floor":24.0,"turns":5.0},{"damage":9.0,"enemies":"Sentry and Sphere","floor":27.0,"turns":5.0},{"damage":11.0,"enemies":"3 Cultists","floor":31.0,"turns":6.0},{"damage":13.0,"enemies":"Collector","floor":33.0,"turns":10.0},{"damage":0.0,"enemies":"Orb Walker","floor":35.0,"turns":5.0},{"damage":0.0,"enemies":"3 Shapes","floor":39.0,"turns":7.0},{"damage":0.0,"enemies":"Sphere and 2 Shapes","floor":41.0,"turns":8.0},{"damage":6.0,"enemies":"3 Darklings","floor":42.0,"turns":6.0},{"damage":4.0,"enemies":"Transient","floor":44.0,"turns":5.0},{"damage":6.0,"enemies":"4 Shapes","floor":46.0,"turns":8.0},{"damage":1,"enemies":"3 Darklings","floor":48,"turns":7},{"damage":3,"enemies":"Awakened One","floor":50,"turns":16}],"seed_played":"-7902814260493770947","potions_obtained":[{"floor":1.0,"key":"Swift Potion"},{"floor":5.0,"key":"Strength Potion"},{"floor":5.0,"key":"Swift Potion"},{"floor":7.0,"key":"Fire Potion"},{"floor":24.0,"key":"Block Potion"}],"is_trial":false,"path_per_floor":["M","?","M","?","?","R","M","R","T","$","M","M","E","M","R","B",null,"M","?","M","M","$","R","M","?","T","M","R","?","R","M","R","B",null,"M","$","?","$","M","R","M","M","T","M","$","M","R","M","R","B",null],"character_chosen":"DEFECT","items_purchased":["Chill","Coolheaded","FocusPotion","DataDisk","Creative AI"],"campfire_rested":3,"item_purchase_floors":[22,36,38,45,45],"current_hp_per_floor":[74,74,74,74,74,74,74,74,74,74,74,74,55,55,55,27,75,65,58,44,41,41,41,40,40,40,31,53,53,53,42,64,51,75,75,75,75,75,75,75,75,69,69,65,65,59,59,58,75,72],"gold":143,"neow_bonus":"RANDOM_COLORLESS","is_prod":false,"is_daily":false,"chose_seed":false,"campfire_upgraded":7,"win_rate":0,"timestamp":1550958084,"path_taken":["M","?","?","?","?","R","?","R","T","$","M","M","E","M","R","BOSS","M","?","M","M","$","R","?","?","T","M","R","?","R","M","R","BOSS","M","$","?","$","M","R","M","M","T","?","$","?","R","M","R","BOSS"],"build_version":"2019-01-23","purchased_purges":1,"victory":true,"max_hp_per_floor":[75,75,75,75,75,75,75,75,75,75,75,75,75,75,75,75,75,75,75,75,75,75,75,75,75,75,75,75,75,75,75,75,75,75,75,75,75,75,75,75,75,75,75,75,75,75,75,75,75,75],"card_choices":[{"not_picked":["Barrage","Leap"],"picked":"Cold Snap","floor":1.0},{"not_picked":["Tempest","Rebound","Streamline"],"picked":"SKIP","floor":3.0},{"not_picked":["Genetic Algorithm","Leap"],"picked":"Conserve Battery","floor":7.0},{"not_picked":["Compile Driver","Redo"],"picked":"Ball Lightning","floor":11.0},{"not_picked":["Loop","Reprogram","Beam Cell"],"picked":"SKIP","floor":12.0},{"not_picked":["Double Energy","Hyperbeam"],"picked":"Capacitor","floor":13.0},{"not_picked":["Ball Lightning","Sweeping Beam","Steam"],"picked":"SKIP","floor":14.0},{"not_picked":["Multi-Cast","Thunder Strike"],"picked":"Rainbow","floor":16.0},{"not_picked":["Cold Snap+1","Rebound","Doom and Gloom+1"],"picked":"SKIP","floor":18.0},{"not_picked":["Cold Snap+1","Rebound","Redo"],"picked":"SKIP","floor":20.0},{"not_picked":["Redo+1","Stack","Turbo+1"],"picked":"SKIP","floor":21.0},{"not_picked":["Chaos","Darkness","Compile Driver"],"picked":"SKIP","floor":24.0},{"not_picked":["Gash+1","Scrape"],"picked":"BootSequence+1","floor":27.0},{"not_picked":["Go for the Eyes+1","Double Energy"],"picked":"Defragment+1","floor":31.0},{"not_picked":["Biased Cognition","Amplify"],"picked":"Seek","floor":33.0},{"not_picked":["Hologram+1","Sweeping Beam+1","Redo+1"],"picked":"SKIP","floor":35.0},{"not_picked":["Gash+1","Steam","Coolheaded+1"],"picked":"SKIP","floor":39.0},{"not_picked":["Double Energy+1","Chaos"],"picked":"FTL+1","floor":41.0},{"not_picked":["Beam Cell","Auto Shields+1"],"picked":"Glacier+1","floor":42.0},{"not_picked":["Barrage","Sweeping Beam","Rip and Tear+1"],"picked":"SKIP","floor":44.0},{"not_picked":["Go for the Eyes","Streamline","Darkness"],"picked":"SKIP","floor":46.0},{"not_picked":["Redo+1","Reprogram+1"],"picked":"Seek","floor":48}],"player_experience":1063584,"relics_obtained":[{"floor":9.0,"key":"Boot"},{"floor":13.0,"key":"Shuriken"}],"event_choices":[{"cards_removed":["Purity"],"damage_healed":0.0,"max_hp_gain":0.0,"max_hp_loss":0.0,"gold_gain":0.0,"event_name":"NoteForYourself","player_choice":"Took Card","floor":2.0,"gold_loss":0.0,"damage_taken":0.0,"cards_obtained":["Iron Wave"]},{"damage_healed":0.0,"max_hp_gain":0.0,"max_hp_loss":0.0,"gold_gain":0.0,"event_name":"Living Wall","player_choice":"Grow","floor":4.0,"gold_loss":0.0,"damage_taken":0.0,"cards_upgraded":["Iron Wave"]},{"damage_healed":0.0,"max_hp_gain":0.0,"max_hp_loss":0.0,"gold_gain":0.0,"event_name":"Lab","player_choice":"Got Potions","floor":5.0,"gold_loss":0.0,"damage_taken":0.0},{"damage_healed":0.0,"max_hp_gain":0.0,"max_hp_loss":0.0,"gold_gain":75.0,"event_name":"FaceTrader","player_choice":"Touch","floor":19.0,"gold_loss":0.0,"damage_taken":7.0},{"damage_healed":0.0,"max_hp_gain":0.0,"max_hp_loss":0.0,"gold_gain":0.0,"event_name":"Back to Basics","player_choice":"Simplicity","floor":25.0,"gold_loss":0.0,"damage_taken":0.0,"cards_upgraded":["Strike_B","Strike_B","Strike_B","Defend_B","Defend_B","Defend_B","Defend_B"]},{"damage_healed":0.0,"max_hp_gain":0.0,"max_hp_loss":0.0,"gold_gain":0.0,"event_name":"Cursed Tome","player_choice":"Ignored","floor":29.0,"gold_loss":0.0,"damage_taken":0.0},{"damage_healed":0.0,"max_hp_gain":0.0,"max_hp_loss":0.0,"gold_gain":0.0,"event_name":"SecretPortal","player_choice":"Ignored","floor":37.0,"gold_loss":0.0,"damage_taken":0.0}],"is_beta":false,"boss_relics":[{"not_picked":["Lizard Tail","White Beast Statue"],"picked":"Cursed Key"},{"not_picked":["Sozu","Runic Pyramid"],"picked":"FrozenCore"}],"items_purged_floors":[22],"is_endless":false,"potions_floor_spawned":[1,7,16,20,24,33,39,41],"ascension_level":0}