{"gold_per_floor":[115,115,131,131,131,131,131,131,206,233,233,251,326,339,339,436,436,436,361,361,361,361,361,361,361,361,361,361,361,140,140,140,140],"floor_reached":33,"playtime":1024,"items_purged":["Strike_B"],"score":292,"play_id":"a91a4ed8-0b17-4ece-b6c8-c3848732f602","local_time":"20190515202312","is_ascension_mode":false,"campfire_choices":[{"data":"Dualcast","floor":6.0,"key":"SMITH"},{"data":"Defragment","floor":8.0,"key":"SMITH"},{"data":"Zap","floor":11.0,"key":"SMITH"},{"data":"Melter","floor":15.0,"key":"SMITH"},{"data":"Cold Snap","floor":23.0,"key":"SMITH"},{"data":"Buffer","floor":29.0,"key":"SMITH"},{"data":"Conserve Battery","floor":32,"key":"SMITH"}],"neow_cost":"NONE","seed_source_timestamp":0,"circlet_count":0,"master_deck":["Strike_B","Strike_B","Defend_B","Defend_B","Defend_B","Defend_B","Zap+1","Dualcast+1","Defragment+1","Conserve Battery+1","Cold Snap+1","Chill","Melter+1","Coolheaded+1","Buffer+1","Beam Cell+1","Seek+1"],"special_seed":0,"relics":["Cracked Core","Pear","Anchor","Ectoplasm","Gambling Chip","Mercury Hourglass","MutagenicStrength","Toxic Egg 2","Boot"],"potions_floor_usage":[],"damage_taken":[{"damage":0.0,"enemies":"Small Slimes","floor":1.0,"turns":2.0},{"damage":6.0,"enemies":"2 Louse","floor":3.0,"turns":2.0},{"damage":9.0,"enemies":"Lagavulin","floor":10.0,"turns":6.0},{"damage":0.0,"enemies":"Jaw Worm","floor":12.0,"turns":2.0},{"damage":0.0,"enemies":"Lots of Slimes","floor":14.0,"turns":5.0},{"damage":18.0,"enemies":"The Guardian","floor":16.0,"turns":10.0},{"damage":0.0,"enemies":"Spheric Guardian","floor":18.0,"turns":3.0},{"damage":3.0,"enemies":"2 Thieves","floor":19.0,"turns":5.0},{"damage":0.0,"enemies":"Chosen and Byrds","floor":20.0,"turns":5.0},{"damage":6.0,"enemies":"Colosseum Slavers","floor":21.0,"turns":4.0},{"damage":34.0,"enemies":"Colosseum Nobs","floor":21.0,"turns":7.0},{"damage":6.0,"enemies":"Snake Plant","floor":24.0,"turns":3.0},{"damage":13.0,"enemies":"Slavers","floor":25.0,"turns":6.0},{"damage":0.0,"enemies":"3 Cultists","floor":27.0,"turns":5.0},{"damage":0.0,"enemies":"Centurion and Healer","floor":28.0,"turns":7.0},{"damage":0,"enemies":"Shelled Parasite and Fungi","floor":31,"turns":6},{"damage":0,"enemies":"Collector","floor":33,"turns":9}],"seed_played":"-9187583605315315433","potions_obtained":[{"floor":12.0,"key":"Block Potion"},{"floor":14.0,"key":"SkillPotion"},{"floor":19.0,"key":"FocusPotion"},{"floor":20.0,"key":"Fruit Juice"},{"floor":21.0,"key":"Swift Potion"},{"floor":31,"key":"Fire Potion"}],"is_trial":false,"path_per_floor":["M","?","M","$","?","R","?","R","T","E","R","M","?","M","R","B",null,"M","M","M","?","?","R","M","E","T","M","M","R","$","M","R","B"],"character_chosen":"DEFECT","items_purchased":["Seek+1"],"campfire_rested":0,"item_purchase_floors":[30],"current_hp_per_floor":[75,68,62,62,62,62,62,62,72,63,63,63,52,52,52,34,85,85,82,87,47,47,47,41,28,28,28,28,28,28,28,28,28],"gold":140,"neow_bonus":"THREE_CARDS","is_prod":false,"is_daily":false,"chose_seed":false,"campfire_upgraded":7,"win_rate":0,"timestamp":1557948192,"path_taken":["M","?","M","$","?","R","?","R","T","E","R","M","?","?","R","BOSS","M","M","?","?","?","R","M","E","T","M","M","R","$","M","R","BOSS"],"build_version":"2019-01-23","purchased_purges":1,"victory":false,"max_hp_per_floor":[75,75,75,75,75,75,75,75,85,85,85,85,85,85,85,85,85,85,85,90,90,90,90,90,90,90,90,90,90,90,90,90,90],"card_choices":[{"not_picked":["Fusion","Cold Snap"],"picked":"Defragment","floor":0.0},{"not_picked":["Cold Snap","Steam"],"picked":"Conserve Battery","floor":1.0},{"not_picked":["Lockon","Ball Lightning"],"picked":"Cold Snap","floor":3.0},{"not_picked":["Hello World","Redo","Darkness"],"picked":"SKIP","floor":10.0},{"not_picked":["Turbo","Beam Cell"],"picked":"Chill","floor":12.0},{"not_picked":["Hologram","Core Surge"],"picked":"Melter","floor":14.0},{"not_picked":["Hello World+1","Loop","Self Repair"],"picked":"SKIP","floor":18.0},{"not_picked":["Darkness","Stack","Undo"],"picked":"SKIP","floor":19.0},{"not_picked":["Ball Lightning","Sweeping Beam+1","Stack"],"picked":"SKIP","floor":20.0},{"not_picked":["Ball Lightning","Skim"],"picked":"Coolheaded+1","floor":24.0},{"not_picked":["Sweeping Beam","Meteor Strike","Buffer"],"picked":"SKIP","floor":25.0},{"not_picked":["Sweeping Beam","Meteor Strike"],"picked":"Buffer","floor":25.0},{"not_picked":["Skim+1","Sweeping Beam+1","Cold Snap"],"picked":"SKIP","floor":27.0},{"not_picked":["Ball Lightning","Compile Driver"],"picked":"Beam Cell+1","floor":28.0},{"not_picked":["Steam+1","Loop","Cold Snap+1"],"picked":"SKIP","floor":31}],"player_experience":1236994,"relics_obtained":[{"floor":9.0,"key":"Pear"},{"floor":10.0,"key":"Anchor"},{"floor":21.0,"key":"Gambling Chip"},{"floor":21.0,"key":"Mercury Hourglass"},{"floor":25.0,"key":"Toxic Egg 2"},{"floor":26.0,"key":"Boot"}],"event_choices":[{"cards_removed":["Strike_B"],"damage_healed":0.0,"max_hp_gain":0.0,"max_hp_loss":0.0,"gold_gain":0.0,"event_name":"Golden Wing","player_choice":"Card Removal","floor":2.0,"gold_loss":0.0,"damage_taken":7.0},{"damage_healed":0.0,"max_hp_gain":0.0,"max_hp_loss":0.0,"gold_gain":0.0,"event_name":"The Cleric","player_choice":"Leave","floor":5.0,"gold_loss":0.0,"damage_taken":0.0},{"damage_healed":0.0,"max_hp_gain":0.0,"max_hp_loss":0.0,"gold_gain":0.0,"event_name":"Dead Adventurer","player_choice":"Searched \u00270\u0027 times","floor":7.0,"gold_loss":0.0,"damage_taken":0.0},{"damage_healed":0.0,"max_hp_gain":0.0,"max_hp_loss":0.0,"gold_gain":75.0,"event_name":"World of Goop","player_choice":"Gather Gold","floor":13.0,"gold_loss":0.0,"damage_taken":11.0},{"damage_healed":0.0,"max_hp_gain":0.0,"max_hp_loss":0.0,"gold_gain":0.0,"event_name":"Colosseum","player_choice":"Fight","floor":21.0,"gold_loss":0.0,"damage_taken":0.0},{"damage_healed":0.0,"max_hp_gain":0.0,"max_hp_loss":0.0,"gold_gain":0.0,"event_name":"Colosseum","player_choice":"Fought Nobs","floor":21.0,"gold_loss":0.0,"damage_taken":0.0},{"damage_healed":0.0,"max_hp_gain":0.0,"max_hp_loss":0.0,"gold_gain":0.0,"event_name":"Drug Dealer","player_choice":"Inject Mutagens","floor":22.0,"gold_loss":0.0,"damage_taken":0.0,"relics_obtained":["MutagenicStrength"]}],"is_beta":false,"boss_relics":[{"not_picked":["Pandora\u0027s Box","Fusion Hammer"],"picked":"Ectoplasm"}],"items_purged_floors":[30],"is_endless":false,"potions_floor_spawned":[12,14,19,20,21,21,31],"killed_by":"Collector","ascension_level":0}