{"gold_per_floor":[115,65,65,65,78,107,107,32,32,62,62,62,62,87,87,160,160,175,192,192,2,2,34,34,68,68,97,107,140,150,167,167,242,242,256,276,292,17,35,66,66,94,148,175,194,214,243,261,261,261,261,261,11,36,36],"floor_reached":56,"playtime":2614,"items_purged":["Choke","Noxious Fumes+1","Backstab+1"],"score":3050,"play_id":"ff8ded45-e072-4d8e-98fb-24e1ede6f906","local_time":"20190622065727","daily_mods":["SealedDeck"],"is_ascension_mode":true,"campfire_choices":[{"data":"Tactician","floor":11.0,"key":"SMITH"},{"data":"Well Laid Plans","floor":13.0,"key":"SMITH"},{"data":"Acrobatics","floor":15.0,"key":"SMITH"},{"data":"Backflip","floor":24.0,"key":"SMITH"},{"floor":32.0,"key":"RECALL"},{"floor":49.0,"key":"REST"},{"floor":52.0,"key":"REST"}],"neow_cost":"","seed_source_timestamp":0,"circlet_count":0,"master_deck":["AscendersBane","Tactician+1","Well Laid Plans+1","Acrobatics+1","Backflip+1","Gash+1","Gash+1","Flex+1"],"special_seed":0,"relics":["Ring of the Snake","Bronze Scales","Blue Candle","Happy Flower","Empty Cage","PrismaticShard","Bag of Marbles","Smiling Mask","Potion Belt","Red Mask","Juzu Bracelet","Fusion Hammer","Membership Card","Whetstone","Meat on the Bone","Anchor","Mango","Boot","Oddly Smooth Stone","Medical Kit","Bag of Preparation"],"potions_floor_usage":[55,55,55],"damage_taken":[{"damage":0.0,"enemies":"Jaw Worm","floor":1.0,"turns":1.0},{"damage":0.0,"enemies":"2 Louse","floor":5.0,"turns":2.0},{"damage":0.0,"enemies":"Lagavulin","floor":6.0,"turns":2.0},{"damage":0.0,"enemies":"3 Sentries","floor":10.0,"turns":1.0},{"damage":0.0,"enemies":"Lagavulin","floor":14.0,"turns":1.0},{"damage":0.0,"enemies":"Slime Boss","floor":16.0,"turns":1.0},{"damage":0.0,"enemies":"Shell Parasite","floor":18.0,"turns":1.0},{"damage":0.0,"enemies":"Chosen","floor":19.0,"turns":1.0},{"damage":0.0,"enemies":"Gremlin Leader","floor":23.0,"turns":1.0},{"damage":0.0,"enemies":"Book of Stabbing","floor":25.0,"turns":1.0},{"damage":0.0,"enemies":"Masked Bandits","floor":27.0,"turns":1.0},{"damage":0.0,"enemies":"Centurion and Healer","floor":28.0,"turns":1.0},{"damage":0.0,"enemies":"Gremlin Leader","floor":29.0,"turns":1.0},{"damage":0.0,"enemies":"Snake Plant","floor":30.0,"turns":1.0},{"damage":0.0,"enemies":"3 Cultists","floor":31.0,"turns":2.0},{"damage":0.0,"enemies":"Automaton","floor":33.0,"turns":1.0},{"damage":0.0,"enemies":"Orb Walker","floor":35.0,"turns":1.0},{"damage":0.0,"enemies":"3 Darklings","floor":36.0,"turns":1.0},{"damage":0.0,"enemies":"Transient","floor":37.0,"turns":5.0},{"damage":0.0,"enemies":"4 Shapes","floor":39.0,"turns":1.0},{"damage":0.0,"enemies":"Giant Head","floor":40.0,"turns":1.0},{"damage":0.0,"enemies":"Reptomancer","floor":42.0,"turns":1.0},{"damage":0.0,"enemies":"Nemesis","floor":44.0,"turns":1.0},{"damage":0.0,"enemies":"Jaw Worm Horde","floor":45.0,"turns":1.0},{"damage":0.0,"enemies":"Transient","floor":46.0,"turns":5.0},{"damage":0.0,"enemies":"Giant Head","floor":47.0,"turns":1.0},{"damage":0.0,"enemies":"Writhing Mass","floor":48.0,"turns":2.0},{"damage":0.0,"enemies":"Time Eater","floor":50.0,"turns":3.0},{"damage":0.0,"enemies":"Shield and Spear","floor":54.0,"turns":1.0},{"damage":0,"enemies":"The Heart","floor":55,"turns":3}],"seed_played":"6551542524823936177","potions_obtained":[{"floor":5.0,"key":"Swift Potion"},{"floor":10.0,"key":"GhostInAJar"},{"floor":29.0,"key":"Swift Potion"},{"floor":31.0,"key":"Strength Potion"},{"floor":33.0,"key":"GhostInAJar"}],"is_trial":true,"path_per_floor":["M","$","?","?","M","E","?","$","T","E","R","?","R","E","R","B",null,"M","M","?","$","?","E","R","E","T","?","M","E","M","M","R","B",null,"M","M","M","$","M","E","?","E","T","E","M","M","E","M","R","B",null,"R","$","E","B",null],"character_chosen":"THE_SILENT","items_purchased":["Backflip","PrismaticShard","Membership Card","SteroidPotion","Oddly Smooth Stone","Medical Kit","PowerPotion"],"campfire_rested":2,"item_purchase_floors":[2,21,38,38,53,53,53],"current_hp_per_floor":[59,59,59,59,59,59,39,39,39,39,39,32,32,32,32,32,58,58,58,58,58,58,58,58,58,58,58,58,58,58,58,58,58,64,64,64,64,64,64,64,64,64,64,78,78,78,78,78,80,80,80,80,80,80,80],"gold":36,"neow_bonus":"","is_prod":false,"is_daily":false,"chose_seed":false,"campfire_upgraded":4,"win_rate":0,"timestamp":1561157847,"path_taken":["M","$","?","?","M","E","?","$","T","E","R","?","R","E","R","BOSS","M","M","?","$","?","E","R","E","T","?","M","E","M","M","R","BOSS","M","M","M","$","M","E","?","E","T","E","M","M","E","M","R","BOSS","R","$","E","BOSS"],"build_version":"2019-01-23","purchased_purges":3,"victory":true,"max_hp_per_floor":[66,66,66,66,66,66,66,66,66,66,66,66,66,66,66,66,66,66,66,66,66,66,66,66,66,66,66,66,66,66,66,66,66,66,66,66,66,66,66,66,66,66,66,80,80,80,80,80,80,80,80,80,80,80,80],"card_choices":[{"not_picked":["Quick Slash","Catalyst"],"picked":"Deflect","floor":1.0},{"not_picked":["Prepared","Dodge and Roll","Flying Knee"],"picked":"SKIP","floor":5.0},{"not_picked":["Infinite Blades","Bouncing Flask","Concentrate"],"picked":"SKIP","floor":6.0},{"not_picked":["PiercingWail","Noxious Fumes","Underhanded Strike"],"picked":"SKIP","floor":10.0},{"not_picked":["Distraction","Footwork","Flying Knee"],"picked":"SKIP","floor":14.0},{"not_picked":["Blade Dance","Escape Plan","Distraction+1"],"picked":"SKIP","floor":18.0},{"not_picked":["Concentrate","Dagger Throw","Bouncing Flask"],"picked":"SKIP","floor":19.0},{"not_picked":["Bloodletting","Phantasmal Killer","Blur"],"picked":"SKIP","floor":23.0},{"not_picked":["Uppercut","Cleave","Caltrops"],"picked":"SKIP","floor":25.0},{"not_picked":["Undo","BootSequence","Dodge and Roll"],"picked":"SKIP","floor":28.0},{"not_picked":["Conserve Battery","Redo","Cold Snap+1"],"picked":"SKIP","floor":29.0},{"not_picked":["BootSequence+1","Sucker Punch"],"picked":"Gash+1","floor":30.0},{"not_picked":["Slice","Ball Lightning","Perfected Strike"],"picked":"SKIP","floor":31.0},{"not_picked":["Cold Snap+1","Clash","Endless Agony"],"picked":"SKIP","floor":35.0},{"not_picked":["Clothesline+1","Scrape","Auto Shields"],"picked":"SKIP","floor":36.0},{"not_picked":["Twin Strike","Transmutation","Trip"],"picked":"SKIP","floor":37.0},{"not_picked":["Wild Strike+1","Catalyst"],"picked":"Gash+1","floor":39.0},{"not_picked":["Sever Soul","Dropkick","Sucker Punch"],"picked":"SKIP","floor":40.0},{"not_picked":["Compile Driver","Heavy Blade+1","Eviscerate"],"picked":"SKIP","floor":42.0},{"not_picked":["Go for the Eyes","Force Field","Footwork"],"picked":"SKIP","floor":44.0},{"not_picked":["Finisher","Prepared+1","Dagger Throw"],"picked":"SKIP","floor":45.0},{"not_picked":["Finisher","Prepared+1","Dagger Throw"],"picked":"SKIP","floor":45.0},{"not_picked":["Flying Knee","Prepared","Gash"],"picked":"SKIP","floor":46.0},{"not_picked":["Beam Cell","Choke","Streamline"],"picked":"SKIP","floor":47.0},{"not_picked":["Reinforced Body+1","Warcry","Well Laid Plans"],"picked":"SKIP","floor":48.0},{"not_picked":["Steam+1","Thunderclap"],"picked":"Flex+1","floor":54.0}],"player_experience":2971049,"relics_obtained":[{"floor":6.0,"key":"Bronze Scales"},{"floor":10.0,"key":"Blue Candle"},{"floor":14.0,"key":"Happy Flower"},{"floor":23.0,"key":"Bag of Marbles"},{"floor":25.0,"key":"Smiling Mask"},{"floor":26.0,"key":"Potion Belt"},{"floor":27.0,"key":"Red Mask"},{"floor":29.0,"key":"Juzu Bracelet"},{"floor":40.0,"key":"Whetstone"},{"floor":42.0,"key":"Meat on the Bone"},{"floor":43.0,"key":"Anchor"},{"floor":44.0,"key":"Mango"},{"floor":47.0,"key":"Boot"},{"floor":54.0,"key":"Bag of Preparation"}],"event_choices":[{"cards_removed":["Crippling Poison"],"damage_healed":0.0,"max_hp_gain":0.0,"max_hp_loss":0.0,"gold_gain":0.0,"event_name":"Living Wall","player_choice":"Forget","floor":3.0,"gold_loss":0.0,"damage_taken":0.0},{"damage_healed":0.0,"max_hp_gain":0.0,"max_hp_loss":0.0,"gold_gain":0.0,"event_name":"The Cleric","player_choice":"Leave","floor":4.0,"gold_loss":0.0,"damage_taken":0.0},{"damage_healed":0.0,"max_hp_gain":0.0,"max_hp_loss":0.0,"gold_gain":0.0,"event_name":"Shining Light","player_choice":"Entered Light","floor":7.0,"gold_loss":0.0,"damage_taken":20.0,"cards_upgraded":["Underhanded Strike","Noxious Fumes"]},{"cards_removed":["Caltrops"],"damage_healed":0.0,"max_hp_gain":0.0,"max_hp_loss":0.0,"gold_gain":0.0,"event_name":"Golden Wing","player_choice":"Card Removal","floor":12.0,"gold_loss":0.0,"damage_taken":7.0},{"damage_healed":0.0,"max_hp_gain":0.0,"max_hp_loss":0.0,"gold_gain":0.0,"event_name":"Vampires","player_choice":"Ignored","floor":20.0,"gold_loss":0.0,"damage_taken":0.0},{"damage_healed":0.0,"max_hp_gain":0.0,"max_hp_loss":0.0,"gold_gain":0.0,"event_name":"Ghosts","player_choice":"Ignored","floor":22.0,"gold_loss":0.0,"damage_taken":0.0},{"damage_healed":0.0,"max_hp_gain":0.0,"max_hp_loss":0.0,"gold_gain":0.0,"event_name":"Masked Bandits","player_choice":"Fought Bandits","floor":27.0,"gold_loss":0.0,"damage_taken":0.0},{"cards_removed":["Underhanded Strike"],"damage_healed":0.0,"max_hp_gain":0.0,"max_hp_loss":0.0,"gold_gain":0.0,"event_name":"Falling","player_choice":"Removed Attack","floor":41.0,"gold_loss":0.0,"damage_taken":0.0}],"is_beta":false,"boss_relics":[{"not_picked":["Calling Bell","Lizard Tail"],"picked":"Empty Cage"},{"not_picked":["Philosopher\u0027s Stone","Cursed Key"],"picked":"Fusion Hammer"}],"items_purged_floors":[8,38,53],"is_endless":false,"potions_floor_spawned":[5,10,14,18,19,25,29,31,33,35,39,44,45,47],"ascension_level":15}