{"gold_per_floor":[114,132,143,155,155,181,181,199,199,230,244,244,256,270,270,366,366,353,353,453,453,453],"floor_reached":22,"playtime":1637,"items_purged":[],"score":218,"play_id":"4aeb3ab9-173d-498f-92ed-059a356fa063","local_time":"20190611213925","is_ascension_mode":true,"campfire_choices":[{"floor":7,"key":"REST"},{"floor":12,"key":"REST"},{"floor":15,"key":"REST"}],"neow_cost":"CURSE","seed_source_timestamp":5355133682267979,"circlet_count":0,"master_deck":["Defend_G","Defend_G","Defend_G","Defend_G","Defend_G","Strike_G","Strike_G","Strike_G","Strike_G","Survivor","Neutralize","Parasite","Calculated Gamble","Prepared","Caltrops","Infinite Blades","Phantasmal Killer","Crippling Poison","Catalyst","PiercingWail","Unload","Tactician","Burst","Slice+1","RitualDagger","Prepared"],"relics":["Ring of the Snake","WingedGreaves","Regal Pillow","Frozen Egg 2","Vajra","Busted Crown","Du-Vu Doll","Pantograph","Molten Egg 2"],"potions_floor_usage":[6,6,16,20,20,22],"damage_taken":[{"damage":5,"enemies":"Cultist","floor":1,"turns":5},{"damage":2,"enemies":"2 Louse","floor":2,"turns":3},{"damage":10,"enemies":"Jaw Worm","floor":3,"turns":5},{"damage":1,"enemies":"Exordium Wildlife","floor":4,"turns":6},{"damage":41,"enemies":"Gremlin Nob","floor":6,"turns":5},{"damage":5,"enemies":"Red Slaver","floor":8,"turns":4},{"damage":27,"enemies":"3 Sentries","floor":10,"turns":7},{"damage":4,"enemies":"2 Fungi Beasts","floor":11,"turns":4},{"damage":2,"enemies":"Blue Slaver","floor":13,"turns":6},{"damage":0,"enemies":"3 Louse","floor":14,"turns":4},{"damage":27,"enemies":"Slime Boss","floor":16,"turns":12},{"damage":14,"enemies":"2 Thieves","floor":18,"turns":4},{"damage":15,"enemies":"Colosseum Slavers","floor":20,"turns":6},{"damage":29,"enemies":"Colosseum Nobs","floor":20,"turns":8},{"damage":8,"enemies":"Spheric Guardian","floor":22,"turns":2}],"seed_played":"572616362539648171","potions_obtained":[{"floor":1,"key":"Strength Potion"},{"floor":3,"key":"Swift Potion"},{"floor":10,"key":"EntropicBrew"},{"floor":13,"key":"SteroidPotion"}],"is_trial":false,"path_per_floor":["M","M","M","M","?","E","R","M","T","E","M","R","M","M","R","B",null,"M","?","?","T","M"],"character_chosen":"THE_SILENT","items_purchased":[],"campfire_rested":3,"item_purchase_floors":[],"current_hp_per_floor":[65,63,53,52,45,4,40,35,35,8,4,40,38,38,70,43,70,56,50,6,6,0],"gold":453,"neow_bonus":"ONE_RARE_RELIC","is_prod":false,"is_daily":false,"chose_seed":false,"campfire_upgraded":0,"win_rate":0,"timestamp":1560303565,"path_taken":["M","M","M","M","?","E","R","M","T","E","M","R","M","M","R","BOSS","M","?","?","?","M"],"build_version":"2019-01-23","purchased_purges":0,"victory":false,"max_hp_per_floor":[70,70,70,70,70,70,70,70,70,70,70,70,70,70,70,70,70,70,70,70,70,70],"card_choices":[{"not_picked":["Underhanded Strike","Tactician"],"picked":"Calculated Gamble","floor":1},{"not_picked":["Flying Knee","Deflect"],"picked":"Prepared","floor":2},{"not_picked":["Deadly Poison","Quick Slash"],"picked":"Caltrops","floor":3},{"not_picked":["Tactician","Underhanded Strike"],"picked":"Infinite Blades","floor":4},{"not_picked":["Eviscerate","Slice"],"picked":"Phantasmal Killer","floor":6},{"not_picked":["Poisoned Stab","Dagger Spray"],"picked":"Crippling Poison","floor":8},{"not_picked":["Choke","Flying Knee"],"picked":"Catalyst","floor":10},{"not_picked":["Reflex","Slice"],"picked":"PiercingWail","floor":11},{"not_picked":["Deadly Poison","Endless Agony"],"picked":"Unload","floor":13},{"not_picked":["Choke","Acrobatics"],"picked":"Tactician","floor":14},{"not_picked":["Malaise","Venomology"],"picked":"Burst","floor":16},{"not_picked":[],"picked":"Slice+1","floor":18},{"not_picked":[],"picked":"Prepared","floor":20}],"player_experience":227770,"relics_obtained":[{"floor":6,"key":"Regal Pillow"},{"floor":9,"key":"Frozen Egg 2"},{"floor":10,"key":"Vajra"},{"floor":20,"key":"Du-Vu Doll"},{"floor":20,"key":"Pantograph"},{"floor":21,"key":"Molten Egg 2"}],"event_choices":[{"cards_removed":["Strike_G"],"damage_healed":0,"gold_gain":0,"player_choice":"Card Removal","damage_taken":7,"max_hp_gain":0,"max_hp_loss":0,"event_name":"Golden Wing","floor":5,"gold_loss":0},{"damage_healed":0,"gold_gain":0,"player_choice":"Joined the Cult","damage_taken":6,"max_hp_gain":0,"max_hp_loss":0,"event_name":"Nest","floor":19,"gold_loss":0,"cards_obtained":["RitualDagger"]},{"damage_healed":0,"gold_gain":0,"player_choice":"Fight","damage_taken":0,"max_hp_gain":0,"max_hp_loss":0,"event_name":"Colosseum","floor":20,"gold_loss":0},{"damage_healed":0,"gold_gain":0,"player_choice":"Fought Nobs","damage_taken":0,"max_hp_gain":0,"max_hp_loss":0,"event_name":"Colosseum","floor":20,"gold_loss":0}],"is_beta":false,"boss_relics":[{"not_picked":["Runic Dome","WristBlade"],"picked":"Busted Crown"}],"items_purged_floors":[],"is_endless":false,"potions_floor_spawned":[1,3,10,13,20],"killed_by":"Spheric Guardian","ascension_level":2}