{"gold_per_floor":[117,135,135,153,167,194,194,204,284,614,625,625,638,653,653,653],"floor_reached":16,"playtime":1339,"items_purged":[],"score":128,"play_id":"301a5148-a818-48d8-8ed5-f788f57b0ca3","local_time":"20190617235833","is_ascension_mode":true,"campfire_choices":[{"data":"Wraith Form v2","floor":7,"key":"SMITH"},{"data":"Concentrate","floor":15,"key":"SMITH"}],"neow_cost":"NONE","seed_source_timestamp":181167764303300,"circlet_count":0,"master_deck":["Defend_G","Defend_G","Defend_G","Defend_G","Strike_G","Strike_G","Strike_G","Strike_G","Strike_G","Survivor","Neutralize","Grand Finale","Dagger Throw","Backstab+1","Prepared","Quick Slash","Wraith Form v2+1","Backstab","Backstab","Concentrate+1","Acrobatics"],"relics":["Ring of the Snake","Orichalcum","Frozen Egg 2","Old Coin"],"potions_floor_usage":[10,16,16],"damage_taken":[{"damage":8,"enemies":"Cultist","floor":1,"turns":5},{"damage":0,"enemies":"2 Louse","floor":2,"turns":3},{"damage":0,"enemies":"Jaw Worm","floor":4,"turns":4},{"damage":3,"enemies":"Looter","floor":5,"turns":3},{"damage":22,"enemies":"Lagavulin","floor":6,"turns":8},{"damage":8,"enemies":"Blue Slaver","floor":8,"turns":3},{"damage":4,"enemies":"Gremlin Nob","floor":10,"turns":6},{"damage":0,"enemies":"Exordium Wildlife","floor":11,"turns":2},{"damage":0,"enemies":"3 Louse","floor":13,"turns":1},{"damage":0,"enemies":"Gremlin Gang","floor":14,"turns":5},{"damage":26,"enemies":"Hexaghost","floor":16,"turns":9}],"seed_played":"-2963481618398469582","potions_obtained":[{"floor":2,"key":"SneckoOil"},{"floor":5,"key":"EssenceOfSteel"},{"floor":6,"key":"Weak Potion"},{"floor":13,"key":"Poison Potion"},{"floor":14,"key":"SpeedPotion"}],"is_trial":false,"path_per_floor":["M","M","?","M","M","E","R","M","T","E","M","?","M","M","R","B"],"character_chosen":"THE_SILENT","items_purchased":[],"campfire_rested":0,"item_purchase_floors":[],"current_hp_per_floor":[62,62,62,62,59,37,37,29,29,25,25,25,25,25,25,0],"gold":653,"neow_bonus":"ONE_RANDOM_RARE_CARD","is_prod":false,"is_daily":false,"chose_seed":false,"campfire_upgraded":2,"win_rate":0,"timestamp":1560833913,"path_taken":["M","M","?","M","M","E","R","M","T","E","M","?","M","M","R","BOSS"],"build_version":"2019-01-23","purchased_purges":0,"victory":false,"max_hp_per_floor":[70,70,70,70,70,70,70,70,70,70,70,70,70,70,70,70],"card_choices":[{"not_picked":["Sucker Punch","Crippling Poison"],"picked":"Dagger Throw","floor":1},{"not_picked":["Poisoned Stab","Heel Hook"],"picked":"Backstab","floor":2},{"not_picked":["Flying Knee","Slice"],"picked":"Prepared","floor":4},{"not_picked":["Cloak And Dagger","Blade Dance"],"picked":"Quick Slash","floor":5},{"not_picked":["Flechettes","Quick Slash"],"picked":"Wraith Form v2","floor":6},{"not_picked":["Dagger Spray","Crippling Poison","Deadly Poison"],"picked":"SKIP","floor":8},{"not_picked":["Outmaneuver","Sucker Punch"],"picked":"Backstab","floor":10},{"not_picked":["Slice","Prepared"],"picked":"Backstab","floor":11},{"not_picked":["Blade Dance","Dodge and Roll"],"picked":"Concentrate","floor":13},{"not_picked":["Flying Knee","Bouncing Flask"],"picked":"Acrobatics","floor":14}],"player_experience":116124,"relics_obtained":[{"floor":6,"key":"Orichalcum"},{"floor":9,"key":"Frozen Egg 2"},{"floor":10,"key":"Old Coin"}],"event_choices":[{"cards_removed":["Defend_G"],"damage_healed":0,"gold_gain":0,"player_choice":"Forget","damage_taken":0,"max_hp_gain":0,"max_hp_loss":0,"event_name":"Living Wall","floor":3,"gold_loss":0},{"damage_healed":0,"gold_gain":0,"player_choice":"Upgraded","damage_taken":0,"max_hp_gain":0,"max_hp_loss":0,"event_name":"Upgrade Shrine","floor":12,"gold_loss":0,"cards_upgraded":["Backstab"]}],"is_beta":false,"boss_relics":[],"items_purged_floors":[],"is_endless":false,"potions_floor_spawned":[2,5,6,13,14],"killed_by":"Hexaghost","ascension_level":2}