{"gold_per_floor":[115,126,141,159,171,202,277,38,38,49,63,83,108,126,126,226,226,245,245,260,277,291,291],"floor_reached":23,"playtime":2866,"items_purged":[],"score":211,"play_id":"884ea162-e809-4ed1-8998-0f5ff1868167","local_time":"20190502230811","is_ascension_mode":false,"campfire_choices":[{"floor":15,"key":"REST"}],"neow_cost":"NONE","seed_source_timestamp":518164849588900,"circlet_count":0,"master_deck":["Strike_B","Strike_B","Strike_B","Strike_B","Defend_B","Defend_B","Defend_B","Defend_B","Zap+1","Dualcast+1","Machine Learning","Capacitor","Doom and Gloom","Self Repair","Cold Snap","Static Discharge","Amplify","Mind Blast","Conserve Battery","Leap","Tempest","Go for the Eyes","Steam","Electrodynamics","Cold Snap","Zap","Barrage+1","Consume+1","Conserve Battery"],"relics":["Cracked Core","Happy Flower","War Paint","Bottled Tornado","Sundial","Velvet Choker"],"potions_floor_usage":[6,6,16,23],"damage_taken":[{"damage":0,"enemies":"Small Slimes","floor":1,"turns":4},{"damage":3,"enemies":"2 Louse","floor":2,"turns":2},{"damage":1,"enemies":"Cultist","floor":3,"turns":3},{"damage":10,"enemies":"2 Fungi Beasts","floor":4,"turns":4},{"damage":1,"enemies":"3 Louse","floor":5,"turns":2},{"damage":14,"enemies":"Gremlin Nob","floor":6,"turns":3},{"damage":12,"enemies":"Blue Slaver","floor":10,"turns":3},{"damage":16,"enemies":"2 Fungi Beasts","floor":11,"turns":4},{"damage":14,"enemies":"Lots of Slimes","floor":12,"turns":3},{"damage":9,"enemies":"Lagavulin","floor":13,"turns":7},{"damage":13,"enemies":"3 Louse","floor":14,"turns":2},{"damage":14,"enemies":"Slime Boss","floor":16,"turns":9},{"damage":21,"enemies":"Shell Parasite","floor":18,"turns":4},{"damage":13,"enemies":"3 Byrds","floor":20,"turns":3},{"damage":18,"enemies":"3 Cultists","floor":21,"turns":3},{"damage":1,"enemies":"Chosen and Byrds","floor":22,"turns":6},{"damage":46,"enemies":"Slavers","floor":23,"turns":4}],"seed_played":"6655460537510287459","potions_obtained":[{"floor":1,"key":"Fire Potion"},{"floor":2,"key":"Fire Potion"},{"floor":4,"key":"Dexterity Potion"},{"floor":13,"key":"FocusPotion"},{"floor":22,"key":"LiquidBronze"}],"is_trial":false,"path_per_floor":["M","M","M","M","M","E","?","$","T","M","M","M","E","M","R","B",null,"M","?","M","M","M","E"],"character_chosen":"DEFECT","items_purchased":["Mind Blast","War Paint"],"campfire_rested":1,"item_purchase_floors":[8,8],"current_hp_per_floor":[75,72,71,68,67,53,42,42,42,37,35,28,26,13,35,21,75,54,54,48,30,43,0],"gold":291,"neow_bonus":"ONE_RANDOM_RARE_CARD","is_prod":false,"is_daily":false,"chose_seed":false,"campfire_upgraded":0,"win_rate":0.0,"timestamp":1556856491,"path_taken":["M","M","M","M","M","E","?","$","T","M","M","M","E","M","R","BOSS","M","?","M","M","M","E"],"build_version":"2019-01-23","purchased_purges":0,"victory":false,"max_hp_per_floor":[75,75,75,75,75,75,75,75,75,75,75,75,75,75,75,75,75,75,75,75,75,75,75],"card_choices":[{"not_picked":["Loop","Stack"],"picked":"Capacitor","floor":1},{"not_picked":["Go for the Eyes","Scrape"],"picked":"Doom and Gloom","floor":2},{"not_picked":["Stack","Compile Driver"],"picked":"Self Repair","floor":3},{"not_picked":["Go for the Eyes","Redo"],"picked":"Cold Snap","floor":4},{"not_picked":["Conserve Battery","Gash"],"picked":"Static Discharge","floor":5},{"not_picked":["Heatsinks","Gash"],"picked":"Amplify","floor":6},{"not_picked":["Gash","Steam"],"picked":"Conserve Battery","floor":10},{"not_picked":["Hologram","Barrage"],"picked":"Leap","floor":11},{"not_picked":["Sweeping Beam","Barrage"],"picked":"Tempest","floor":12},{"not_picked":["Sweeping Beam","Gash"],"picked":"Go for the Eyes","floor":13},{"not_picked":["Scrape","Tempest"],"picked":"Steam","floor":14},{"not_picked":["Biased Cognition","Rainbow"],"picked":"Electrodynamics","floor":16},{"not_picked":["Hologram","Coolheaded"],"picked":"Cold Snap","floor":18},{"not_picked":["Aggregate","Fusion"],"picked":"Barrage+1","floor":20},{"not_picked":["Compile Driver","Conserve Battery"],"picked":"Consume+1","floor":21},{"not_picked":["Sweeping Beam","Compile Driver+1"],"picked":"Conserve Battery","floor":22}],"player_experience":30087,"relics_obtained":[{"floor":6,"key":"Happy Flower"},{"floor":9,"key":"Bottled Tornado"},{"floor":13,"key":"Sundial"}],"event_choices":[{"damage_healed":0,"gold_gain":75,"player_choice":"Gather Gold","damage_taken":11,"max_hp_gain":0,"max_hp_loss":0,"event_name":"World of Goop","floor":7,"gold_loss":0},{"damage_healed":0,"gold_gain":0,"player_choice":"1 cards matched","damage_taken":0,"max_hp_gain":0,"max_hp_loss":0,"event_name":"Match and Keep!","floor":19,"gold_loss":0,"cards_obtained":["Zap"]}],"is_beta":false,"boss_relics":[{"not_picked":["FrozenCore","Eternal Feather"],"picked":"Velvet Choker"}],"items_purged_floors":[],"is_endless":false,"potions_floor_spawned":[1,2,4,13,22],"killed_by":"Slavers","ascension_level":0}