{"gold_per_floor":[119,119,149,45,64,64,90,90,116,291,301,314,314,330,330,330],"floor_reached":16,"playtime":377,"items_purged":[],"score":100,"play_id":"bdf4e3fe-37dc-4786-9a2f-d2d92a44b62c","local_time":"20190213184118","is_ascension_mode":false,"campfire_choices":[{"data":"Zap","floor":6.0,"key":"SMITH"},{"data":"Dualcast","floor":8.0,"key":"SMITH"},{"data":"Ball Lightning","floor":13.0,"key":"SMITH"},{"data":"Conserve Battery","floor":15.0,"key":"SMITH"}],"neow_cost":"NONE","seed_source_timestamp":111050075760897,"circlet_count":0,"master_deck":["Strike_B+1","Strike_B","Strike_B","Strike_B","Defend_B","Defend_B","Defend_B+1","Defend_B","Zap+1","Dualcast+1","FTL","Conserve Battery+1","Coolheaded","Ball Lightning+1","Doubt","White Noise"],"special_seed":0,"relics":["Cracked Core","Blood Vial","Tiny Chest","Ancient Tea Set"],"potions_floor_usage":[16],"damage_taken":[{"damage":0.0,"enemies":"2 Louse","floor":1.0,"turns":3.0},{"damage":0.0,"enemies":"Jaw Worm","floor":5.0,"turns":4.0},{"damage":24.0,"enemies":"Gremlin Nob","floor":7.0,"turns":4.0},{"damage":0.0,"enemies":"Small Slimes","floor":11.0,"turns":3.0},{"damage":10.0,"enemies":"Looter","floor":12.0,"turns":2.0},{"damage":0.0,"enemies":"2 Fungi Beasts","floor":14.0,"turns":3.0},{"damage":13,"enemies":"The Guardian","floor":16,"turns":6}],"seed_played":"-6102306062679685454","potions_obtained":[{"floor":1.0,"key":"EssenceOfSteel"},{"floor":5.0,"key":"SkillPotion"},{"floor":11.0,"key":"LiquidBronze"},{"floor":12.0,"key":"Dexterity Potion"}],"is_trial":false,"path_per_floor":["M","?","?","$","M","R","E","R","T","?","M","M","R","M","R","B"],"character_chosen":"DEFECT","items_purchased":["Conserve Battery","Coolheaded"],"campfire_rested":0,"item_purchase_floors":[4,4],"current_hp_per_floor":[75,60,42,42,44,44,22,22,22,22,24,16,16,18,18,7],"gold":330,"neow_bonus":"RANDOM_COMMON_RELIC","is_prod":false,"is_daily":false,"chose_seed":false,"campfire_upgraded":4,"win_rate":0,"timestamp":1550083278,"path_taken":["M","?","?","$","M","R","E","R","T","?","M","M","R","M","R","BOSS"],"build_version":"2019-01-23","purchased_purges":0,"victory":false,"max_hp_per_floor":[75,75,75,75,75,75,75,75,75,75,75,75,75,75,75,75],"card_choices":[{"not_picked":["Hologram","Compile Driver"],"picked":"FTL","floor":1.0},{"not_picked":["Streamline","Stack","Rebound"],"picked":"SKIP","floor":5.0},{"not_picked":["Conserve Battery","Chaos"],"picked":"Ball Lightning","floor":7.0},{"not_picked":["Steam","Barrage","Stack"],"picked":"SKIP","floor":11.0},{"not_picked":["Loop","Streamline","Aggregate"],"picked":"SKIP","floor":12.0},{"not_picked":["Compile Driver","Go for the Eyes"],"picked":"White Noise","floor":14.0}],"player_experience":1035684,"relics_obtained":[{"floor":9.0,"key":"Ancient Tea Set"}],"event_choices":[{"damage_healed":0.0,"max_hp_gain":0.0,"max_hp_loss":0.0,"gold_gain":0.0,"event_name":"Shining Light","player_choice":"Entered Light","floor":2.0,"gold_loss":0.0,"damage_taken":15.0,"cards_upgraded":["Strike_B","Defend_B"]},{"damage_healed":0.0,"max_hp_gain":0.0,"max_hp_loss":0.0,"gold_gain":0.0,"event_name":"Scrap Ooze","player_choice":"Success","floor":3.0,"gold_loss":0.0,"damage_taken":18.0,"relics_obtained":["Tiny Chest"]},{"damage_healed":0.0,"max_hp_gain":0.0,"max_hp_loss":0.0,"gold_gain":175.0,"event_name":"Liars Game","player_choice":"AGREE","floor":10.0,"gold_loss":0.0,"damage_taken":0.0,"cards_obtained":["Doubt"]}],"is_beta":false,"boss_relics":[],"items_purged_floors":[],"is_endless":false,"potions_floor_spawned":[1,5,11,12],"killed_by":"The Guardian","ascension_level":0}