{"gold_per_floor":[114,124,84,259,259,284,284,352,352,352,364,364,379,409,409,507,507,523,312,312,331,350,382,382,407,431,431,443,461,461,480,480,583,583,598,598,610,510,522,557,557,570,617,631,645,287,316,316,316,316],"floor_reached":51,"playtime":1613,"items_purged":["Doubt","Glacier","Auto Shields"],"score":847,"play_id":"8bf636d5-3a15-476d-aff9-174079e47be2","local_time":"20190318230213","is_ascension_mode":false,"campfire_choices":[{"data":"Defragment","floor":7.0,"key":"SMITH"},{"floor":10.0,"key":"REST"},{"data":"Melter","floor":12.0,"key":"SMITH"},{"data":"Zap","floor":15.0,"key":"SMITH"},{"data":"Ball Lightning","floor":24.0,"key":"SMITH"},{"data":"Glacier","floor":27.0,"key":"SMITH"},{"data":"Conserve Battery","floor":30.0,"key":"SMITH"},{"data":"Glacier","floor":32.0,"key":"SMITH"},{"data":"Chaos","floor":41.0,"key":"SMITH"},{"data":"Leap","floor":49,"key":"SMITH"}],"neow_cost":"NONE","seed_source_timestamp":164814770169179,"circlet_count":0,"master_deck":["Zap+1","Dualcast+1","Melter+1","Defragment+1","Conserve Battery+1","Electrodynamics+1","FTL+1","Seek+1","Cold Snap+1","Glacier+1","Conserve Battery+1","Ball Lightning+1","Coolheaded+1","Defragment+1","Glacier+1","Electrodynamics+1","Tempest","Leap+1","Chaos+1","Blizzard+1","Conserve Battery+1"],"special_seed":0,"relics":["Cracked Core","Vajra","Oddly Smooth Stone","Mummified Hand","Frozen Egg 2","Astrolabe","Gambling Chip","Shuriken","Centennial Puzzle","Pandora\u0027s Box","Symbiotic Virus","Bag of Preparation","Ornamental Fan"],"potions_floor_usage":[46,50,50],"damage_taken":[{"damage":6.0,"enemies":"Jaw Worm","floor":1.0,"turns":3.0},{"damage":2.0,"enemies":"Small Slimes","floor":2.0,"turns":3.0},{"damage":38.0,"enemies":"3 Sentries","floor":6.0,"turns":8.0},{"damage":0.0,"enemies":"Cultist","floor":11.0,"turns":3.0},{"damage":7.0,"enemies":"Red Slaver","floor":13.0,"turns":2.0},{"damage":38.0,"enemies":"The Guardian","floor":16.0,"turns":11.0},{"damage":0.0,"enemies":"Spheric Guardian","floor":18.0,"turns":1.0},{"damage":0.0,"enemies":"3 Byrds","floor":21.0,"turns":2.0},{"damage":0.0,"enemies":"Centurion and Healer","floor":22.0,"turns":5.0},{"damage":15.0,"enemies":"Slavers","floor":23.0,"turns":3.0},{"damage":0.0,"enemies":"Book of Stabbing","floor":25.0,"turns":4.0},{"damage":0.0,"enemies":"Snake Plant","floor":28.0,"turns":2.0},{"damage":0.0,"enemies":"Chosen and Byrds","floor":29.0,"turns":2.0},{"damage":0.0,"enemies":"3 Cultists","floor":31.0,"turns":2.0},{"damage":46.0,"enemies":"Champ","floor":33.0,"turns":11.0},{"damage":0.0,"enemies":"3 Shapes","floor":35.0,"turns":2.0},{"damage":0.0,"enemies":"3 Darklings","floor":37.0,"turns":3.0},{"damage":0.0,"enemies":"Sphere and 2 Shapes","floor":39.0,"turns":3.0},{"damage":8.0,"enemies":"Giant Head","floor":40.0,"turns":9.0},{"damage":0.0,"enemies":"Writhing Mass","floor":42.0,"turns":4.0},{"damage":0.0,"enemies":"3 Darklings","floor":44.0,"turns":2.0},{"damage":0.0,"enemies":"Spire Growth","floor":45.0,"turns":4.0},{"damage":0,"enemies":"Nemesis","floor":47,"turns":7},{"damage":0,"enemies":"Donu and Deca","floor":50,"turns":8}],"seed_played":"6946851254978110142","potions_obtained":[{"floor":2.0,"key":"SneckoOil"},{"floor":13.0,"key":"Explosive Potion"},{"floor":16.0,"key":"Poison Potion"},{"floor":21.0,"key":"Fire Potion"},{"floor":28.0,"key":"SkillPotion"},{"floor":33.0,"key":"Poison Potion"},{"floor":35.0,"key":"PowerPotion"}],"is_trial":false,"path_per_floor":["M","M","$","?","?","E","R","T","T","R","M","R","M","?","R","B",null,"M","$","?","M","M","E","R","E","T","R","M","M","R","M","R","B",null,"M","?","M","$","M","E","R","M","T","M","M","$","E","?","R","B",null],"character_chosen":"DEFECT","items_purchased":["Defragment","Glacier","Conserve Battery","Ball Lightning","Fruit Juice","Energy Potion","Chill"],"campfire_rested":1,"item_purchase_floors":[3,19,19,19,46,46,46],"current_hp_per_floor":[69,67,67,67,64,26,26,26,26,48,48,48,41,41,41,3,75,75,75,75,75,75,60,60,60,60,60,60,60,60,60,60,14,75,75,75,75,75,75,67,67,67,67,67,67,72,72,72,72,72],"gold":316,"neow_bonus":"UPGRADE_CARD","is_prod":false,"is_daily":false,"chose_seed":false,"campfire_upgraded":9,"win_rate":0,"timestamp":1552950133,"path_taken":["M","M","$","?","?","E","R","?","T","R","M","R","M","?","R","BOSS","M","$","?","M","M","E","R","E","T","R","M","?","R","M","R","BOSS","M","?","M","$","M","E","R","M","T","M","M","$","E","?","R","BOSS"],"build_version":"2019-01-23","purchased_purges":3,"victory":true,"max_hp_per_floor":[75,75,75,75,75,75,75,75,75,75,75,75,75,75,75,75,75,75,75,75,75,75,75,75,75,75,75,75,75,75,75,75,75,75,75,75,75,75,75,75,75,75,75,75,75,80,80,80,80,80],"card_choices":[{"not_picked":["Turbo","Go for the Eyes"],"picked":"Melter","floor":1.0},{"not_picked":["Barrage","White Noise","Compile Driver"],"picked":"SKIP","floor":2.0},{"not_picked":["Stack","Hologram","Steam Power"],"picked":"SKIP","floor":6.0},{"not_picked":["Reprogram","Beam Cell","Steam"],"picked":"SKIP","floor":11.0},{"not_picked":["Storm+1","Barrage"],"picked":"Conserve Battery","floor":13.0},{"not_picked":["Meteor Strike","All For One"],"picked":"Electrodynamics+1","floor":16.0},{"not_picked":["Rebound","Beam Cell","Double Energy"],"picked":"SKIP","floor":18.0},{"not_picked":["Redo+1","Gash+1"],"picked":"Coolheaded+1","floor":21.0},{"not_picked":["Rebound+1","Skim","Melter"],"picked":"SKIP","floor":22.0},{"not_picked":["Hologram","Leap+1","Storm+1"],"picked":"SKIP","floor":23.0},{"not_picked":["Thunder Strike","Conserve Battery"],"picked":"Defragment+1","floor":25.0},{"not_picked":["Genetic Algorithm","Steam Power+1","Hello World+1"],"picked":"SKIP","floor":28.0},{"not_picked":["Steam+1","Rebound"],"picked":"Glacier","floor":29.0},{"not_picked":["Redo+1","Loop+1","Compile Driver"],"picked":"SKIP","floor":31.0},{"not_picked":["Hyperbeam","Core Surge"],"picked":"Electrodynamics+1","floor":33.0},{"not_picked":["Fusion","Barrage","Blizzard+1"],"picked":"SKIP","floor":35.0},{"not_picked":["Fusion","Barrage"],"picked":"Blizzard+1","floor":35.0},{"not_picked":["Skim+1","Stack"],"picked":"Conserve Battery+1","floor":37.0},{"not_picked":["Genetic Algorithm","Recycle+1","Melter+1"],"picked":"SKIP","floor":39.0},{"not_picked":["Go for the Eyes","Steam+1","Consume"],"picked":"SKIP","floor":40.0},{"not_picked":["Cold Snap","Undo","Reprogram"],"picked":"SKIP","floor":42.0},{"not_picked":["Auto Shields+1","Aggregate","Rebound"],"picked":"SKIP","floor":44.0},{"not_picked":["Consume+1","Cold Snap","Blizzard+1"],"picked":"SKIP","floor":45.0},{"not_picked":["Double Energy","Barrage+1","Ball Lightning+1"],"picked":"SKIP","floor":47}],"player_experience":1120979,"relics_obtained":[{"floor":6.0,"key":"Oddly Smooth Stone"},{"floor":8.0,"key":"Mummified Hand"},{"floor":9.0,"key":"Frozen Egg 2"},{"floor":23.0,"key":"Gambling Chip"},{"floor":25.0,"key":"Shuriken"},{"floor":26.0,"key":"Centennial Puzzle"},{"floor":40.0,"key":"Symbiotic Virus"},{"floor":43.0,"key":"Bag of Preparation"},{"floor":47,"key":"Ornamental Fan"}],"event_choices":[{"damage_healed":0.0,"max_hp_gain":0.0,"max_hp_loss":0.0,"gold_gain":175.0,"event_name":"Liars Game","player_choice":"AGREE","floor":4.0,"gold_loss":0.0,"damage_taken":0.0,"cards_obtained":["Doubt"]},{"damage_healed":0.0,"max_hp_gain":0.0,"max_hp_loss":0.0,"gold_gain":0.0,"event_name":"Scrap Ooze","player_choice":"Success","floor":5.0,"gold_loss":0.0,"damage_taken":3.0,"relics_obtained":["Vajra"]},{"damage_healed":0.0,"max_hp_gain":0.0,"max_hp_loss":0.0,"gold_gain":30.0,"event_name":"Dead Adventurer","player_choice":"Searched \u00271\u0027 times","floor":14.0,"gold_loss":0.0,"damage_taken":0.0},{"damage_healed":0.0,"max_hp_gain":0.0,"max_hp_loss":0.0,"gold_gain":0.0,"event_name":"Upgrade Shrine","player_choice":"Upgraded","floor":20.0,"gold_loss":0.0,"damage_taken":0.0,"cards_upgraded":["Conserve Battery"]},{"damage_healed":0.0,"max_hp_gain":0.0,"max_hp_loss":0.0,"gold_gain":0.0,"event_name":"Tomb of Lord Red Mask","player_choice":"Ignored","floor":36.0,"gold_loss":0.0,"damage_taken":0.0},{"cards_removed":["Chill"],"damage_healed":0,"gold_gain":0,"player_choice":"Removed Skill","damage_taken":0,"max_hp_gain":0,"max_hp_loss":0,"event_name":"Falling","floor":48,"gold_loss":0}],"is_beta":false,"boss_relics":[{"not_picked":["Runic Dome","Coffee Dripper"],"picked":"Astrolabe"},{"not_picked":["Tiny House","Snecko Eye"],"picked":"Pandora\u0027s Box"}],"items_purged_floors":[19,38,46],"is_endless":false,"potions_floor_spawned":[2,13,16,18,21,22,28,33,35,39,42],"ascension_level":0}