{"gold_per_floor":[111,126,139,157,127,159,159,193,193,213,22,38,38,61,61,159,159,173,187,201,219,229,229,242,273,273,306,581,601,601,613,613,712,712,730,749,749,478,495,526,542,542,567,602,619,9,24,49,49,49,49,49,0,27,27],"floor_reached":56,"playtime":6027,"items_purged":["Regret"],"score":1420,"play_id":"4a3a157a-cedb-42db-891b-9381402c3732","local_time":"20190506012417","is_ascension_mode":true,"campfire_choices":[{"floor":7.0,"key":"RECALL"},{"data":"Feel No Pain","floor":13.0,"key":"SMITH"},{"data":"Havoc","floor":15.0,"key":"SMITH"},{"floor":23.0,"key":"REST"},{"data":"Fiend Fire","floor":30.0,"key":"SMITH"},{"data":"Fiend Fire","floor":32.0,"key":"SMITH"},{"data":"Perfected Strike","floor":42,"key":"SMITH"},{"floor":49,"key":"REST"},{"data":"Double Tap","floor":52,"key":"SMITH"}],"neow_cost":"NONE","seed_source_timestamp":0,"circlet_count":0,"master_deck":["Strike_R","Strike_R","Strike_R","Strike_R","Strike_R","Defend_R+1","Defend_R","Defend_R","Defend_R","Bash","Fiend Fire+1","Iron Wave","Perfected Strike+1","Perfected Strike","Feel No Pain+1","Fiend Fire+1","Anger","True Grit","Havoc+1","Feed+1","Perfected Strike+1","Burning Pact","Thunderclap+1","Pommel Strike+1","Disarm+1","Impervious","Perfected Strike+1","Perfected Strike+1","Evolve","Double Tap+1","True Grit+1","Purity","Panache","Secret Technique+1","Anger+1","Twin Strike+1","Pummel+1","Iron Wave+1","Dropkick+1","Parasite","Pommel Strike+1","Pommel Strike+1","Thunderclap+1"],"special_seed":0,"relics":["Burning Blood","Bottled Tornado","Matryoshka","Molten Egg 2","Frozen Eye","Shuriken","Vajra","Mark of Pain","Pocketwatch","Dodecahedron","Orichalcum","Busted Crown","War Paint","Happy Flower","Regal Pillow","Prayer Wheel","OrangePellets","Mercury Hourglass","Boot","Paper Frog","Bag of Marbles"],"potions_floor_usage":[47,54,55],"damage_taken":[{"damage":1.0,"enemies":"Cultist","floor":1.0,"turns":4.0},{"damage":5.0,"enemies":"Small Slimes","floor":2.0,"turns":3.0},{"damage":0.0,"enemies":"2 Louse","floor":3.0,"turns":2.0},{"damage":0.0,"enemies":"Exordium Wildlife","floor":4.0,"turns":2.0},{"damage":7.0,"enemies":"Gremlin Nob","floor":6.0,"turns":4.0},{"damage":27.0,"enemies":"3 Sentries","floor":8.0,"turns":10.0},{"damage":12.0,"enemies":"2 Fungi Beasts","floor":10.0,"turns":3.0},{"damage":13.0,"enemies":"Red Slaver","floor":12.0,"turns":2.0},{"damage":29.0,"enemies":"The Guardian","floor":16.0,"turns":7.0},{"damage":26.0,"enemies":"Spheric Guardian","floor":18.0,"turns":6.0},{"damage":14.0,"enemies":"Shell Parasite","floor":19.0,"turns":6.0},{"damage":10.0,"enemies":"Snake Plant","floor":20.0,"turns":3.0},{"damage":19.0,"enemies":"Shelled Parasite and Fungi","floor":21.0,"turns":5.0},{"damage":10.0,"enemies":"Snecko","floor":22.0,"turns":3.0},{"damage":15.0,"enemies":"Cultist and Chosen","floor":24.0,"turns":5.0},{"damage":18.0,"enemies":"Book of Stabbing","floor":25.0,"turns":5.0},{"damage":0.0,"enemies":"Gremlin Leader","floor":27.0,"turns":4.0},{"damage":2.0,"enemies":"3 Cultists","floor":29.0,"turns":4.0},{"damage":26.0,"enemies":"Shelled Parasite and Fungi","floor":31.0,"turns":3.0},{"damage":41.0,"enemies":"Champ","floor":33.0,"turns":7.0},{"damage":13.0,"enemies":"Orb Walker","floor":35.0,"turns":3.0},{"damage":6,"enemies":"3 Shapes","floor":36,"turns":3},{"damage":9,"enemies":"3 Darklings","floor":39,"turns":3},{"damage":27,"enemies":"Nemesis","floor":40,"turns":5},{"damage":8,"enemies":"Sphere and 2 Shapes","floor":41,"turns":4},{"damage":27,"enemies":"Reptomancer","floor":44,"turns":4},{"damage":22,"enemies":"Jaw Worm Horde","floor":45,"turns":4},{"damage":9,"enemies":"Writhing Mass","floor":47,"turns":3},{"damage":25,"enemies":"Nemesis","floor":48,"turns":5},{"damage":68,"enemies":"Donu and Deca","floor":50,"turns":7},{"damage":43,"enemies":"Shield and Spear","floor":54,"turns":4},{"damage":83,"enemies":"The Heart","floor":55,"turns":7}],"seed_played":"-3000444062950706860","potions_obtained":[{"floor":2.0,"key":"Explosive Potion"},{"floor":5.0,"key":"Strength Potion"},{"floor":5.0,"key":"Strength Potion"},{"floor":6.0,"key":"Fruit Juice"},{"floor":12.0,"key":"FearPotion"},{"floor":20.0,"key":"Block Potion"},{"floor":21.0,"key":"Strength Potion"},{"floor":24.0,"key":"Block Potion"},{"floor":29.0,"key":"LiquidBronze"},{"floor":31.0,"key":"FairyPotion"},{"floor":35.0,"key":"LiquidBronze"},{"floor":39,"key":"BloodPotion"},{"floor":45,"key":"BloodPotion"},{"floor":47,"key":"FearPotion"}],"is_trial":false,"path_per_floor":["M","M","M","M","?","E","R","E","T","M","$","M","R","T","R","B",null,"M","M","M","M","M","R","M","E","T","E","?","M","R","M","R","B",null,"M","M","?","$","M","E","M","R","T","E","M","$","M","E","R","B",null,"R","$","E","B",null],"character_chosen":"IRONCLAD","items_purchased":["Frozen Eye","War Paint","Anger+1","OrangePellets","Mercury Hourglass","Boot","Thunderclap+1"],"campfire_rested":2,"item_purchase_floors":[11,38,38,46,46,46,53],"current_hp_per_floor":[80,80,80,80,80,84,84,63,63,57,57,50,50,50,50,27,85,69,65,61,52,52,82,73,61,61,67,67,75,75,59,59,24,109,106,106,96,96,93,72,74,74,74,57,41,41,50,31,82,20,121,121,121,100,23],"gold":27,"neow_bonus":"ONE_RANDOM_RARE_CARD","is_prod":false,"is_daily":false,"chose_seed":false,"campfire_upgraded":6,"win_rate":0,"timestamp":1557123857,"path_taken":["M","M","M","M","?","E","R","E","T","?","$","M","R","?","R","BOSS","M","M","?","?","M","R","M","E","T","E","?","M","R","M","R","BOSS","M","M","?","$","M","E","M","R","T","E","M","$","M","E","R","BOSS","R","$","E","BOSS"],"build_version":"2019-01-23","purchased_purges":1,"victory":true,"max_hp_per_floor":[80,80,80,80,80,85,85,85,85,85,85,85,85,85,85,85,85,89,93,93,97,101,101,101,101,101,101,101,105,105,109,109,109,109,113,113,113,113,113,113,117,117,117,121,121,121,121,121,121,121,121,121,121,125,125],"card_choices":[{"not_picked":["Headbutt","Body Slam"],"picked":"Iron Wave","floor":1.0},{"not_picked":["Iron Wave","Heavy Blade"],"picked":"Perfected Strike","floor":2.0},{"not_picked":["Shockwave","Thunderclap"],"picked":"Perfected Strike","floor":3.0},{"not_picked":["Combust","Intimidate"],"picked":"Feel No Pain","floor":4.0},{"not_picked":["Thunderclap","Power Through"],"picked":"Fiend Fire","floor":6.0},{"not_picked":["Twin Strike","Wild Strike"],"picked":"Anger","floor":8.0},{"not_picked":["Shrug It Off","Heavy Blade+1"],"picked":"True Grit","floor":10.0},{"not_picked":["Infernal Blade","Shockwave"],"picked":"Havoc","floor":12.0},{"not_picked":["Reaper+1","Dark Embrace"],"picked":"Feed+1","floor":16.0},{"not_picked":["Reckless Charge+1","Havoc"],"picked":"Perfected Strike+1","floor":18.0},{"not_picked":["Warcry","Shrug It Off"],"picked":"Burning Pact","floor":19.0},{"not_picked":["Sword Boomerang+1","Inflame"],"picked":"Thunderclap+1","floor":20.0},{"not_picked":["Infernal Blade","Armaments+1"],"picked":"Pommel Strike+1","floor":21.0},{"not_picked":["Shrug It Off","Twin Strike+1"],"picked":"Disarm+1","floor":22.0},{"not_picked":["Fire Breathing","Body Slam+1","Thunderclap+1"],"picked":"SKIP","floor":24.0},{"not_picked":["Headbutt+1","Havoc"],"picked":"Impervious","floor":25.0},{"not_picked":["Thunderclap+1","Rupture+1"],"picked":"Perfected Strike+1","floor":27.0},{"not_picked":["True Grit","Blood for Blood+1"],"picked":"Perfected Strike+1","floor":29.0},{"not_picked":["Body Slam+1","Heavy Blade+1"],"picked":"Evolve","floor":31.0},{"not_picked":["Feed+1","Bludgeon+1"],"picked":"Double Tap","floor":33.0},{"not_picked":[],"picked":"True Grit+1","floor":35.0},{"not_picked":["Armaments"],"picked":"SKIP","floor":36},{"not_picked":[],"picked":"Purity","floor":37},{"not_picked":[],"picked":"Panache","floor":37},{"not_picked":[],"picked":"Secret Technique","floor":37},{"not_picked":[],"picked":"Twin Strike+1","floor":39},{"not_picked":[],"picked":"Pummel+1","floor":40},{"not_picked":[],"picked":"Iron Wave+1","floor":41},{"not_picked":["Rampage+1"],"picked":"SKIP","floor":44},{"not_picked":[],"picked":"Dropkick+1","floor":45},{"not_picked":["Searing Blow+1"],"picked":"SKIP","floor":45},{"not_picked":[],"picked":"Pommel Strike+1","floor":47},{"not_picked":["Flex+1"],"picked":"SKIP","floor":47},{"not_picked":[],"picked":"Pommel Strike+1","floor":48},{"not_picked":["Sword Boomerang+1"],"picked":"SKIP","floor":54}],"player_experience":81149,"relics_obtained":[{"floor":6.0,"key":"Bottled Tornado"},{"floor":8.0,"key":"Matryoshka"},{"floor":9.0,"key":"Molten Egg 2"},{"floor":14.0,"key":"Shuriken"},{"floor":14.0,"key":"Vajra"},{"floor":25.0,"key":"Pocketwatch"},{"floor":26.0,"key":"Dodecahedron"},{"floor":27.0,"key":"Orichalcum"},{"floor":40,"key":"Happy Flower"},{"floor":43,"key":"Regal Pillow"},{"floor":44,"key":"Prayer Wheel"},{"floor":48,"key":"Paper Frog"},{"floor":54,"key":"Bag of Marbles"}],"event_choices":[{"damage_healed":0.0,"max_hp_gain":0.0,"max_hp_loss":0.0,"gold_gain":0.0,"event_name":"The Woman in Blue","player_choice":"Bought 2 Potions","floor":5.0,"gold_loss":0.0,"damage_taken":0.0},{"damage_healed":0.0,"max_hp_gain":0.0,"max_hp_loss":0.0,"gold_gain":275.0,"event_name":"Golden Shrine","player_choice":"Desecrate","floor":28.0,"gold_loss":0.0,"damage_taken":0.0,"cards_obtained":["Regret"]},{"damage_healed":0,"gold_gain":0,"player_choice":"Memory 3","damage_taken":10,"max_hp_gain":0,"max_hp_loss":0,"event_name":"SensoryStone","floor":37,"gold_loss":0}],"is_beta":false,"boss_relics":[{"not_picked":["Runic Cube","Cursed Key"],"picked":"Mark of Pain"},{"not_picked":["White Beast Statue","Snecko Eye"],"picked":"Busted Crown"}],"items_purged_floors":[38],"is_endless":false,"potions_floor_spawned":[2,6,12,20,21,24,29,31,35,39,45,47,48],"ascension_level":1}