{"gold_per_floor":[112,126,143,154,7,7,32,32,32,32,62,81,110,122,122,222,222,234,149,5,5,5,5,38,57,135,153,153],"floor_reached":28,"playtime":1313,"items_purged":["Strike_R"],"score":384,"play_id":"c3e3e56e-a7c6-428a-9ac8-d708b1cbbcea","local_time":"20190620120005","is_ascension_mode":true,"campfire_choices":[{"data":"Clothesline","floor":6.0,"key":"SMITH"},{"data":"Battle Trance","floor":10.0,"key":"SMITH"},{"data":"Disarm","floor":15.0,"key":"SMITH"},{"floor":23.0,"key":"REST"}],"neow_cost":"NONE","seed_source_timestamp":480797813685677,"circlet_count":0,"master_deck":["AscendersBane","Strike_R","Strike_R","Strike_R","Defend_R","Defend_R","Defend_R","Defend_R","Bash","Heavy Blade","Clothesline+1","Pommel Strike","Armaments+1","Battle Trance+1","Metallicize","Double Tap","Disarm+1","Inflame+1","Barricade+1","True Grit","True Grit+1","Headbutt+1"],"special_seed":0,"relics":["Burning Blood","Gremlin Horn","Question Card","Frozen Egg 2","Velvet Choker","Happy Flower","Potion Belt","Ancient Tea Set","Mummified Hand"],"potions_floor_usage":[28,28],"damage_taken":[{"damage":7.0,"enemies":"2 Louse","floor":1.0,"turns":3.0},{"damage":0.0,"enemies":"Small Slimes","floor":2.0,"turns":3.0},{"damage":7.0,"enemies":"Jaw Worm","floor":3.0,"turns":3.0},{"damage":7.0,"enemies":"3 Louse","floor":4.0,"turns":5.0},{"damage":18.0,"enemies":"Lagavulin","floor":7.0,"turns":6.0},{"damage":4.0,"enemies":"Blue Slaver","floor":12.0,"turns":5.0},{"damage":46.0,"enemies":"Gremlin Nob","floor":13.0,"turns":6.0},{"damage":8.0,"enemies":"Exordium Wildlife","floor":14.0,"turns":4.0},{"damage":13.0,"enemies":"Hexaghost","floor":16.0,"turns":11.0},{"damage":19.0,"enemies":"Spheric Guardian","floor":18.0,"turns":4.0},{"damage":20.0,"enemies":"Colosseum Slavers","floor":22.0,"turns":4.0},{"damage":24.0,"enemies":"Book of Stabbing","floor":24.0,"turns":8.0},{"damage":3.0,"enemies":"Shell Parasite","floor":25.0,"turns":6.0},{"damage":10.0,"enemies":"Snecko","floor":27.0,"turns":7.0},{"damage":30,"enemies":"Slavers","floor":28,"turns":2}],"seed_played":"1692688724087582102","potions_obtained":[{"floor":1.0,"key":"AttackPotion"},{"floor":2.0,"key":"FearPotion"},{"floor":4.0,"key":"Block Potion"},{"floor":18.0,"key":"Poison Potion"},{"floor":27.0,"key":"PowerPotion"}],"is_trial":false,"path_per_floor":["M","M","M","M","$","R","E","?","T","R","?","M","E","M","R","B",null,"M","?","$","?","?","R","E","M","T","M","E"],"character_chosen":"IRONCLAD","items_purchased":["Battle Trance","Potion Belt"],"campfire_rested":1,"item_purchase_floors":[5,20],"current_hp_per_floor":[71,77,76,75,75,75,63,63,63,63,63,65,25,23,23,16,64,51,51,51,36,22,47,29,32,32,28,0],"gold":153,"neow_bonus":"TRANSFORM_CARD","is_prod":false,"is_daily":false,"chose_seed":false,"campfire_upgraded":3,"win_rate":0,"timestamp":1561050005,"path_taken":["M","M","M","M","$","R","E","?","T","R","?","M","E","M","R","BOSS","M","?","$","?","?","R","E","M","T","?","E"],"build_version":"2019-01-23","purchased_purges":1,"victory":false,"max_hp_per_floor":[80,80,80,80,80,80,80,80,80,80,80,80,80,80,80,80,80,80,80,80,85,85,85,85,85,85,85,85],"card_choices":[{"not_picked":["Combust","Power Through"],"picked":"Clothesline","floor":1.0},{"not_picked":["Bloodletting","Corruption","Body Slam"],"picked":"SKIP","floor":2.0},{"not_picked":["Heavy Blade","Body Slam"],"picked":"Pommel Strike","floor":3.0},{"not_picked":["Havoc","Rampage"],"picked":"Armaments","floor":4.0},{"not_picked":["Blood for Blood","Thunderclap"],"picked":"Metallicize","floor":7.0},{"not_picked":["Iron Wave","Cleave","Heavy Blade"],"picked":"Double Tap","floor":12.0},{"not_picked":["Twin Strike","Clash","Whirlwind"],"picked":"Disarm","floor":13.0},{"not_picked":["Disarm","Sword Boomerang","True Grit"],"picked":"Inflame+1","floor":14.0},{"not_picked":["Impervious","Bludgeon","Berserk+1"],"picked":"Barricade+1","floor":16.0},{"not_picked":["Flex","Wild Strike","Sentinel"],"picked":"True Grit","floor":18.0},{"not_picked":["Searing Blow","Thunderclap","Reckless Charge"],"picked":"True Grit+1","floor":24.0},{"not_picked":["Anger","Clothesline","Warcry+1","Wild Strike+1"],"picked":"SKIP","floor":25.0},{"not_picked":["Havoc","Flex","Pommel Strike"],"picked":"Headbutt+1","floor":27.0}],"player_experience":95568,"relics_obtained":[{"floor":7.0,"key":"Gremlin Horn"},{"floor":9.0,"key":"Question Card"},{"floor":13.0,"key":"Frozen Egg 2"},{"floor":24.0,"key":"Ancient Tea Set"},{"floor":26.0,"key":"Mummified Hand"}],"event_choices":[{"damage_healed":0.0,"max_hp_gain":0.0,"max_hp_loss":0.0,"gold_gain":0.0,"event_name":"Living Wall","player_choice":"Grow","floor":8.0,"gold_loss":0.0,"damage_taken":0.0,"cards_upgraded":["Armaments"]},{"damage_healed":0.0,"max_hp_gain":0.0,"max_hp_loss":0.0,"gold_gain":30.0,"event_name":"Dead Adventurer","player_choice":"Searched \u00271\u0027 times","floor":11.0,"gold_loss":0.0,"damage_taken":0.0},{"damage_healed":0.0,"max_hp_gain":0.0,"max_hp_loss":0.0,"gold_gain":0.0,"event_name":"Addict","player_choice":"Obtained Relic","floor":19.0,"gold_loss":85.0,"damage_taken":0.0,"relics_obtained":["Happy Flower"]},{"damage_healed":0.0,"max_hp_gain":5.0,"max_hp_loss":0.0,"gold_gain":0.0,"event_name":"Forgotten Altar","player_choice":"Shed Blood","floor":21.0,"gold_loss":0.0,"damage_taken":20.0},{"damage_healed":0.0,"max_hp_gain":0.0,"max_hp_loss":0.0,"gold_gain":0.0,"event_name":"Colosseum","player_choice":"Fight","floor":22.0,"gold_loss":0.0,"damage_taken":0.0},{"damage_healed":0.0,"max_hp_gain":0.0,"max_hp_loss":0.0,"gold_gain":0.0,"event_name":"Colosseum","player_choice":"Fled From Nobs","floor":22.0,"gold_loss":0.0,"damage_taken":0.0}],"is_beta":false,"boss_relics":[{"not_picked":["Philosopher\u0027s Stone","Mark of Pain"],"picked":"Velvet Choker"}],"items_purged_floors":[5],"is_endless":false,"potions_floor_spawned":[1,2,4,18,27],"killed_by":"Slavers","ascension_level":11}