{"gold_per_floor":[115,128,128,146,146,146,146,160,160,5,5,40,58,87,87,182,182,193,47,58,69,82,82,94,125,137,149],"floor_reached":27,"playtime":1103,"items_purged":[],"score":245,"play_id":"d36674e0-416d-4d42-b1ce-7745674c866c","local_time":"20190306190913","is_ascension_mode":false,"campfire_choices":[{"data":"Dualcast","floor":7,"key":"SMITH"},{"data":"Ball Lightning","floor":15,"key":"SMITH"},{"data":"Conserve Battery","floor":23,"key":"SMITH"}],"neow_cost":"NONE","seed_source_timestamp":1926480435939473,"circlet_count":0,"master_deck":["Strike_B","Strike_B","Strike_B","Strike_B","Defend_B+1","Defend_B","Defend_B+1","Defend_B","Zap+1","Dualcast+1","Ball Lightning+1","Conserve Battery+1","Conserve Battery","Coolheaded+1","Go for the Eyes"],"relics":["Cracked Core","Smiling Mask","FaceOfCleric","Emotion Chip","War Paint","Gambling Chip","Sundial","Bag of Preparation","MawBank","Darkstone Periapt"],"potions_floor_usage":[24,25],"damage_taken":[{"damage":10,"enemies":"Small Slimes","floor":1,"turns":5},{"damage":1,"enemies":"Cultist","floor":2,"turns":4},{"damage":1,"enemies":"Jaw Worm","floor":4,"turns":3},{"damage":16,"enemies":"Exordium Thugs","floor":8,"turns":4},{"damage":12,"enemies":"3 Sentries","floor":12,"turns":6},{"damage":7,"enemies":"Blue Slaver","floor":13,"turns":3},{"damage":10,"enemies":"Lagavulin","floor":14,"turns":7},{"damage":19,"enemies":"Slime Boss","floor":16,"turns":10},{"damage":13,"enemies":"Chosen","floor":18,"turns":5},{"damage":0,"enemies":"Spheric Guardian","floor":20,"turns":3},{"damage":4,"enemies":"Snecko","floor":21,"turns":6},{"damage":2,"enemies":"Shelled Parasite and Fungi","floor":22,"turns":6},{"damage":19,"enemies":"Sentry and Sphere","floor":24,"turns":6},{"damage":30,"enemies":"Book of Stabbing","floor":25,"turns":8},{"damage":21,"enemies":"Gremlin Leader","floor":27,"turns":6}],"seed_played":"4140819575641578518","potions_obtained":[{"floor":4,"key":"Block Potion"},{"floor":8,"key":"FocusPotion"},{"floor":21,"key":"GamblersBrew"}],"is_trial":false,"path_per_floor":["M","M","?","M","?","$","R","M","T","$","$","E","M","E","R","B",null,"M","$","M","M","M","R","M","E","T","E"],"character_chosen":"DEFECT","items_purchased":["War Paint","Bag of Preparation"],"campfire_rested":0,"item_purchase_floors":[10,19],"current_hp_per_floor":[65,64,64,63,63,63,63,48,48,48,48,37,31,22,22,4,80,68,68,69,66,65,65,47,18,18,0],"gold":149,"neow_bonus":"RANDOM_COMMON_RELIC","is_prod":false,"is_daily":false,"chose_seed":false,"campfire_upgraded":3,"win_rate":0,"timestamp":1551899353,"path_taken":["M","M","?","?","?","$","R","M","T","?","$","E","M","E","R","BOSS","M","$","M","M","M","R","M","E","T","E"],"build_version":"2019-01-23","purchased_purges":0,"victory":false,"max_hp_per_floor":[75,75,75,75,75,75,75,76,76,76,76,77,78,79,79,80,80,81,81,82,83,84,84,85,86,86,86],"card_choices":[{"not_picked":["Compile Driver","Hello World","Sweeping Beam"],"picked":"SKIP","floor":1},{"not_picked":["Gash","Steam"],"picked":"Ball Lightning","floor":2},{"not_picked":["Biased Cognition","Redo","Sweeping Beam"],"picked":"SKIP","floor":4},{"not_picked":["FTL","Coolheaded"],"picked":"Conserve Battery","floor":8},{"not_picked":["Sweeping Beam","Gash"],"picked":"Conserve Battery","floor":12},{"not_picked":["Reinforced Body","Storm","Barrage"],"picked":"SKIP","floor":13},{"not_picked":["Leap","Conserve Battery","Steam"],"picked":"SKIP","floor":14},{"not_picked":["Leap","Self Repair"],"picked":"Coolheaded+1","floor":18},{"not_picked":["Leap+1","Compile Driver","Stack"],"picked":"SKIP","floor":20},{"not_picked":["Reprogram","Beam Cell","Scrape+1"],"picked":"SKIP","floor":21},{"not_picked":["Conserve Battery","Barrage","Genetic Algorithm"],"picked":"SKIP","floor":22},{"not_picked":["Turbo","Reinforced Body","Cold Snap"],"picked":"SKIP","floor":24},{"not_picked":["Seek","Sweeping Beam"],"picked":"Go for the Eyes","floor":25}],"player_experience":1089688,"relics_obtained":[{"floor":9,"key":"Emotion Chip"},{"floor":12,"key":"Gambling Chip"},{"floor":14,"key":"Sundial"},{"floor":25,"key":"MawBank"},{"floor":26,"key":"Darkstone Periapt"}],"event_choices":[{"damage_healed":0,"gold_gain":0,"player_choice":"Forge","damage_taken":0,"max_hp_gain":0,"max_hp_loss":0,"event_name":"Accursed Blacksmith","floor":3,"gold_loss":0,"cards_upgraded":["Zap"]},{"damage_healed":0,"gold_gain":0,"player_choice":"Trade","damage_taken":0,"relics_obtained":["FaceOfCleric"],"max_hp_gain":0,"max_hp_loss":0,"event_name":"FaceTrader","floor":5,"gold_loss":0}],"is_beta":false,"boss_relics":[{"not_picked":["Ectoplasm","Coffee Dripper","Runic Dome"]}],"items_purged_floors":[],"is_endless":false,"potions_floor_spawned":[4,8,21,22],"killed_by":"Gremlin Leader","ascension_level":0}