{"gold_per_floor":[12,12,29,29,29,29,29,40,113,113,140,140,153,183,183,278,278,291,305,305],"floor_reached":20,"playtime":447,"items_purged":[],"score":182,"play_id":"6389c745-b20b-4251-b0d5-3a419946b9e2","local_time":"20190314185912","is_ascension_mode":false,"campfire_choices":[{"data":"Dualcast","floor":6.0,"key":"SMITH"},{"data":"Zap","floor":10.0,"key":"SMITH"},{"data":"FTL","floor":12.0,"key":"SMITH"},{"data":"Ball Lightning","floor":15.0,"key":"SMITH"}],"neow_cost":"NO_GOLD","seed_source_timestamp":588412228869277,"circlet_count":0,"master_deck":["Strike_B","Strike_B","Defend_B","Defend_B","Defend_B","Defend_B","Zap+1","Dualcast+1","FTL+1","Ball Lightning+1","Buffer"],"special_seed":0,"relics":["Cracked Core","Incense Burner","Darkstone Periapt","Dodecahedron","Dead Branch","Bag of Marbles","Empty Cage"],"potions_floor_usage":[19],"damage_taken":[{"damage":0.0,"enemies":"Jaw Worm","floor":1.0,"turns":3.0},{"damage":2.0,"enemies":"Small Slimes","floor":3.0,"turns":3.0},{"damage":0.0,"enemies":"Cultist","floor":8.0,"turns":2.0},{"damage":13.0,"enemies":"3 Sentries","floor":11.0,"turns":5.0},{"damage":1.0,"enemies":"2 Fungi Beasts","floor":13.0,"turns":2.0},{"damage":4.0,"enemies":"Lagavulin","floor":14.0,"turns":6.0},{"damage":38.0,"enemies":"Hexaghost","floor":16.0,"turns":9.0},{"damage":0,"enemies":"Spheric Guardian","floor":18,"turns":3},{"damage":0,"enemies":"Chosen","floor":19,"turns":3},{"damage":6,"enemies":"Shelled Parasite and Fungi","floor":20,"turns":2}],"seed_played":"-3625164461799639688","potions_obtained":[{"floor":1.0,"key":"Energy Potion"},{"floor":8.0,"key":"FearPotion"},{"floor":13.0,"key":"Block Potion"}],"is_trial":false,"path_per_floor":["M","?","M","?","T","R","$","M","T","R","E","R","M","E","R","B",null,"M","M","M"],"character_chosen":"DEFECT","items_purchased":[],"campfire_rested":0,"item_purchase_floors":[],"current_hp_per_floor":[75,75,73,73,73,73,73,73,73,73,60,60,59,55,55,17,75,75,75,69],"gold":305,"neow_bonus":"ONE_RARE_RELIC","is_prod":false,"is_daily":false,"chose_seed":false,"campfire_upgraded":4,"win_rate":0,"timestamp":1552589952,"path_taken":["M","?","M","?","?","R","?","?","T","R","E","R","M","E","R","BOSS","M","M","M"],"build_version":"2019-01-23","purchased_purges":0,"victory":false,"max_hp_per_floor":[75,75,75,75,75,75,75,75,75,75,75,75,75,75,75,75,75,75,75,75],"card_choices":[{"not_picked":["Rebound","Steam"],"picked":"FTL","floor":1.0},{"not_picked":["Leap","Streamline"],"picked":"Ball Lightning","floor":3.0},{"not_picked":["Fusion","Tempest","Beam Cell"],"picked":"SKIP","floor":8.0},{"not_picked":["Rebound","Creative AI","Gash"],"picked":"SKIP","floor":11.0},{"not_picked":["Stack","Leap","Redo"],"picked":"SKIP","floor":13.0},{"not_picked":["Double Energy","Heatsinks","Ball Lightning"],"picked":"SKIP","floor":14.0},{"not_picked":["Biased Cognition","Multi-Cast"],"picked":"Buffer","floor":16.0},{"not_picked":["Fusion","Rebound","Ball Lightning"],"picked":"SKIP","floor":18},{"not_picked":["Stack","Rip and Tear","Streamline"],"picked":"SKIP","floor":19}],"player_experience":1109645,"relics_obtained":[{"floor":5.0,"key":"Darkstone Periapt"},{"floor":9.0,"key":"Dodecahedron"},{"floor":11.0,"key":"Dead Branch"},{"floor":14.0,"key":"Bag of Marbles"}],"event_choices":[{"damage_healed":0.0,"max_hp_gain":0.0,"max_hp_loss":0.0,"gold_gain":0.0,"event_name":"Liars Game","player_choice":"Ignored","floor":2.0,"gold_loss":0.0,"damage_taken":0.0},{"damage_healed":0.0,"max_hp_gain":0.0,"max_hp_loss":0.0,"gold_gain":0.0,"event_name":"The Cleric","player_choice":"Leave","floor":4.0,"gold_loss":0.0,"damage_taken":0.0}],"is_beta":false,"boss_relics":[{"not_picked":["Pandora\u0027s Box","Ectoplasm"],"picked":"Empty Cage"}],"items_purged_floors":[],"is_endless":false,"potions_floor_spawned":[1,8,13,16],"killed_by":"Shelled Parasite and Fungi","ascension_level":0}