{"gold_per_floor":[114,126,126,143,156,156,184,203,203,203,203,203,233,253,253,353,353,363,373,373,218,218,218,250,175,175,188,223,223,135,135,135,231,231,245,255,272,222,222,222,233,268,294,244,244,278,290,105,105,105],"floor_reached":51,"playtime":2009,"items_purged":["Strike_B","Defend_B","Defend_B","Writhe"],"score":751,"play_id":"2823187e-4ef2-44db-a296-8612129d5571","local_time":"20190308001536","is_ascension_mode":false,"campfire_choices":[{"data":"Dualcast","floor":6.0,"key":"SMITH"},{"data":"Sweeping Beam","floor":11.0,"key":"SMITH"},{"data":"Core Surge","floor":15.0,"key":"SMITH"},{"data":"Echo Form","floor":23.0,"key":"SMITH"},{"data":"Capacitor","floor":29.0,"key":"SMITH"},{"data":"FTL","floor":32.0,"key":"SMITH"},{"data":"Creative AI","floor":40,"key":"SMITH"},{"floor":45,"key":"REST"},{"floor":49,"key":"REST"}],"neow_cost":"NONE","seed_source_timestamp":1062713638816,"circlet_count":0,"master_deck":["Strike_B+1","Strike_B+1","Defend_B+1","Defend_B+1","Zap+1","Dualcast+1","Coolheaded+1","Conserve Battery","Cold Snap+1","Sweeping Beam+1","Core Surge+1","Glacier","Echo Form+1","Cold Snap+1","FTL+1","Ball Lightning+1","Capacitor+1","White Noise","Creative AI+1","Capacitor"],"special_seed":0,"relics":["FrozenCore","Art of War","War Paint","Blood Vial","Smiling Mask","Happy Flower","Question Card","Vajra","DataDisk","Nuclear Battery","Bird Faced Urn","Whetstone","MawBank","Strawberry"],"potions_floor_usage":[50,50,50],"damage_taken":[{"damage":6.0,"enemies":"Jaw Worm","floor":1.0,"turns":3.0},{"damage":2.0,"enemies":"2 Louse","floor":2.0,"turns":3.0},{"damage":0.0,"enemies":"Cultist","floor":4.0,"turns":3.0},{"damage":9.0,"enemies":"Lots of Slimes","floor":5.0,"turns":5.0},{"damage":4.0,"enemies":"3 Sentries","floor":7.0,"turns":10.0},{"damage":0.0,"enemies":"Looter","floor":8.0,"turns":3.0},{"damage":4.0,"enemies":"Gremlin Nob","floor":13.0,"turns":3.0},{"damage":0.0,"enemies":"Exordium Wildlife","floor":14.0,"turns":3.0},{"damage":8.0,"enemies":"The Guardian","floor":16.0,"turns":14.0},{"damage":0.0,"enemies":"Shell Parasite","floor":18.0,"turns":9.0},{"damage":8.0,"enemies":"3 Byrds","floor":19.0,"turns":4.0},{"damage":3.0,"enemies":"Gremlin Leader","floor":24.0,"turns":8.0},{"damage":0.0,"enemies":"Snecko","floor":27.0,"turns":6.0},{"damage":9.0,"enemies":"Book of Stabbing","floor":28.0,"turns":6.0},{"damage":4.0,"enemies":"Champ","floor":33.0,"turns":10.0},{"damage":0,"enemies":"3 Shapes","floor":35,"turns":7},{"damage":22,"enemies":"3 Darklings","floor":36,"turns":6},{"damage":1,"enemies":"Spire Growth","floor":37,"turns":6},{"damage":21,"enemies":"Transient","floor":41,"turns":5},{"damage":2,"enemies":"Giant Head","floor":42,"turns":8},{"damage":63,"enemies":"Nemesis","floor":46,"turns":11},{"damage":11,"enemies":"Donu and Deca","floor":50,"turns":13}],"seed_played":"-3652157248051981541","potions_obtained":[{"floor":2.0,"key":"FairyPotion"},{"floor":5.0,"key":"Poison Potion"},{"floor":8.0,"key":"FocusPotion"},{"floor":13.0,"key":"Ancient Potion"},{"floor":19.0,"key":"Energy Potion"},{"floor":33.0,"key":"FocusPotion"},{"floor":35,"key":"PowerPotion"},{"floor":42,"key":"FocusPotion"}],"is_trial":false,"path_per_floor":["M","M","$","M","M","R","E","M","T","?","R","?","E","M","R","B",null,"M","M","?","$","?","R","E","?","T","M","E","R","$","?","R","B",null,"M","M","M","$","?","R","M","E","T","$","R","E","?","$","R","B",null],"character_chosen":"DEFECT","items_purchased":["Happy Flower","White Noise","Strawberry"],"campfire_rested":2,"item_purchase_floors":[21,30,48],"current_hp_per_floor":[69,67,67,67,58,58,54,54,54,54,54,39,37,39,39,33,75,75,67,67,67,67,67,66,66,66,68,61,61,61,61,61,59,75,75,53,54,54,54,54,35,35,35,35,57,16,35,42,66,82],"gold":105,"neow_bonus":"RANDOM_COMMON_RELIC","is_prod":false,"is_daily":false,"chose_seed":false,"campfire_upgraded":7,"win_rate":0,"timestamp":1552004136,"path_taken":["M","M","$","M","M","R","E","M","T","?","R","?","E","M","R","BOSS","M","M","?","$","?","R","E","?","T","M","E","R","$","?","R","BOSS","M","M","M","$","?","R","?","E","T","$","R","E","?","$","R","BOSS"],"build_version":"2019-01-23","purchased_purges":4,"victory":true,"max_hp_per_floor":[75,75,75,75,75,75,75,75,75,75,75,75,75,75,75,75,75,75,75,75,75,75,75,75,75,75,75,75,75,75,75,75,75,75,75,75,75,75,75,75,75,75,75,75,75,75,75,82,82,82],"card_choices":[{"not_picked":["Compile Driver","Hologram"],"picked":"Coolheaded","floor":1.0},{"not_picked":["Steam","Barrage","Steam Power"],"picked":"SKIP","floor":2.0},{"not_picked":["Cold Snap","Thunder Strike"],"picked":"Conserve Battery","floor":4.0},{"not_picked":["Conserve Battery","Rebound"],"picked":"Cold Snap","floor":5.0},{"not_picked":["Compile Driver","Chaos"],"picked":"Sweeping Beam","floor":7.0},{"not_picked":["Force Field","Fusion","Turbo"],"picked":"SKIP","floor":8.0},{"not_picked":["Rebound","Recycle"],"picked":"Core Surge","floor":13.0},{"not_picked":["Beam Cell","Steam"],"picked":"Glacier","floor":14.0},{"not_picked":["All For One","Seek"],"picked":"Echo Form","floor":16.0},{"not_picked":["Gash","Hologram","Storm"],"picked":"SKIP","floor":18.0},{"not_picked":["Steam","Stack+1"],"picked":"Cold Snap+1","floor":19.0},{"not_picked":["Hologram","Reprogram+1","Self Repair"],"picked":"SKIP","floor":24.0},{"not_picked":["Barrage+1","Conserve Battery","Rebound"],"picked":"Ball Lightning+1","floor":27.0},{"not_picked":["Ball Lightning","Chaos+1","Glacier"],"picked":"Capacitor","floor":28.0},{"not_picked":["Hyperbeam","All For One","Multi-Cast"],"picked":"Creative AI","floor":33.0},{"not_picked":["Chaos","Leap","Stack","Rebound"],"picked":"SKIP","floor":35},{"not_picked":["Heatsinks+1","Coolheaded","Storm+1","Ball Lightning+1"],"picked":"SKIP","floor":36},{"not_picked":["Force Field","Streamline+1","Ball Lightning+1","Hologram"],"picked":"SKIP","floor":37},{"not_picked":["Stack","Turbo+1","Sweeping Beam","Consume"],"picked":"SKIP","floor":41},{"not_picked":["Sweeping Beam","Reboot","Steam Power+1","Hologram"],"picked":"SKIP","floor":42},{"not_picked":["Lockon","Skim+1","Beam Cell"],"picked":"Capacitor","floor":46}],"player_experience":1093334,"relics_obtained":[{"floor":7.0,"key":"War Paint"},{"floor":9.0,"key":"Blood Vial"},{"floor":13.0,"key":"Smiling Mask"},{"floor":24.0,"key":"Question Card"},{"floor":26.0,"key":"Vajra"},{"floor":28.0,"key":"DataDisk"},{"floor":42,"key":"Bird Faced Urn"},{"floor":43,"key":"Whetstone"},{"floor":46,"key":"MawBank"}],"event_choices":[{"damage_healed":0.0,"max_hp_gain":0.0,"max_hp_loss":0.0,"gold_gain":0.0,"event_name":"Living Wall","player_choice":"Grow","floor":10.0,"gold_loss":0.0,"damage_taken":0.0,"cards_upgraded":["Zap"]},{"damage_healed":0.0,"max_hp_gain":0.0,"max_hp_loss":0.0,"gold_gain":0.0,"event_name":"Shining Light","player_choice":"Entered Light","floor":12.0,"gold_loss":0.0,"damage_taken":15.0,"cards_upgraded":["Coolheaded","Strike_B"]},{"damage_healed":0.0,"max_hp_gain":0.0,"max_hp_loss":0.0,"gold_gain":0.0,"event_name":"Cursed Tome","player_choice":"Ignored","floor":20.0,"gold_loss":0.0,"damage_taken":0.0},{"damage_healed":0.0,"max_hp_gain":0.0,"max_hp_loss":0.0,"gold_gain":0.0,"event_name":"The Library","player_choice":"Read","floor":22.0,"gold_loss":0.0,"damage_taken":0.0,"cards_obtained":["FTL"]},{"cards_removed":["Strike_B"],"damage_healed":0.0,"max_hp_gain":0.0,"max_hp_loss":0.0,"gold_gain":0.0,"event_name":"Beggar","player_choice":"Gave Gold","floor":25.0,"gold_loss":75.0,"damage_taken":0.0},{"damage_healed":0.0,"max_hp_gain":0.0,"max_hp_loss":0.0,"gold_gain":0.0,"event_name":"Wheel of Change","player_choice":"Cursed","floor":31.0,"gold_loss":0.0,"damage_taken":0.0,"cards_obtained":["Decay"]},{"cards_removed":["Decay"],"damage_healed":0,"gold_gain":0,"player_choice":"Removed Curses","damage_taken":0,"max_hp_gain":0,"max_hp_loss":0,"event_name":"Fountain of Cleansing","floor":39,"gold_loss":0},{"damage_healed":19,"gold_gain":0,"player_choice":"Writhe","damage_taken":0,"max_hp_gain":0,"max_hp_loss":0,"event_name":"Winding Halls","floor":47,"gold_loss":0,"cards_obtained":["Writhe"]}],"is_beta":false,"boss_relics":[{"not_picked":["White Beast Statue","Snecko Eye"],"picked":"FrozenCore"},{"not_picked":["Astrolabe","Inserter"],"picked":"Nuclear Battery"}],"items_purged_floors":[30,38,44,48],"is_endless":false,"potions_floor_spawned":[2,5,8,13,14,19,27,33,35,42],"ascension_level":0}