{"gold_per_floor":[115,132,132,132,152,152,152,152,152,152,165,191,120,131,131,231,231,249,35,54,54,54,54,67,67,94,16,36,36,36,56,56,156,156,171,187,112,132,148,148,166,166,166,166,166,66,84,94,94,94],"floor_reached":51,"playtime":1394,"items_purged":["Shame","Writhe"],"score":649,"play_id":"c6dfd94e-6f5c-426a-b084-4d42857fe60b","local_time":"20190506224113","is_ascension_mode":false,"campfire_choices":[{"data":"Defragment","floor":6.0,"key":"SMITH"},{"data":"Zap","floor":8.0,"key":"SMITH"},{"data":"Go for the Eyes","floor":10.0,"key":"SMITH"},{"data":"Defragment","floor":15.0,"key":"SMITH"},{"data":"Chaos","floor":23.0,"key":"SMITH"},{"data":"Buffer","floor":25.0,"key":"SMITH"},{"data":"Defragment","floor":29.0,"key":"SMITH"},{"data":"Creative AI","floor":32.0,"key":"SMITH"},{"data":"Glacier","floor":40.0,"key":"SMITH"},{"data":"Glacier","floor":42.0,"key":"SMITH"},{"floor":49,"key":"REST"}],"neow_cost":"NONE","seed_source_timestamp":1384910537427300,"circlet_count":0,"master_deck":["Strike_B","Strike_B","Strike_B+1","Strike_B","Defend_B","Defend_B+1","Defend_B","Zap+1","Dualcast+1","Go for the Eyes+1","Auto Shields","Defragment+1","Chaos+1","Defragment+1","Buffer+1","Glacier+1","Creative AI+1","Ball Lightning","Blizzard+1","Glacier+1","Defragment+1","Electrodynamics"],"special_seed":0,"relics":["Cracked Core","Bottled Tornado","Boot","Orrery","Runic Capacitor","PreservedInsect","Dream Catcher","Cursed Key"],"potions_floor_usage":[50,50,50],"damage_taken":[{"damage":3.0,"enemies":"2 Louse","floor":1.0,"turns":2.0},{"damage":0.0,"enemies":"Cultist","floor":2.0,"turns":3.0},{"damage":0.0,"enemies":"Small Slimes","floor":5.0,"turns":2.0},{"damage":1.0,"enemies":"Exordium Wildlife","floor":11.0,"turns":3.0},{"damage":12.0,"enemies":"Gremlin Nob","floor":12.0,"turns":4.0},{"damage":7.0,"enemies":"Blue Slaver","floor":14.0,"turns":2.0},{"damage":13.0,"enemies":"The Guardian","floor":16.0,"turns":10.0},{"damage":0.0,"enemies":"Chosen","floor":18.0,"turns":6.0},{"damage":0.0,"enemies":"3 Byrds","floor":20.0,"turns":6.0},{"damage":0.0,"enemies":"Sentry and Sphere","floor":24.0,"turns":7.0},{"damage":0.0,"enemies":"Centurion and Healer","floor":28.0,"turns":9.0},{"damage":6.0,"enemies":"Snake Plant","floor":31.0,"turns":7.0},{"damage":37.0,"enemies":"Automaton","floor":33.0,"turns":9.0},{"damage":1.0,"enemies":"3 Shapes","floor":35.0,"turns":3.0},{"damage":2.0,"enemies":"Orb Walker","floor":36.0,"turns":4.0},{"damage":0.0,"enemies":"Transient","floor":38.0,"turns":5.0},{"damage":1.0,"enemies":"Sphere and 2 Shapes","floor":39.0,"turns":4.0},{"damage":6.0,"enemies":"Writhing Mass","floor":41.0,"turns":6.0},{"damage":10,"enemies":"3 Darklings","floor":47,"turns":4},{"damage":22,"enemies":"Jaw Worm Horde","floor":48,"turns":4},{"damage":9,"enemies":"Donu and Deca","floor":50,"turns":11}],"seed_played":"-995743335606913823","potions_obtained":[{"floor":1.0,"key":"Strength Potion"},{"floor":11.0,"key":"Swift Potion"},{"floor":14.0,"key":"Explosive Potion"},{"floor":47,"key":"Dexterity Potion"}],"is_trial":false,"path_per_floor":["M","M","?","?","M","R","$","R","T","R","M","E","$","M","R","B",null,"M","$","M","?","?","R","M","R","T","$","M","R","$","M","R","B",null,"M","M","$","M","M","R","M","R","T","?","?","$","M","M","R","B",null],"character_chosen":"DEFECT","items_purchased":["Chaos","Runic Capacitor","Ball Lightning","Defragment"],"campfire_rested":1,"item_purchase_floors":[13,19,19,27],"current_hp_per_floor":[72,72,57,57,57,57,57,57,57,57,56,44,44,37,37,24,75,75,75,75,75,75,75,75,75,75,75,75,75,75,69,69,32,75,74,72,72,72,71,71,65,65,65,75,75,75,65,43,65,56],"gold":94,"neow_bonus":"UPGRADE_CARD","is_prod":false,"is_daily":false,"chose_seed":false,"campfire_upgraded":10,"win_rate":0,"timestamp":1557178873,"path_taken":["M","M","?","?","M","R","$","R","T","R","M","E","$","?","R","BOSS","M","$","M","?","?","R","M","R","T","$","M","R","?","M","R","BOSS","M","M","$","M","M","R","M","R","T","?","?","$","M","M","R","BOSS"],"build_version":"2019-01-23","purchased_purges":2,"victory":true,"max_hp_per_floor":[75,75,75,75,75,75,75,75,75,75,75,75,75,75,75,75,75,75,75,75,75,75,75,75,75,75,75,75,75,75,75,75,75,75,75,75,75,75,75,75,75,75,75,75,75,75,75,75,75,75],"card_choices":[{"not_picked":["Barrage","Hologram"],"picked":"Go for the Eyes","floor":1.0},{"not_picked":["Go for the Eyes","Sweeping Beam"],"picked":"Auto Shields","floor":2.0},{"not_picked":["Capacitor","Compile Driver"],"picked":"Defragment","floor":5.0},{"not_picked":["Rebound","Double Energy","Hello World"],"picked":"SKIP","floor":11.0},{"not_picked":["Steam","Machine Learning","Scrape"],"picked":"SKIP","floor":12.0},{"not_picked":["Cold Snap","Auto Shields"],"picked":"Defragment","floor":14.0},{"not_picked":["Meteor Strike","Hyperbeam"],"picked":"Buffer","floor":16.0},{"not_picked":["Go for the Eyes","Lockon"],"picked":"Glacier","floor":17.0},{"not_picked":["Sweeping Beam","Go for the Eyes+1","Creative AI"],"picked":"SKIP","floor":18.0},{"not_picked":["Sweeping Beam","Go for the Eyes+1"],"picked":"Creative AI","floor":18.0},{"not_picked":["Consume","Coolheaded"],"picked":"Blizzard+1","floor":20.0},{"not_picked":["Melter","Coolheaded","Ball Lightning+1"],"picked":"SKIP","floor":24.0},{"not_picked":["Reprogram","Sunder","Go for the Eyes"],"picked":"SKIP","floor":28.0},{"not_picked":["Sweeping Beam+1","Glacier","Barrage"],"picked":"SKIP","floor":31.0},{"not_picked":["Reboot","Buffer"],"picked":"Electrodynamics","floor":33.0},{"not_picked":["Lockon+1","Go for the Eyes+1","Stack+1"],"picked":"SKIP","floor":35.0},{"not_picked":["Hologram","Rebound","Go for the Eyes"],"picked":"SKIP","floor":36.0},{"not_picked":["Barrage+1","Heatsinks","Recycle"],"picked":"SKIP","floor":38.0},{"not_picked":["Streamline","Coolheaded+1","Gash+1"],"picked":"SKIP","floor":39.0},{"not_picked":["Gash+1","Genetic Algorithm","Barrage"],"picked":"SKIP","floor":41.0},{"not_picked":["Sweeping Beam+1","Fusion","Stack"],"picked":"SKIP","floor":47},{"not_picked":["Go for the Eyes","Double Energy","Cold Snap+1"],"picked":"SKIP","floor":48}],"player_experience":1221902,"relics_obtained":[{"floor":9.0,"key":"Bottled Tornado"},{"floor":12.0,"key":"Boot"},{"floor":26.0,"key":"Dream Catcher"}],"event_choices":[{"damage_healed":0.0,"max_hp_gain":0.0,"max_hp_loss":0.0,"gold_gain":0.0,"event_name":"Shining Light","player_choice":"Entered Light","floor":3.0,"gold_loss":0.0,"damage_taken":15.0,"cards_upgraded":["Defend_B","Strike_B"]},{"cards_removed":["Defend_B"],"damage_healed":0.0,"max_hp_gain":0.0,"max_hp_loss":0.0,"gold_gain":0.0,"event_name":"Purifier","player_choice":"Purged","floor":4.0,"gold_loss":0.0,"damage_taken":0.0},{"damage_healed":0.0,"max_hp_gain":0.0,"max_hp_loss":0.0,"gold_gain":0.0,"event_name":"The Library","player_choice":"Read","floor":21.0,"gold_loss":0.0,"damage_taken":0.0,"cards_obtained":["Glacier"]},{"damage_healed":0.0,"max_hp_gain":0.0,"max_hp_loss":0.0,"gold_gain":0.0,"event_name":"Addict","player_choice":"Stole Relic","floor":22.0,"gold_loss":0.0,"damage_taken":0.0,"relics_obtained":["PreservedInsect"],"cards_obtained":["Shame"]},{"damage_healed":19.0,"max_hp_gain":0.0,"max_hp_loss":0.0,"gold_gain":0.0,"event_name":"Winding Halls","player_choice":"Writhe","floor":44.0,"gold_loss":0.0,"damage_taken":0.0,"cards_obtained":["Writhe"]},{"damage_healed":0.0,"max_hp_gain":0.0,"max_hp_loss":0.0,"gold_gain":0.0,"event_name":"SensoryStone","player_choice":"Memory 1","floor":45.0,"gold_loss":0.0,"damage_taken":0.0}],"is_beta":false,"boss_relics":[{"not_picked":["Busted Crown","Coffee Dripper"],"picked":"Orrery"},{"not_picked":["Tiny House","Eternal Feather"],"picked":"Cursed Key"}],"items_purged_floors":[37,46],"is_endless":false,"potions_floor_spawned":[1,11,14,16,24,28,31,35,36,38,47],"ascension_level":0}