{"gold_per_floor":[116,116,136,136,136,136,146,146,146,158,158,186,186,203,203,301,301,317,317,327,252,264,264,276,276,303,317,329,329,84,84,84,84],"floor_reached":33,"playtime":873,"items_purged":["Strike_B","Strike_B"],"score":247,"play_id":"1a3464e9-c6f2-4caa-a904-b466f91e0742","local_time":"20190618161124","is_ascension_mode":false,"campfire_choices":[{"data":"Dualcast","floor":6.0,"key":"SMITH"},{"data":"Zap","floor":8.0,"key":"SMITH"},{"data":"Ball Lightning","floor":11.0,"key":"SMITH"},{"data":"White Noise","floor":15.0,"key":"SMITH"},{"data":"Defragment","floor":23,"key":"SMITH"},{"data":"Defend_B","floor":25,"key":"SMITH"},{"data":"Defragment","floor":29,"key":"SMITH"},{"data":"Defend_B","floor":32,"key":"SMITH"}],"neow_cost":"PERCENT_DAMAGE","seed_source_timestamp":273781224782987,"circlet_count":0,"master_deck":["Strike_B","Defend_B+1","Defend_B+1","Zap+1","Dualcast+1","White Noise+1","Conserve Battery","Ball Lightning+1","Auto Shields","Seek","Conserve Battery","Defragment+1","Coolheaded","Defragment+1","Coolheaded+1","Defragment+1"],"special_seed":0,"relics":["Cracked Core","Meat on the Bone","Sundial","Orrery","FaceOfCleric","Potion Belt"],"potions_floor_usage":[],"damage_taken":[{"damage":6.0,"enemies":"Jaw Worm","floor":1.0,"turns":3.0},{"damage":3.0,"enemies":"Small Slimes","floor":3.0,"turns":3.0},{"damage":1.0,"enemies":"Cultist","floor":7.0,"turns":4.0},{"damage":0.0,"enemies":"3 Louse","floor":10.0,"turns":2.0},{"damage":16.0,"enemies":"3 Sentries","floor":12.0,"turns":6.0},{"damage":1.0,"enemies":"Lots of Slimes","floor":14.0,"turns":3.0},{"damage":17.0,"enemies":"Slime Boss","floor":16.0,"turns":10.0},{"damage":6.0,"enemies":"3 Byrds","floor":18.0,"turns":5.0},{"damage":0,"enemies":"Spheric Guardian","floor":20,"turns":4},{"damage":0,"enemies":"Snecko","floor":22,"turns":6},{"damage":0,"enemies":"Cultist and Chosen","floor":24,"turns":6},{"damage":7,"enemies":"Chosen and Byrds","floor":27,"turns":5},{"damage":22,"enemies":"Shelled Parasite and Fungi","floor":28,"turns":6},{"damage":5,"enemies":"Champ","floor":33,"turns":7}],"seed_played":"8272467045723236499","potions_obtained":[{"floor":1.0,"key":"GamblersBrew"},{"floor":3.0,"key":"GamblersBrew"},{"floor":5.0,"key":"Energy Potion"},{"floor":5.0,"key":"Regen Potion"},{"floor":7.0,"key":"SpeedPotion"},{"floor":20,"key":"Strength Potion"},{"floor":28,"key":"Fire Potion"}],"is_trial":false,"path_per_floor":["M","$","M","?","?","R","M","R","T","M","R","E","?","M","R","B",null,"M","?","M","$","M","R","M","R","T","M","M","R","$","?","R","B"],"character_chosen":"DEFECT","items_purchased":["FocusPotion","FocusPotion"],"campfire_rested":0,"item_purchase_floors":[30,30],"current_hp_per_floor":[48,48,45,38,38,38,49,49,49,49,49,45,45,44,44,39,75,69,69,70,70,71,71,72,72,72,66,45,45,45,45,45,40],"gold":84,"neow_bonus":"REMOVE_TWO","is_prod":false,"is_daily":false,"chose_seed":false,"campfire_upgraded":8,"win_rate":0,"timestamp":1560870684,"path_taken":["M","$","M","?","?","R","?","R","T","M","R","E","?","?","R","BOSS","M","?","M","$","?","R","M","R","T","M","M","R","$","?","R","BOSS"],"build_version":"2019-01-23","purchased_purges":2,"victory":false,"max_hp_per_floor":[75,75,75,75,75,75,75,75,75,75,75,75,75,75,75,75,75,75,75,76,76,77,77,78,78,78,79,80,80,80,80,80,80],"card_choices":[{"not_picked":["Storm","Steam"],"picked":"White Noise","floor":1.0},{"not_picked":["Redo","Leap"],"picked":"Conserve Battery","floor":3.0},{"not_picked":["Streamline","Steam","White Noise"],"picked":"SKIP","floor":7.0},{"not_picked":["Coolheaded","Hologram"],"picked":"Ball Lightning","floor":10.0},{"not_picked":["Consume","FTL","Rebound"],"picked":"SKIP","floor":12.0},{"not_picked":["Capacitor","Ball Lightning"],"picked":"Auto Shields","floor":14.0},{"not_picked":["Creative AI","Core Surge"],"picked":"Seek","floor":16.0},{"not_picked":["Turbo","White Noise"],"picked":"Conserve Battery","floor":17.0},{"not_picked":["Compile Driver","Ball Lightning"],"picked":"Defragment","floor":17.0},{"not_picked":["Hologram","Steam"],"picked":"Coolheaded","floor":17.0},{"not_picked":["Darkness","Hello World","Rebound+1"],"picked":"SKIP","floor":18.0},{"not_picked":["Double Energy","Compile Driver","Chaos"],"picked":"SKIP","floor":20},{"not_picked":["Barrage+1","Hologram+1"],"picked":"Defragment","floor":22},{"not_picked":["Heatsinks","Hologram+1"],"picked":"Coolheaded+1","floor":24},{"not_picked":["Cold Snap","Redo+1","Reboot"],"picked":"SKIP","floor":27},{"not_picked":["Barrage","Redo","Stack+1"],"picked":"SKIP","floor":28}],"player_experience":1297681,"relics_obtained":[{"floor":9.0,"key":"Meat on the Bone"},{"floor":12.0,"key":"Sundial"},{"floor":26,"key":"Potion Belt"}],"event_choices":[{"cards_removed":["Defend_B"],"damage_healed":0.0,"max_hp_gain":0.0,"max_hp_loss":0.0,"gold_gain":0.0,"event_name":"Golden Wing","player_choice":"Card Removal","floor":4.0,"gold_loss":0.0,"damage_taken":7.0},{"damage_healed":0.0,"max_hp_gain":0.0,"max_hp_loss":0.0,"gold_gain":0.0,"event_name":"Lab","player_choice":"Got Potions","floor":5.0,"gold_loss":0.0,"damage_taken":0.0},{"damage_healed":0.0,"max_hp_gain":0.0,"max_hp_loss":0.0,"gold_gain":0.0,"event_name":"The Woman in Blue","player_choice":"Bought 0 Potions","floor":13.0,"gold_loss":0.0,"damage_taken":0.0},{"damage_healed":0.0,"max_hp_gain":0.0,"max_hp_loss":0.0,"gold_gain":0.0,"event_name":"FaceTrader","player_choice":"Trade","floor":19.0,"gold_loss":0.0,"damage_taken":0.0,"relics_obtained":["FaceOfCleric"]},{"damage_healed":0,"gold_gain":0,"player_choice":"Copied","damage_taken":0,"max_hp_gain":0,"max_hp_loss":0,"event_name":"Duplicator","floor":31,"gold_loss":0,"cards_obtained":["Defragment"]}],"is_beta":false,"boss_relics":[{"not_picked":["Velvet Choker","Black Star"],"picked":"Orrery"}],"items_purged_floors":[21,30],"is_endless":false,"potions_floor_spawned":[1,3,7,20,22,28],"killed_by":"Champ","ascension_level":0}