{"gold_per_floor":[112,22,22,37,47,122,157,174,174,209,223,256,256,256,256,358,358,377,391,51,51,64,92,0,0,27,27,46,46,46],"floor_reached":30,"playtime":4660,"items_purged":[],"score":268,"play_id":"5cabfcea-7f54-4268-a0dc-c44ce73129a6","local_time":"20190501032446","is_ascension_mode":false,"campfire_choices":[{"floor":13,"key":"REST"},{"floor":15,"key":"REST"},{"floor":25,"key":"REST"},{"floor":27,"key":"REST"},{"data":"Bash","floor":29,"key":"SMITH"}],"neow_cost":"","seed_source_timestamp":358963802056800,"circlet_count":0,"master_deck":["Strike_R","Strike_R","Strike_R","Strike_R","Strike_R","Defend_R","Defend_R","Defend_R","Bash+1","Flex","Fire Breathing","Perfected Strike","Iron Wave","Rage","Warcry","Armaments","Perfected Strike","Cleave","Clothesline","True Grit","Bludgeon","Rupture","Twin Strike","Bandage Up","Dropkick","Metallicize","Feed","RitualDagger","Impervious","Carnage+1","Rampage","Battle Trance","Iron Wave+1"],"relics":["Burning Blood","Nunchaku","Torii","FossilizedHelix","Bottled Flame","Philosopher\u0027s Stone","Dream Catcher","Happy Flower"],"potions_floor_usage":[16,23,23,23],"damage_taken":[{"damage":5,"enemies":"Small Slimes","floor":1,"turns":3},{"damage":6,"enemies":"2 Louse","floor":4,"turns":3},{"damage":6,"enemies":"Cultist","floor":5,"turns":3},{"damage":18,"enemies":"Gremlin Nob","floor":7,"turns":4},{"damage":8,"enemies":"Blue Slaver","floor":8,"turns":3},{"damage":15,"enemies":"3 Sentries","floor":10,"turns":9},{"damage":21,"enemies":"Large Slime","floor":11,"turns":6},{"damage":9,"enemies":"Gremlin Nob","floor":12,"turns":5},{"damage":33,"enemies":"The Guardian","floor":16,"turns":10},{"damage":6,"enemies":"Chosen","floor":18,"turns":4},{"damage":16,"enemies":"Shell Parasite","floor":19,"turns":6},{"damage":40,"enemies":"Shelled Parasite and Fungi","floor":22,"turns":5},{"damage":32,"enemies":"Gremlin Leader","floor":23,"turns":9},{"damage":17,"enemies":"Chosen and Byrds","floor":28,"turns":6},{"damage":70,"enemies":"Slavers","floor":30,"turns":6}],"seed_played":"-4283109350720549025","potions_obtained":[{"floor":1,"key":"Dexterity Potion"},{"floor":7,"key":"LiquidBronze"},{"floor":8,"key":"SneckoOil"},{"floor":11,"key":"Poison Potion"},{"floor":12,"key":"Block Potion"},{"floor":19,"key":"Block Potion"}],"is_trial":false,"path_per_floor":["M","$","?","M","M","?","E","M","T","E","M","E","R","?","R","B",null,"M","M","$","?","M","E","?","R","T","R","M","R","E"],"character_chosen":"IRONCLAD","items_purchased":["Fire Breathing","Perfected Strike","Bandage Up","Dropkick","Metallicize","Feed"],"campfire_rested":4,"item_purchase_floors":[2,2,20,20,20,20],"current_hp_per_floor":[80,80,85,85,85,74,62,60,60,51,36,33,58,58,83,56,85,85,75,75,69,42,20,20,46,46,72,65,65,0],"gold":46,"neow_bonus":"","is_prod":false,"is_daily":false,"chose_seed":false,"campfire_upgraded":1,"win_rate":0.0,"timestamp":1556699086,"path_taken":["M","$","?","M","M","?","E","M","T","E","M","E","R","?","R","BOSS","M","M","$","?","M","E","?","R","T","R","M","R","E"],"build_version":"2019-01-23","purchased_purges":0,"victory":false,"max_hp_per_floor":[80,80,85,85,85,85,85,85,85,85,85,85,85,85,85,85,85,85,85,85,85,88,88,88,88,88,88,88,88,88],"card_choices":[{"not_picked":["Hemokinesis","Body Slam"],"picked":"Flex","floor":1},{"not_picked":["Body Slam","Bloodletting"],"picked":"Iron Wave","floor":4},{"not_picked":["Iron Wave","True Grit"],"picked":"Rage","floor":5},{"not_picked":["Anger","Flex"],"picked":"Warcry","floor":7},{"not_picked":["Pommel Strike","Sword Boomerang"],"picked":"Armaments","floor":8},{"not_picked":["True Grit","Dropkick"],"picked":"Perfected Strike","floor":10},{"not_picked":["Second Wind","Pommel Strike"],"picked":"Cleave","floor":11},{"not_picked":["Whirlwind","Iron Wave"],"picked":"Clothesline","floor":12},{"not_picked":["Impervious","Berserk"],"picked":"Bludgeon","floor":16},{"not_picked":["Cleave","Clash"],"picked":"Rupture","floor":18},{"not_picked":["Warcry+1","Uppercut"],"picked":"Twin Strike","floor":19},{"not_picked":["Power Through","Warcry"],"picked":"Impervious","floor":22},{"not_picked":["Warcry","Shrug It Off+1"],"picked":"Carnage+1","floor":23},{"not_picked":["Flame Barrier","True Grit"],"picked":"Rampage","floor":25},{"not_picked":["Sever Soul","Dual Wield"],"picked":"Battle Trance","floor":27},{"not_picked":["Pommel Strike","Infernal Blade"],"picked":"Iron Wave+1","floor":28}],"player_experience":0,"relics_obtained":[{"floor":7,"key":"Nunchaku"},{"floor":9,"key":"Torii"},{"floor":10,"key":"FossilizedHelix"},{"floor":12,"key":"Bottled Flame"},{"floor":23,"key":"Dream Catcher"},{"floor":26,"key":"Happy Flower"}],"event_choices":[{"damage_healed":0,"gold_gain":0,"player_choice":"Donut","damage_taken":0,"max_hp_gain":5,"max_hp_loss":0,"event_name":"Big Fish","floor":3,"gold_loss":0},{"damage_healed":0,"gold_gain":75,"player_choice":"Gather Gold","damage_taken":11,"max_hp_gain":0,"max_hp_loss":0,"event_name":"World of Goop","floor":6,"gold_loss":0},{"damage_healed":0,"gold_gain":0,"cards_transformed":["Defend_R"],"player_choice":"Transformed","damage_taken":0,"max_hp_gain":0,"max_hp_loss":0,"event_name":"Transmorgrifier","floor":14,"gold_loss":0,"cards_obtained":["True Grit"]},{"damage_healed":0,"gold_gain":0,"player_choice":"Joined the Cult","damage_taken":6,"max_hp_gain":0,"max_hp_loss":0,"event_name":"Nest","floor":21,"gold_loss":0,"cards_obtained":["RitualDagger"]},{"damage_healed":0,"gold_gain":0,"player_choice":"Paid Fearfully","damage_taken":0,"max_hp_gain":0,"max_hp_loss":0,"event_name":"Masked Bandits","floor":24,"gold_loss":92}],"is_beta":false,"boss_relics":[{"not_picked":["Runic Dome","Snecko Eye"],"picked":"Philosopher\u0027s Stone"}],"items_purged_floors":[],"is_endless":false,"potions_floor_spawned":[1,7,8,11,12,19,22],"killed_by":"Slavers","ascension_level":0}