{"gold_per_floor":[117,134,54,73,148,148,182,182,182,214,214,231,39,55,55,158,158,142,155,189,189,189,189,207,207,207,239,239,309,309,8,8,106,106,124,224,224,236,236,236,268,287,287,315,315,327,343,565,565,565],"floor_reached":51,"playtime":4228,"items_purged":[],"score":922,"play_id":"e507960e-4fd5-4db5-bd15-efa4813c4334","local_time":"20190620190342","is_ascension_mode":true,"campfire_choices":[{"data":"Noxious Fumes","floor":6,"key":"SMITH"},{"floor":11,"key":"REST"},{"floor":15,"key":"REST"},{"floor":23,"key":"REST"},{"floor":25,"key":"REST"},{"floor":28,"key":"REST"},{"floor":32,"key":"REST"},{"floor":40,"key":"REST"},{"floor":45,"key":"REST"},{"floor":49,"key":"REST"}],"neow_cost":"NONE","seed_source_timestamp":259519400059684,"circlet_count":0,"master_deck":["Defend_G","Defend_G","Defend_G","Defend_G+1","Strike_G","Strike_G","Survivor+1","Neutralize","Backflip","Bouncing Flask","Noxious Fumes+1","Cloak And Dagger","Cloak And Dagger","Poisoned Stab","Caltrops","After Image","Skewer+1","Footwork+1","All Out Attack+1","Quick Slash","Blade Dance","Noxious Fumes","Ghostly","Ghostly","Ghostly","Ghostly","Ghostly","Dodge and Roll+1","Escape Plan+1","Burst","A Thousand Cuts","Infinite Blades+1","Madness","Madness","Parasite","Blade Dance","Blade Dance+1"],"relics":["Ring of the Snake","Letter Opener","War Paint","TwistedFunnel","Astrolabe","Red Mask","Smiling Mask","Singing Bowl","Kunai","Nloth\u0027s Gift","Snake Skull","Black Star","Dead Branch","Sundial","Mercury Hourglass","Darkstone Periapt","Blue Candle","Bottled Lightning"],"potions_floor_usage":[2,16,19,20,27,36,42,46,50],"damage_taken":[{"damage":1,"enemies":"Small Slimes","floor":1,"turns":4},{"damage":2,"enemies":"Jaw Worm","floor":2,"turns":6},{"damage":0,"enemies":"Cultist","floor":4,"turns":3},{"damage":17,"enemies":"Lagavulin","floor":7,"turns":6},{"damage":38,"enemies":"3 Sentries","floor":10,"turns":8},{"damage":11,"enemies":"Gremlin Gang","floor":12,"turns":5},{"damage":0,"enemies":"2 Fungi Beasts","floor":14,"turns":3},{"damage":47,"enemies":"Slime Boss","floor":16,"turns":8},{"damage":11,"enemies":"2 Thieves","floor":18,"turns":4},{"damage":4,"enemies":"3 Byrds","floor":19,"turns":3},{"damage":32,"enemies":"Masked Bandits","floor":20,"turns":3},{"damage":32,"enemies":"Colosseum Slavers","floor":21,"turns":5},{"damage":0,"enemies":"Shelled Parasite and Fungi","floor":24,"turns":7},{"damage":21,"enemies":"Slavers","floor":27,"turns":8},{"damage":2,"enemies":"Automaton","floor":33,"turns":10},{"damage":2,"enemies":"Orb Walker","floor":35,"turns":4},{"damage":9,"enemies":"Mind Bloom Boss Battle","floor":36,"turns":11},{"damage":2,"enemies":"3 Darklings","floor":38,"turns":6},{"damage":25,"enemies":"Reptomancer","floor":41,"turns":10},{"damage":5,"enemies":"Sphere and 2 Shapes","floor":42,"turns":5},{"damage":0,"enemies":"Nemesis","floor":44,"turns":7},{"damage":9,"enemies":"Writhing Mass","floor":46,"turns":11},{"damage":0,"enemies":"Jaw Worm Horde","floor":47,"turns":3},{"damage":29,"enemies":"Donu and Deca","floor":50,"turns":9}],"seed_played":"7660113758911386897","potions_obtained":[{"floor":2,"key":"Fruit Juice"},{"floor":4,"key":"GamblersBrew"},{"floor":14,"key":"Fire Potion"},{"floor":16,"key":"Energy Potion"},{"floor":19,"key":"PowerPotion"},{"floor":24,"key":"Weak Potion"},{"floor":38,"key":"GamblersBrew"},{"floor":41,"key":"Explosive Potion"},{"floor":46,"key":"EssenceOfSteel"}],"is_trial":false,"path_per_floor":["M","M","$","M","?","R","E","?","T","E","R","M","$","M","R","B",null,"M","M","?","?","?","R","M","R","T","E","R","T","?","$","R","B",null,"M","?","?","M","?","R","E","M","T","E","R","M","M","?","R","B",null],"character_chosen":"THE_SILENT","items_purchased":["Noxious Fumes","TwistedFunnel","Snake Skull","Burst"],"campfire_rested":9,"item_purchase_floors":[3,13,31,31],"current_hp_per_floor":[76,79,79,79,68,68,51,51,51,13,37,26,26,26,50,3,82,71,67,35,3,3,15,15,27,27,6,18,18,18,18,30,28,41,41,34,34,32,26,39,16,13,13,15,30,27,27,27,44,15],"gold":565,"neow_bonus":"TEN_PERCENT_HP_BONUS","is_prod":false,"is_daily":false,"chose_seed":false,"campfire_upgraded":1,"win_rate":0,"timestamp":1561071822,"path_taken":["M","M","$","M","?","R","E","?","T","E","R","M","$","?","R","BOSS","M","?","?","?","?","R","M","R","T","E","R","?","?","$","R","BOSS","M","?","?","?","?","R","E","M","T","E","R","M","M","?","R","BOSS"],"build_version":"2019-01-23","purchased_purges":0,"victory":true,"max_hp_per_floor":[77,82,82,82,82,82,82,82,82,82,82,82,82,82,82,82,82,82,82,82,82,41,41,41,41,41,41,41,41,41,41,41,41,41,43,45,45,45,45,45,47,49,49,51,51,57,57,57,57,57],"card_choices":[{"not_picked":["Outmaneuver","Acrobatics"],"picked":"Backflip","floor":1},{"not_picked":["Outmaneuver","Skewer"],"picked":"Bouncing Flask","floor":2},{"not_picked":["Predator","Masterful Stab","Outmaneuver"],"picked":"SKIP","floor":4},{"not_picked":["Blur","Finisher"],"picked":"Cloak And Dagger","floor":7},{"not_picked":["Skewer","Quick Slash","Blade Dance"],"picked":"Cloak And Dagger","floor":10},{"not_picked":["Calculated Gamble","Dodge and Roll","Flying Knee"],"picked":"Poisoned Stab","floor":12},{"not_picked":["Finisher","Outmaneuver","Dagger Spray"],"picked":"Caltrops","floor":14},{"not_picked":["Doppelganger","Corpse Explosion","Envenom"],"picked":"After Image","floor":16},{"not_picked":["Acrobatics","Bane","Dash"],"picked":"Quick Slash","floor":18},{"not_picked":["Flying Knee+1","Dagger Throw","PiercingWail"],"picked":"Blade Dance","floor":19},{"not_picked":["Eviscerate","Malaise","Poisoned Stab"],"picked":"Noxious Fumes","floor":20},{"not_picked":["Deadly Poison","Bane","Slice"],"picked":"Dodge and Roll+1","floor":24},{"not_picked":["Deadly Poison+1","Heel Hook","PiercingWail"],"picked":"Escape Plan+1","floor":27},{"not_picked":["Venomology","Storm of Steel"],"picked":"A Thousand Cuts","floor":33},{"not_picked":["Dagger Throw+1","Choke","Slice+1"],"picked":"Singing Bowl","floor":35},{"not_picked":["Deadly Poison","Dodge and Roll","Prepared+1"],"picked":"Singing Bowl","floor":36},{"not_picked":["Well Laid Plans+1","Slice+1"],"picked":"Infinite Blades+1","floor":38},{"not_picked":["Tools of the Trade","Slice","Endless Agony+1"],"picked":"Singing Bowl","floor":41},{"not_picked":["Dodge and Roll+1","Deflect+1","Outmaneuver+1"],"picked":"Singing Bowl","floor":42},{"not_picked":["Acrobatics","Underhanded Strike+1","Corpse Explosion"],"picked":"Singing Bowl","floor":44},{"not_picked":["Crippling Poison","Poisoned Stab+1"],"picked":"Blade Dance","floor":46},{"not_picked":["PiercingWail+1","Slice+1"],"picked":"Blade Dance+1","floor":47}],"player_experience":442500,"relics_obtained":[{"floor":7,"key":"Letter Opener"},{"floor":9,"key":"Question Card"},{"floor":10,"key":"War Paint"},{"floor":20,"key":"Red Mask"},{"floor":26,"key":"Smiling Mask"},{"floor":27,"key":"Singing Bowl"},{"floor":29,"key":"Kunai"},{"floor":36,"key":"Dead Branch"},{"floor":41,"key":"Sundial"},{"floor":41,"key":"Mercury Hourglass"},{"floor":43,"key":"Darkstone Periapt"},{"floor":44,"key":"Blue Candle"},{"floor":44,"key":"Bottled Lightning"}],"event_choices":[{"damage_healed":0,"gold_gain":75,"player_choice":"Gather Gold","damage_taken":11,"max_hp_gain":0,"max_hp_loss":0,"event_name":"World of Goop","floor":5,"gold_loss":0},{"cards_removed":["Strike_G"],"damage_healed":0,"gold_gain":0,"player_choice":"Purged","damage_taken":0,"max_hp_gain":0,"max_hp_loss":0,"event_name":"Purifier","floor":8,"gold_loss":0},{"damage_healed":0,"gold_gain":0,"player_choice":"Fought Bandits","damage_taken":0,"max_hp_gain":0,"max_hp_loss":0,"event_name":"Masked Bandits","floor":20,"gold_loss":0},{"damage_healed":0,"gold_gain":0,"player_choice":"Fight","damage_taken":0,"max_hp_gain":0,"max_hp_loss":0,"event_name":"Colosseum","floor":21,"gold_loss":0},{"damage_healed":0,"gold_gain":0,"player_choice":"Fled From Nobs","damage_taken":0,"max_hp_gain":0,"max_hp_loss":0,"event_name":"Colosseum","floor":21,"gold_loss":0},{"damage_healed":0,"gold_gain":0,"player_choice":"Became a Ghost","damage_taken":0,"max_hp_gain":0,"max_hp_loss":41,"event_name":"Ghosts","floor":22,"gold_loss":0,"cards_obtained":["Ghostly","Ghostly","Ghostly","Ghostly","Ghostly"]},{"damage_healed":0,"gold_gain":0,"player_choice":"Traded Relic","damage_taken":0,"relics_obtained":["Nloth\u0027s Gift"],"max_hp_gain":0,"max_hp_loss":0,"event_name":"N\u0027loth","floor":30,"relics_lost":["Question Card"],"gold_loss":0},{"damage_healed":0,"gold_gain":0,"player_choice":"Fight","damage_taken":0,"max_hp_gain":0,"max_hp_loss":0,"event_name":"MindBloom","floor":36,"gold_loss":0},{"damage_healed":0,"gold_gain":0,"player_choice":"Ignored","damage_taken":0,"max_hp_gain":0,"max_hp_loss":0,"event_name":"Mysterious Sphere","floor":37,"gold_loss":0},{"damage_healed":0,"gold_gain":0,"player_choice":"Embrace Madness","damage_taken":6,"max_hp_gain":0,"max_hp_loss":0,"event_name":"Winding Halls","floor":39,"gold_loss":0,"cards_obtained":["Madness","Madness"]},{"damage_healed":0,"gold_gain":222,"player_choice":"Wore Mask","damage_taken":0,"max_hp_gain":0,"max_hp_loss":0,"event_name":"Tomb of Lord Red Mask","floor":48,"gold_loss":0}],"is_beta":false,"boss_relics":[{"not_picked":["HoveringKite","Snecko Eye"],"picked":"Astrolabe"},{"not_picked":["Tiny House","Busted Crown"],"picked":"Black Star"}],"items_purged_floors":[],"is_endless":false,"potions_floor_spawned":[2,4,14,16,19,24,38,41,46],"ascension_level":4}