{"path_per_floor":["M","?","M","M","M","R","E","R","T","E","$","R","?","?","R","B",null,"M","?","?","?","M","R"],"character_chosen":"IRONCLAD","items_purchased":["Flex"],"gold_per_floor":[18,18,34,52,65,65,98,98,125,150,97,97,97,97,97,220,220,241,241,241,166,185,185,185],"floor_reached":24,"campfire_rested":2,"playtime":1031,"item_purchase_floors":[11],"current_hp_per_floor":[77,77,80,80,79,79,67,67,67,55,55,55,55,35,59,30,80,46,46,46,46,42,66,0],"items_purged":[],"gold":185,"score":212,"play_id":"e82e23da-1df8-4d9c-ad2d-623b6f467b4f","local_time":"20180611202446","is_prod":false,"is_daily":false,"chose_seed":false,"is_ascension_mode":true,"campfire_upgraded":3,"win_rate":0,"timestamp":1528745086,"campfire_choices":[{"data":"Clothesline","floor":6,"key":"SMITH"},{"data":"Bash","floor":8,"key":"SMITH"},{"data":"Flex","floor":12,"key":"SMITH"},{"floor":15,"key":"REST"},{"floor":23,"key":"REST"}],"path_taken":["M","?","M","M","M","R","E","R","T","E","$","R","?","?","R","BOSS","M","?","?","?","M","R","E"],"build_version":"2018-06-07v3","seed_source_timestamp":942169004863747,"purchased_purges":0,"victory":false,"master_deck":["Strike_R","Strike_R","Defend_R","Defend_R","Defend_R","Bash+1","Clash","Feel No Pain","Clothesline+1","Pommel Strike","Power Through","Burning Pact","Flex+1","Flex+1","Reaper","True Grit+1"],"max_hp_per_floor":[80,80,80,80,80,80,80,80,80,80,80,80,80,80,80,80,80,80,80,80,80,82,82,82],"relics":["Burning Blood","Singing Bowl","Pen Nib","Oddly Smooth Stone","Golden Idol","White Beast Statue"],"card_choices":[{"not_picked":["Anger","Havoc"],"picked":"Clash","floor":1},{"not_picked":["Hemokinesis","Infernal Blade"],"picked":"Clothesline","floor":3},{"not_picked":["Headbutt","Flame Barrier"],"picked":"Pommel Strike","floor":4},{"not_picked":["Bloodletting","Dropkick"],"picked":"Power Through","floor":5},{"not_picked":["Bludgeon","Anger"],"picked":"Burning Pact","floor":7},{"not_picked":["Battle Trance","Havoc"],"picked":"Flex","floor":10},{"not_picked":["Juggernaut","Berserk"],"picked":"Reaper","floor":16},{"not_picked":["Warcry","Pommel Strike"],"picked":"True Grit+1","floor":18},{"not_picked":["Twin Strike","Anger","Clothesline"],"picked":"Singing Bowl","floor":22}],"player_experience":345382,"potions_floor_usage":[10,22,24,24],"damage_taken":[{"damage":9,"enemies":"Jaw Worm","floor":1,"turns":4},{"damage":1,"enemies":"Cultist","floor":3,"turns":3},{"damage":0,"enemies":"Small Slimes","floor":4,"turns":3},{"damage":7,"enemies":"Looter","floor":5,"turns":3},{"damage":18,"enemies":"Gremlin Nob","floor":7,"turns":4},{"damage":18,"enemies":"3 Sentries","floor":10,"turns":12},{"damage":35,"enemies":"The Guardian","floor":16,"turns":10},{"damage":48,"enemies":"3 Byrds","floor":18,"turns":9},{"damage":15,"enemies":"2 Thieves","floor":22,"turns":5},{"damage":89,"enemies":"Gremlin Leader","floor":24,"turns":9}],"relics_obtained":[{"floor":7,"key":"Singing Bowl"},{"floor":9,"key":"Pen Nib"},{"floor":10,"key":"Oddly Smooth Stone"}],"event_choices":[{"event_name":"Transmorgrifier","player_choice":"Transform","floor":2,"damage_taken":0},{"event_name":"Liars Game","player_choice":"disagreed","floor":13,"damage_taken":0},{"event_name":"Golden Idol","player_choice":"Take Damage","floor":14,"damage_taken":0},{"event_name":"The Woman in Blue","player_choice":"Bought 0 Potions","floor":19,"damage_taken":0},{"event_name":"Upgrade Shrine","player_choice":"Upgraded","floor":20,"damage_taken":0},{"event_name":"Beggar","player_choice":"Gave Gold","floor":21,"damage_taken":0}],"boss_relics":[{"not_picked":["Runic Pyramid","Runic Dome"],"picked":"White Beast Statue"}],"items_purged_floors":[],"potions_floor_spawned":[3,4,7,16,18,22],"seed_played":"-8433528293287351364","killed_by":"Gremlin Leader","ascension_level":1,"potions_obtained":[{"floor":3,"key":"Weak Potion"},{"floor":4,"key":"FearPotion"},{"floor":7,"key":"Swift Potion"},{"floor":16,"key":"Fire Potion"},{"floor":22,"key":"Energy Potion"}],"is_trial":false}