{"gold_per_floor":[116,116,116,116,216,216,254,254,254,279,294,294,313,336,336,461,461,476,601,601,526,541,541,541,541,588,607,293,293,312,227,227,358,358,379,279,295,295,311,311,311,345,369,369,369,369,383,188,188,188],"floor_reached":51,"playtime":3505,"items_purged":["Strike_B","Defend_B","Defend_B"],"score":691,"play_id":"ae469c76-7a09-4179-ab11-33aff631cbb7","local_time":"20190614205838","is_ascension_mode":false,"campfire_choices":[{"data":"Coolheaded","floor":6.0,"key":"SMITH"},{"data":"Strike_B","floor":8.0,"key":"SMITH"},{"data":"Ball Lightning","floor":15.0,"key":"SMITH"},{"data":"Echo Form","floor":23.0,"key":"SMITH"},{"data":"Apotheosis","floor":32.0,"key":"SMITH"},{"data":"Rainbow","floor":40,"key":"SMITH"},{"data":"Melter","floor":44,"key":"SMITH"},{"data":"Defend_B","floor":46,"key":"SMITH"},{"floor":49,"key":"REST"}],"neow_cost":"NONE","seed_source_timestamp":0,"circlet_count":0,"master_deck":["Strike_B+1","Defend_B+1","Zap+1","Dualcast+1","Coolheaded+1","Melter+1","Ball Lightning+1","Echo Form+1","Conserve Battery","Glacier","Apotheosis+1","Conserve Battery","Rainbow+1","Go for the Eyes+1","Reboot","Capacitor+1","Defragment"],"special_seed":0,"relics":["FrozenCore","Golden Idol","Happy Flower","Pantograph","Nuclear Battery","Gambling Chip","Meat on the Bone","MutagenicStrength","Bronze Scales","Shovel","Turnip","Vajra"],"potions_floor_usage":[37,50,50,50],"damage_taken":[{"damage":1.0,"enemies":"Jaw Worm","floor":1.0,"turns":3.0},{"damage":13.0,"enemies":"3 Sentries","floor":7.0,"turns":6.0},{"damage":5.0,"enemies":"Small Slimes","floor":10.0,"turns":2.0},{"damage":0.0,"enemies":"2 Louse","floor":11.0,"turns":1.0},{"damage":3.0,"enemies":"Red Slaver","floor":13.0,"turns":3.0},{"damage":6.0,"enemies":"Exordium Wildlife","floor":14.0,"turns":2.0},{"damage":26.0,"enemies":"Hexaghost","floor":16.0,"turns":8.0},{"damage":10.0,"enemies":"Shell Parasite","floor":18.0,"turns":3.0},{"damage":8.0,"enemies":"Colosseum Slavers","floor":19.0,"turns":3.0},{"damage":18.0,"enemies":"Colosseum Nobs","floor":19.0,"turns":4.0},{"damage":0.0,"enemies":"Chosen","floor":22.0,"turns":4.0},{"damage":0.0,"enemies":"Slavers","floor":24.0,"turns":1.0},{"damage":0.0,"enemies":"Sentry and Sphere","floor":27.0,"turns":2.0},{"damage":0.0,"enemies":"Snecko","floor":30.0,"turns":5.0},{"damage":38.0,"enemies":"Collector","floor":33.0,"turns":15.0},{"damage":0,"enemies":"3 Shapes","floor":35,"turns":5},{"damage":3,"enemies":"3 Darklings","floor":37,"turns":5},{"damage":0,"enemies":"Spire Growth","floor":39,"turns":5},{"damage":18,"enemies":"Reptomancer","floor":42,"turns":9},{"damage":16,"enemies":"Transient","floor":47,"turns":5},{"damage":63,"enemies":"Donu and Deca","floor":50,"turns":12}],"seed_played":"-684152220837507783","potions_obtained":[{"floor":7.0,"key":"Energy Potion"},{"floor":10.0,"key":"Energy Potion"},{"floor":13.0,"key":"SteroidPotion"},{"floor":22.0,"key":"SmokeBomb"},{"floor":27.0,"key":"Fire Potion"},{"floor":42,"key":"Regen Potion"}],"is_trial":false,"path_per_floor":["M","?","?","?","?","R","E","R","T","M","M","$","M","M","R","B",null,"M","?","?","?","M","R","E","?","T","M","$","?","M","?","R","B",null,"M","$","M","?","M","R","?","E","T","R","?","R","M","$","R","B",null],"character_chosen":"DEFECT","items_purchased":["Apotheosis","Conserve Battery","Defragment"],"campfire_rested":1,"item_purchase_floors":[28,28,48],"current_hp_per_floor":[74,74,56,49,49,49,36,36,36,31,31,31,28,22,22,21,75,65,39,39,39,39,39,39,39,39,39,39,39,39,39,39,38,75,75,75,72,72,72,72,72,54,54,54,54,54,38,38,60,30],"gold":188,"neow_bonus":"UPGRADE_CARD","is_prod":false,"is_daily":false,"chose_seed":false,"campfire_upgraded":8,"win_rate":0,"timestamp":1560542318,"path_taken":["M","?","?","?","?","R","E","R","T","M","M","$","?","M","R","BOSS","M","?","?","?","M","R","E","?","T","?","$","?","M","?","R","BOSS","M","$","M","?","?","R","?","E","T","R","?","R","M","$","R","BOSS"],"build_version":"2019-01-23","purchased_purges":3,"victory":true,"max_hp_per_floor":[75,75,75,75,75,75,75,75,75,75,75,75,75,75,75,75,75,75,75,75,75,75,75,75,75,75,75,75,75,75,75,75,75,75,75,75,75,75,75,75,75,75,75,75,75,75,75,75,75,75],"card_choices":[{"not_picked":["Leap","Rip and Tear"],"picked":"Coolheaded","floor":1.0},{"not_picked":["Thunder Strike","Reprogram","Turbo"],"picked":"SKIP","floor":7.0},{"not_picked":["White Noise","Fusion","Gash"],"picked":"SKIP","floor":10.0},{"not_picked":["White Noise","Rebound"],"picked":"Melter","floor":11.0},{"not_picked":["Cold Snap","Hologram"],"picked":"Ball Lightning","floor":13.0},{"not_picked":["Turbo","Static Discharge","Hologram"],"picked":"SKIP","floor":14.0},{"not_picked":["Seek","Hyperbeam"],"picked":"Echo Form","floor":16.0},{"not_picked":["Ball Lightning+1","Turbo"],"picked":"Conserve Battery","floor":18.0},{"not_picked":["Double Energy","Self Repair+1"],"picked":"Glacier","floor":19.0},{"not_picked":["Recycle","Reprogram","Hologram"],"picked":"SKIP","floor":22.0},{"not_picked":["Hologram","Leap","Reinforced Body"],"picked":"SKIP","floor":27.0},{"not_picked":["Hologram+1","Rebound","Melter"],"picked":"SKIP","floor":30.0},{"not_picked":["Fission","Core Surge"],"picked":"Rainbow","floor":33.0},{"not_picked":["Beam Cell+1","Gash"],"picked":"Go for the Eyes+1","floor":35},{"not_picked":["Go for the Eyes","Streamline+1","Redo+1"],"picked":"SKIP","floor":37},{"not_picked":["Heatsinks+1","Amplify","Streamline+1"],"picked":"SKIP","floor":39},{"not_picked":["Rebound","Redo+1"],"picked":"Capacitor+1","floor":42},{"not_picked":["Rebound+1","Streamline","Static Discharge"],"picked":"SKIP","floor":47}],"player_experience":1291231,"relics_obtained":[{"floor":7.0,"key":"Happy Flower"},{"floor":9.0,"key":"Pantograph"},{"floor":19.0,"key":"Gambling Chip"},{"floor":19.0,"key":"Meat on the Bone"},{"floor":26.0,"key":"Bronze Scales"},{"floor":42,"key":"Turnip"},{"floor":43,"key":"Vajra"}],"event_choices":[{"damage_healed":0.0,"max_hp_gain":0.0,"max_hp_loss":0.0,"gold_gain":0.0,"event_name":"Living Wall","player_choice":"Grow","floor":2.0,"gold_loss":0.0,"damage_taken":0.0,"cards_upgraded":["Zap"]},{"damage_healed":0.0,"max_hp_gain":0.0,"max_hp_loss":0.0,"gold_gain":0.0,"event_name":"Golden Idol","player_choice":"Take Damage","floor":3.0,"gold_loss":0.0,"damage_taken":18.0,"relics_obtained":["Golden Idol"]},{"cards_removed":["Defend_B"],"damage_healed":0.0,"max_hp_gain":0.0,"max_hp_loss":0.0,"gold_gain":0.0,"event_name":"Golden Wing","player_choice":"Card Removal","floor":4.0,"gold_loss":0.0,"damage_taken":7.0},{"damage_healed":0.0,"max_hp_gain":0.0,"max_hp_loss":0.0,"gold_gain":100.0,"event_name":"Golden Shrine","player_choice":"Pray","floor":5.0,"gold_loss":0.0,"damage_taken":0.0},{"damage_healed":0.0,"max_hp_gain":0.0,"max_hp_loss":0.0,"gold_gain":0.0,"event_name":"Colosseum","player_choice":"Fight","floor":19.0,"gold_loss":0.0,"damage_taken":0.0},{"damage_healed":0.0,"max_hp_gain":0.0,"max_hp_loss":0.0,"gold_gain":0.0,"event_name":"Colosseum","player_choice":"Fought Nobs","floor":19.0,"gold_loss":0.0,"damage_taken":0.0},{"damage_healed":0.0,"max_hp_gain":0.0,"max_hp_loss":0.0,"gold_gain":0.0,"event_name":"Drug Dealer","player_choice":"Inject Mutagens","floor":20.0,"gold_loss":0.0,"damage_taken":0.0,"relics_obtained":["MutagenicStrength"]},{"cards_removed":["Strike_B"],"damage_healed":0.0,"max_hp_gain":0.0,"max_hp_loss":0.0,"gold_gain":0.0,"event_name":"Beggar","player_choice":"Gave Gold","floor":21.0,"gold_loss":75.0,"damage_taken":0.0},{"damage_healed":0.0,"max_hp_gain":0.0,"max_hp_loss":0.0,"gold_gain":0.0,"event_name":"NoteForYourself","player_choice":"Ignored","floor":25.0,"gold_loss":0.0,"damage_taken":0.0},{"damage_healed":0.0,"max_hp_gain":0.0,"max_hp_loss":0.0,"gold_gain":0.0,"event_name":"Ghosts","player_choice":"Ignored","floor":29.0,"gold_loss":0.0,"damage_taken":0.0},{"damage_healed":0.0,"max_hp_gain":0.0,"max_hp_loss":0.0,"gold_gain":0.0,"event_name":"Addict","player_choice":"Obtained Relic","floor":31.0,"gold_loss":85.0,"damage_taken":0.0,"relics_obtained":["Shovel"]},{"damage_healed":0,"gold_gain":0,"cards_transformed":["Strike_B"],"player_choice":"Transformed","damage_taken":0,"max_hp_gain":0,"max_hp_loss":0,"event_name":"Transmorgrifier","floor":38,"gold_loss":0,"cards_obtained":["Reboot"]},{"damage_healed":0,"gold_gain":0,"player_choice":"Ignored","damage_taken":0,"max_hp_gain":0,"max_hp_loss":0,"event_name":"Mysterious Sphere","floor":41,"gold_loss":0},{"damage_healed":0,"gold_gain":0,"player_choice":"Memory 1","damage_taken":0,"max_hp_gain":0,"max_hp_loss":0,"event_name":"SensoryStone","floor":45,"gold_loss":0}],"is_beta":false,"boss_relics":[{"not_picked":["Fusion Hammer","Ectoplasm"],"picked":"Nuclear Battery"},{"not_picked":["Tiny House","Runic Pyramid"],"picked":"FrozenCore"}],"items_purged_floors":[28,36,48],"is_endless":false,"potions_floor_spawned":[7,10,13,19,22,27,30,33,42],"ascension_level":0}