{"gold_per_floor":[110,110,123,123,143,143,143,143,143,161,161,189,208,227,227,331,331,341,440,205,205,223,223,236,236,262,262,262,262,295,311,311,406,406],"floor_reached":34,"playtime":1310,"items_purged":["Strike_B"],"score":370,"play_id":"76e8fcff-b8fa-4b00-a768-c155ac7c3ff7","local_time":"20190220220140","is_ascension_mode":false,"campfire_choices":[{"data":"Zap","floor":6.0,"key":"SMITH"},{"data":"Conserve Battery","floor":8.0,"key":"SMITH"},{"data":"Defend_B","floor":11.0,"key":"SMITH"},{"data":"Coolheaded","floor":15.0,"key":"SMITH"},{"data":"Ball Lightning","floor":23,"key":"SMITH"},{"data":"White Noise","floor":25,"key":"SMITH"},{"data":"Seek","floor":29,"key":"SMITH"},{"data":"Glacier","floor":32,"key":"SMITH"}],"neow_cost":"NONE","seed_source_timestamp":726979863148890,"circlet_count":0,"master_deck":["Strike_B+1","Strike_B+1","Strike_B+1","Defend_B+1","Defend_B","Defend_B","Defend_B","Zap+1","Dualcast+1","Conserve Battery+1","Conserve Battery","Coolheaded+1","Seek+1","Glacier+1","Ball Lightning+1","White Noise+1","Glacier+1","Go for the Eyes+1"],"special_seed":0,"relics":["Cracked Core","NeowsBlessing","Mercury Hourglass","Shuriken","Orrery","Membership Card","MutagenicStrength","Whetstone","Blood Vial"],"potions_floor_usage":[30],"damage_taken":[{"damage":0.0,"enemies":"Small Slimes","floor":1.0,"turns":1.0},{"damage":0.0,"enemies":"Jaw Worm","floor":3.0,"turns":1.0},{"damage":0.0,"enemies":"Cultist","floor":5.0,"turns":1.0},{"damage":2.0,"enemies":"Blue Slaver","floor":10.0,"turns":3.0},{"damage":6.0,"enemies":"Lagavulin","floor":12.0,"turns":6.0},{"damage":0.0,"enemies":"2 Fungi Beasts","floor":13.0,"turns":2.0},{"damage":0.0,"enemies":"Gremlin Gang","floor":14.0,"turns":4.0},{"damage":37.0,"enemies":"Hexaghost","floor":16.0,"turns":13.0},{"damage":15.0,"enemies":"2 Thieves","floor":18.0,"turns":4.0},{"damage":0,"enemies":"Spheric Guardian","floor":22,"turns":5},{"damage":2,"enemies":"Cultist and Chosen","floor":24,"turns":7},{"damage":11,"enemies":"Slavers","floor":30,"turns":5},{"damage":4,"enemies":"3 Cultists","floor":31,"turns":6},{"damage":40,"enemies":"Collector","floor":33,"turns":14}],"seed_played":"-1906339475327427767","potions_obtained":[{"floor":12.0,"key":"Energy Potion"},{"floor":14.0,"key":"AttackPotion"},{"floor":16.0,"key":"PowerPotion"},{"floor":31,"key":"SkillPotion"}],"is_trial":false,"path_per_floor":["M","$","M","$","M","R","?","R","T","M","R","E","M","M","R","B",null,"M","?","$","?","M","R","M","R","T","$","?","R","E","M","R","B",null],"character_chosen":"DEFECT","items_purchased":["Membership Card"],"campfire_rested":0,"item_purchase_floors":[20],"current_hp_per_floor":[75,75,75,75,75,75,60,60,60,58,58,52,52,52,52,15,75,60,60,60,60,60,60,58,58,58,58,58,58,47,45,45,7,7],"gold":406,"neow_bonus":"THREE_ENEMY_KILL","is_prod":false,"is_daily":false,"chose_seed":false,"campfire_upgraded":8,"win_rate":0,"timestamp":1550700100,"path_taken":["M","$","M","$","M","R","?","R","T","M","R","E","M","M","R","BOSS","M","?","$","?","M","R","M","R","T","$","?","R","E","M","R","BOSS"],"build_version":"2019-01-23","purchased_purges":1,"victory":false,"max_hp_per_floor":[75,75,75,75,75,75,75,75,75,75,75,75,75,75,75,75,75,75,75,75,75,75,75,75,75,75,75,75,75,75,75,75,75,75],"card_choices":[{"not_picked":["Redo","Scrape","Steam"],"picked":"SKIP","floor":1.0},{"not_picked":["Leap","Doom and Gloom","Steam"],"picked":"SKIP","floor":3.0},{"not_picked":["Storm","Steam"],"picked":"Conserve Battery","floor":5.0},{"not_picked":["Blizzard","Hologram","Beam Cell"],"picked":"SKIP","floor":10.0},{"not_picked":["Scrape","Hologram","Barrage"],"picked":"SKIP","floor":12.0},{"not_picked":["Sweeping Beam","Tempest"],"picked":"Conserve Battery","floor":13.0},{"not_picked":["Conserve Battery","Amplify"],"picked":"Coolheaded","floor":14.0},{"not_picked":["Fission","Creative AI"],"picked":"Seek","floor":16.0},{"not_picked":["Stack","Hologram"],"picked":"Glacier","floor":17.0},{"not_picked":["Undo","Streamline"],"picked":"Ball Lightning","floor":17.0},{"not_picked":["Gash","Turbo"],"picked":"White Noise","floor":17.0},{"not_picked":["Coolheaded","Turbo","Biased Cognition"],"picked":"SKIP","floor":18.0},{"not_picked":["Streamline+1","Go for the Eyes"],"picked":"Glacier+1","floor":22},{"not_picked":["Glacier","Cold Snap","Static Discharge+1"],"picked":"SKIP","floor":24},{"not_picked":["Blizzard+1","Consume"],"picked":"Go for the Eyes+1","floor":30},{"not_picked":["Loop","Streamline","Leap"],"picked":"SKIP","floor":31}],"player_experience":1056768,"relics_obtained":[{"floor":9.0,"key":"Mercury Hourglass"},{"floor":12.0,"key":"Shuriken"},{"floor":26,"key":"Whetstone"},{"floor":30,"key":"Blood Vial"}],"event_choices":[{"damage_healed":0.0,"max_hp_gain":0.0,"max_hp_loss":0.0,"gold_gain":0.0,"event_name":"Shining Light","player_choice":"Entered Light","floor":7.0,"gold_loss":0.0,"damage_taken":15.0,"cards_upgraded":["Strike_B","Dualcast"]},{"damage_healed":0.0,"max_hp_gain":0.0,"max_hp_loss":0.0,"gold_gain":99.0,"event_name":"Nest","player_choice":"Stole From Cult","floor":19.0,"gold_loss":0.0,"damage_taken":0.0},{"damage_healed":0,"gold_gain":0,"player_choice":"Inject Mutagens","damage_taken":0,"relics_obtained":["MutagenicStrength"],"max_hp_gain":0,"max_hp_loss":0,"event_name":"Drug Dealer","floor":21,"gold_loss":0},{"damage_healed":0,"gold_gain":0,"player_choice":"Bought 0 Potions","damage_taken":0,"max_hp_gain":0,"max_hp_loss":0,"event_name":"The Woman in Blue","floor":28,"gold_loss":0}],"is_beta":false,"boss_relics":[{"not_picked":["Runic Dome","Lizard Tail"],"picked":"Orrery"}],"items_purged_floors":[20],"is_endless":false,"potions_floor_spawned":[12,14,16,18,31],"ascension_level":0}