{"gold_per_floor":[110,35,35,35,35,68,82,82,135,149,181,210,210,223,223,297,297,316,316,83,83,98,131,131,145,145,174,190,190,47,147,147,223,223,235,249,262,262,262,289,307,334,334,344,344,362,396,412,412,412],"floor_reached":50,"playtime":3067,"items_purged":["Strike_R","Strike_R"],"score":1260,"play_id":"b3235fed-fe9e-4b14-b7e1-8ad02f589bbf","local_time":"20190621154424","is_ascension_mode":true,"campfire_choices":[{"data":"Bash","floor":8.0,"key":"SMITH"},{"data":"Clothesline","floor":15.0,"key":"SMITH"},{"data":"Immolate","floor":24.0,"key":"SMITH"},{"floor":29.0,"key":"REST"},{"floor":32.0,"key":"REST"},{"floor":45,"key":"RECALL"},{"data":"True Grit","floor":49,"key":"SMITH"}],"neow_cost":"NONE","seed_source_timestamp":181549132156681,"circlet_count":0,"master_deck":["AscendersBane","Strike_R+1","Strike_R","Defend_R","Defend_R","Defend_R","Defend_R","Bash+1","Shrug It Off+1","Cleave","Spot Weakness","Offering","Clothesline+1","Immolate+1","Sever Soul","RitualDagger","RitualDagger","Shrug It Off","Evolve+1","Heavy Blade","Battle Trance+1","Flame Barrier","Ghostly Armor","Feel No Pain","Shrug It Off","Inflame","Offering","Shockwave","Parasite","Heavy Blade+1","Secret Technique","Inflame","Metallicize","True Grit+1","Whirlwind","Shrug It Off"],"special_seed":0,"relics":["Burning Blood","NeowsBlessing","Oddly Smooth Stone","Strawberry","Orichalcum","Odd Mushroom","Bag of Preparation","Mark of Pain","Centennial Puzzle","Dream Catcher","Unceasing Top","Kunai","Du-Vu Doll","Meat on the Bone","Sozu","Ice Cream","Sundial","Gremlin Horn"],"potions_floor_usage":[40,40],"damage_taken":[{"damage":0.0,"enemies":"Jaw Worm","floor":1.0,"turns":1.0},{"damage":0.0,"enemies":"Lagavulin","floor":6.0,"turns":1.0},{"damage":0.0,"enemies":"2 Louse","floor":7.0,"turns":1.0},{"damage":0.0,"enemies":"Cultist","floor":10.0,"turns":4.0},{"damage":14.0,"enemies":"Gremlin Nob","floor":11.0,"turns":4.0},{"damage":6.0,"enemies":"The Mushroom Lair","floor":12.0,"turns":3.0},{"damage":2.0,"enemies":"3 Louse","floor":14.0,"turns":4.0},{"damage":18.0,"enemies":"The Guardian","floor":16.0,"turns":11.0},{"damage":14.0,"enemies":"Spheric Guardian","floor":18.0,"turns":5.0},{"damage":5.0,"enemies":"2 Thieves","floor":22.0,"turns":2.0},{"damage":21.0,"enemies":"Slavers","floor":23.0,"turns":4.0},{"damage":24.0,"enemies":"Sentry and Sphere","floor":25.0,"turns":4.0},{"damage":27.0,"enemies":"Book of Stabbing","floor":27.0,"turns":4.0},{"damage":4.0,"enemies":"Cultist and Chosen","floor":28.0,"turns":4.0},{"damage":14.0,"enemies":"Colosseum Slavers","floor":31.0,"turns":3.0},{"damage":7.0,"enemies":"Colosseum Nobs","floor":31.0,"turns":3.0},{"damage":19.0,"enemies":"Collector","floor":33.0,"turns":7.0},{"damage":7.0,"enemies":"3 Shapes","floor":35.0,"turns":5.0},{"damage":0.0,"enemies":"Orb Walker","floor":36.0,"turns":3.0},{"damage":35,"enemies":"Writhing Mass","floor":37,"turns":5},{"damage":42,"enemies":"Reptomancer","floor":40,"turns":7},{"damage":9,"enemies":"Spire Growth","floor":41,"turns":4},{"damage":20,"enemies":"Nemesis","floor":42,"turns":5},{"damage":13,"enemies":"Sphere and 2 Shapes","floor":44,"turns":5},{"damage":6,"enemies":"Transient","floor":46,"turns":6},{"damage":17,"enemies":"Giant Head","floor":47,"turns":6},{"damage":12,"enemies":"Spire Growth","floor":48,"turns":4},{"damage":59,"enemies":"Donu and Deca","floor":50,"turns":6}],"seed_played":"-1058854081781625701","potions_obtained":[{"floor":6.0,"key":"Block Potion"},{"floor":7.0,"key":"EssenceOfSteel"},{"floor":10.0,"key":"Weak Potion"},{"floor":16.0,"key":"FearPotion"},{"floor":18.0,"key":"Fire Potion"},{"floor":27.0,"key":"SkillPotion"},{"floor":28.0,"key":"Weak Potion"},{"floor":33.0,"key":"EssenceOfSteel"}],"is_trial":false,"path_per_floor":["M","?","$","?","$","E","M","R","T","M","E","?","?","M","R","B",null,"M","?","$","?","M","E","R","M","T","E","M","R","$","?","R","B",null,"M","M","M","?","?","E","M","E","T","M","R","M","E","M","R","B"],"character_chosen":"IRONCLAD","items_purchased":["Centennial Puzzle","Feel No Pain"],"campfire_rested":2,"item_purchase_floors":[20,30],"current_hp_per_floor":[74,74,74,51,51,57,63,63,70,76,68,68,68,72,72,60,77,69,63,63,63,64,49,49,31,31,10,12,36,36,27,51,50,74,73,79,50,50,50,26,35,33,33,38,38,50,51,57,57,0],"gold":412,"neow_bonus":"THREE_ENEMY_KILL","is_prod":false,"is_daily":false,"chose_seed":false,"campfire_upgraded":4,"win_rate":0,"timestamp":1561157064,"path_taken":["M","?","$","?","?","E","M","R","T","?","E","?","?","M","R","BOSS","M","?","$","?","M","E","R","M","T","E","?","R","$","?","R","BOSS","M","M","M","?","?","E","M","E","T","M","R","M","E","M","R","BOSS"],"build_version":"2019-01-23","purchased_purges":2,"victory":false,"max_hp_per_floor":[75,75,75,75,75,75,75,75,82,82,82,82,82,82,82,82,82,82,82,82,82,82,82,82,82,82,82,82,82,82,82,82,82,82,82,82,82,82,82,82,82,82,82,82,82,82,82,82,82,82],"card_choices":[{"not_picked":["Headbutt","Dropkick"],"picked":"Shrug It Off","floor":1.0},{"not_picked":["Body Slam","Disarm"],"picked":"Cleave","floor":6.0},{"not_picked":["Ghostly Armor","Havoc"],"picked":"Spot Weakness","floor":7.0},{"not_picked":["Dual Wield","Rampage","Fire Breathing"],"picked":"SKIP","floor":10.0},{"not_picked":["Thunderclap","Clothesline"],"picked":"Offering","floor":11.0},{"not_picked":["Wild Strike","Perfected Strike"],"picked":"Clothesline","floor":12.0},{"not_picked":["Sword Boomerang","Clothesline","Infernal Blade"],"picked":"SKIP","floor":14.0},{"not_picked":["Brutality","Exhume"],"picked":"Immolate","floor":16.0},{"not_picked":["Warcry","Metallicize"],"picked":"Sever Soul","floor":18.0},{"not_picked":["Clash","Anger"],"picked":"Shrug It Off","floor":22.0},{"not_picked":["True Grit","Iron Wave"],"picked":"Evolve+1","floor":23.0},{"not_picked":["Armaments","Wild Strike"],"picked":"Heavy Blade","floor":25.0},{"not_picked":["Sword Boomerang+1","Perfected Strike"],"picked":"Battle Trance+1","floor":27.0},{"not_picked":["Anger","Combust"],"picked":"Flame Barrier","floor":28.0},{"not_picked":["Blood for Blood","Entrench"],"picked":"Ghostly Armor","floor":29.0},{"not_picked":["Brutality","Thunderclap"],"picked":"Shrug It Off","floor":31.0},{"not_picked":["Rage","Pummel"],"picked":"Inflame","floor":32.0},{"not_picked":["Bludgeon","Dark Embrace"],"picked":"Offering","floor":33.0},{"not_picked":["Warcry","Thunderclap"],"picked":"Shockwave","floor":35.0},{"not_picked":["Clash+1","Perfected Strike"],"picked":"Inflame","floor":36.0},{"not_picked":["Shrug It Off+1","Battle Trance"],"picked":"Heavy Blade+1","floor":37},{"not_picked":["Jack Of All Trades","Finesse"],"picked":"Secret Technique","floor":38},{"not_picked":["Flex+1","Pummel"],"picked":"Inflame","floor":40},{"not_picked":["Combust","Iron Wave","Clash+1"],"picked":"SKIP","floor":41},{"not_picked":["Dual Wield","Pummel"],"picked":"Metallicize","floor":42},{"not_picked":["Corruption","Dual Wield","Heavy Blade"],"picked":"SKIP","floor":44},{"not_picked":["Dropkick","Anger"],"picked":"True Grit","floor":46},{"not_picked":["Spot Weakness","Flex"],"picked":"Whirlwind","floor":47},{"not_picked":["Entrench","True Grit"],"picked":"Shrug It Off","floor":48}],"player_experience":946629,"relics_obtained":[{"floor":6.0,"key":"Oddly Smooth Stone"},{"floor":9.0,"key":"Strawberry"},{"floor":11.0,"key":"Orichalcum"},{"floor":12.0,"key":"Odd Mushroom"},{"floor":23.0,"key":"Dream Catcher"},{"floor":26.0,"key":"Unceasing Top"},{"floor":27.0,"key":"Kunai"},{"floor":31.0,"key":"Du-Vu Doll"},{"floor":31.0,"key":"Meat on the Bone"},{"floor":40,"key":"Ice Cream"},{"floor":42,"key":"Sundial"},{"floor":47,"key":"Gremlin Horn"}],"event_choices":[{"cards_removed":["Strike_R"],"damage_healed":0.0,"max_hp_gain":0.0,"max_hp_loss":0.0,"gold_gain":0.0,"event_name":"The Cleric","player_choice":"Card Removal","floor":2.0,"gold_loss":75.0,"damage_taken":0.0},{"damage_healed":0.0,"max_hp_gain":0.0,"max_hp_loss":0.0,"gold_gain":0.0,"event_name":"Shining Light","player_choice":"Entered Light","floor":4.0,"gold_loss":0.0,"damage_taken":23.0,"cards_upgraded":["Shrug It Off","Strike_R"]},{"damage_healed":0.0,"max_hp_gain":0.0,"max_hp_loss":0.0,"gold_gain":0.0,"event_name":"Mushrooms","player_choice":"Fought Mushrooms","floor":12.0,"gold_loss":0.0,"damage_taken":0.0},{"damage_healed":0.0,"max_hp_gain":0.0,"max_hp_loss":0.0,"gold_gain":0.0,"event_name":"Dead Adventurer","player_choice":"Searched \u00271\u0027 times","floor":13.0,"gold_loss":0.0,"damage_taken":0.0,"relics_obtained":["Bag of Preparation"]},{"damage_healed":0.0,"max_hp_gain":0.0,"max_hp_loss":0.0,"gold_gain":0.0,"event_name":"Nest","player_choice":"Joined the Cult","floor":19.0,"gold_loss":0.0,"damage_taken":6.0,"cards_obtained":["RitualDagger"]},{"damage_healed":0.0,"max_hp_gain":0.0,"max_hp_loss":0.0,"gold_gain":0.0,"event_name":"Duplicator","player_choice":"Copied","floor":21.0,"gold_loss":0.0,"damage_taken":0.0,"cards_obtained":["RitualDagger"]},{"damage_healed":0.0,"max_hp_gain":0.0,"max_hp_loss":0.0,"gold_gain":0.0,"event_name":"Colosseum","player_choice":"Fight","floor":31.0,"gold_loss":0.0,"damage_taken":0.0},{"damage_healed":0.0,"max_hp_gain":0.0,"max_hp_loss":0.0,"gold_gain":0.0,"event_name":"Colosseum","player_choice":"Fought Nobs","floor":31.0,"gold_loss":0.0,"damage_taken":0.0},{"damage_healed":0,"gold_gain":0,"player_choice":"Memory 1","damage_taken":0,"max_hp_gain":0,"max_hp_loss":0,"event_name":"SensoryStone","floor":38,"gold_loss":0},{"cards_removed":["Inflame"],"damage_healed":0,"gold_gain":0,"player_choice":"Removed Power","damage_taken":0,"max_hp_gain":0,"max_hp_loss":0,"event_name":"Falling","floor":39,"gold_loss":0}],"is_beta":false,"boss_relics":[{"not_picked":["Pandora\u0027s Box","Philosopher\u0027s Stone"],"picked":"Mark of Pain"},{"not_picked":["Empty Cage","Lizard Tail"],"picked":"Sozu"}],"items_purged_floors":[20,30],"is_endless":false,"potions_floor_spawned":[6,7,10,16,18,27,28,31,33,37,41,42,46,47],"killed_by":"Donu and Deca","ascension_level":20}