{"gold_per_floor":[213,213,231,127,138,138,170,170,223,223,241,258,271,126,126,222,222,234,234,254,266,365,365],"floor_reached":23,"playtime":823,"items_purged":[],"score":193,"play_id":"d1572d70-fefe-41e4-9217-c426a4967a2b","local_time":"20190306185041","is_ascension_mode":false,"campfire_choices":[{"data":"Neutralize","floor":6.0,"key":"SMITH"},{"data":"Poisoned Stab","floor":10.0,"key":"SMITH"},{"data":"Noxious Fumes","floor":15.0,"key":"SMITH"}],"neow_cost":"NONE","seed_source_timestamp":1925615863118743,"circlet_count":0,"master_deck":["Defend_G","Defend_G","Defend_G","Defend_G","Strike_G","Strike_G","Strike_G","Survivor","Neutralize+1","Noxious Fumes+1","Prepared","Noxious Fumes","Sucker Punch+1","Poisoned Stab+1","Leg Sweep","Die Die Die","Envenom","Quick Slash+1","Bane+1"],"special_seed":0,"relics":["Ring of the Snake","Bag of Marbles","Oddly Smooth Stone","Empty Cage"],"potions_floor_usage":[],"damage_taken":[{"damage":0.0,"enemies":"Small Slimes","floor":1.0,"turns":3.0},{"damage":0.0,"enemies":"Cultist","floor":3.0,"turns":6.0},{"damage":1.0,"enemies":"2 Louse","floor":5.0,"turns":4.0},{"damage":31.0,"enemies":"Gremlin Nob","floor":7.0,"turns":5.0},{"damage":0.0,"enemies":"Gremlin Gang","floor":11.0,"turns":5.0},{"damage":2.0,"enemies":"Large Slime","floor":12.0,"turns":6.0},{"damage":0.0,"enemies":"Looter","floor":13.0,"turns":3.0},{"damage":9.0,"enemies":"The Guardian","floor":16.0,"turns":8.0},{"damage":16.0,"enemies":"Spheric Guardian","floor":18.0,"turns":6.0},{"damage":0,"enemies":"Chosen","floor":20,"turns":5},{"damage":12,"enemies":"Snake Plant","floor":21,"turns":6},{"damage":34,"enemies":"Slavers","floor":23,"turns":4}],"seed_played":"-291915087396680853","potions_obtained":[{"floor":11.0,"key":"Dexterity Potion"},{"floor":12.0,"key":"Dexterity Potion"},{"floor":13.0,"key":"Ancient Potion"}],"is_trial":false,"path_per_floor":["M","?","M","$","M","R","E","?","T","R","M","M","M","$","R","B",null,"M","?","M","M","?","E"],"character_chosen":"THE_SILENT","items_purchased":["Noxious Fumes","Sucker Punch","Die Die Die"],"campfire_rested":0,"item_purchase_floors":[4,4,14],"current_hp_per_floor":[70,70,70,70,69,69,38,38,38,38,38,36,36,36,36,27,70,54,54,54,42,42,8],"gold":365,"neow_bonus":"HUNDRED_GOLD","is_prod":false,"is_daily":false,"chose_seed":false,"campfire_upgraded":3,"win_rate":0,"timestamp":1551898241,"path_taken":["M","?","?","$","M","R","E","?","T","R","?","M","M","$","R","BOSS","M","?","M","M","?","E"],"build_version":"2019-01-23","purchased_purges":0,"victory":false,"max_hp_per_floor":[70,70,70,70,70,70,70,70,70,70,70,70,70,70,70,70,70,70,70,70,70,70,70],"card_choices":[{"not_picked":["Bane","Dagger Spray"],"picked":"Noxious Fumes","floor":1.0},{"not_picked":["Deflect","Outmaneuver"],"picked":"Prepared","floor":3.0},{"not_picked":["Masterful Stab","Blade Dance"],"picked":"Poisoned Stab","floor":5.0},{"not_picked":["Bullet Time","Quick Slash","Deflect"],"picked":"SKIP","floor":7.0},{"not_picked":["Cloak And Dagger","Slice"],"picked":"Leg Sweep","floor":11.0},{"not_picked":["Backstab","Outmaneuver","Well Laid Plans"],"picked":"SKIP","floor":12.0},{"not_picked":["Poisoned Stab","Dodge and Roll","Reflex"],"picked":"SKIP","floor":13.0},{"not_picked":["Storm of Steel","Burst"],"picked":"Envenom","floor":16.0},{"not_picked":["Well Laid Plans","Predator"],"picked":"Quick Slash+1","floor":18.0},{"not_picked":["Dagger Spray","Poisoned Stab"],"picked":"Bane+1","floor":20},{"not_picked":["Blade Dance","Leg Sweep","Flechettes"],"picked":"SKIP","floor":21}],"player_experience":1088865,"relics_obtained":[{"floor":7.0,"key":"Bag of Marbles"},{"floor":9.0,"key":"Oddly Smooth Stone"}],"event_choices":[{"cards_removed":["Strike_G"],"damage_healed":0.0,"max_hp_gain":0.0,"max_hp_loss":0.0,"gold_gain":0.0,"event_name":"Bonfire Elementals","player_choice":"Offered Basic","floor":2.0,"gold_loss":0.0,"damage_taken":0.0},{"damage_healed":0.0,"max_hp_gain":0.0,"max_hp_loss":0.0,"gold_gain":0.0,"event_name":"Accursed Blacksmith","player_choice":"Forge","floor":8.0,"gold_loss":0.0,"damage_taken":0.0,"cards_upgraded":["Sucker Punch"]},{"damage_healed":0,"gold_gain":99,"player_choice":"Stole From Cult","damage_taken":0,"max_hp_gain":0,"max_hp_loss":0,"event_name":"Nest","floor":22,"gold_loss":0}],"is_beta":false,"boss_relics":[{"not_picked":["Philosopher\u0027s Stone","WristBlade"],"picked":"Empty Cage"}],"items_purged_floors":[],"is_endless":false,"potions_floor_spawned":[11,12,13,16,20],"killed_by":"Slavers","ascension_level":0}