{"gold_per_floor":[111,121,54,54,71,71,106,117,117,117,45,64,31,31,31,127,127,137,151,165,165,181,181,208,221,297,297,314,327,104,104,104,201,251,269,269,269,269,269,297,297,313,313,67,80,80,112,125,125,125],"floor_reached":51,"playtime":1875,"items_purged":["Defend_B","Strike_B+1"],"score":727,"play_id":"a6683e89-4201-4e54-964b-ce490d2fce9e","local_time":"20190220183931","is_ascension_mode":false,"campfire_choices":[{"data":"Go for the Eyes","floor":6.0,"key":"SMITH"},{"data":"Zap","floor":10.0,"key":"SMITH"},{"data":"Defragment","floor":15.0,"key":"SMITH"},{"data":"Coolheaded","floor":23.0,"key":"SMITH"},{"data":"Seek","floor":27.0,"key":"SMITH"},{"floor":32,"key":"REST"},{"data":"Defragment","floor":41,"key":"SMITH"},{"data":"Creative AI","floor":46,"key":"SMITH"},{"floor":49,"key":"REST"}],"neow_cost":"NONE","seed_source_timestamp":714257594250375,"circlet_count":0,"master_deck":["Defend_B+1","Defend_B+1","Defend_B+1","Zap+1","Dualcast+1","Chill","Go for the Eyes+1","Defragment+1","Seek+1","Defragment+1","Doom and Gloom+1","FTL+1","Machine Learning+1","Ball Lightning+1","Coolheaded+1","Cold Snap+1","Steam+1","Defragment+1","BootSequence+1","Creative AI+1","Conserve Battery+1","Tempest+1","Flash of Steel+1","Force Field+1","Conserve Battery+1","Thunder Strike+1"],"special_seed":0,"relics":["Cracked Core","Molten Egg 2","Empty Cage","Toxic Egg 2","Tiny House","Matryoshka","Art of War","Boot","Kunai"],"potions_floor_usage":[50,50],"damage_taken":[{"damage":0.0,"enemies":"Cultist","floor":1.0,"turns":2.0},{"damage":1.0,"enemies":"Jaw Worm","floor":2.0,"turns":4.0},{"damage":0.0,"enemies":"Small Slimes","floor":5.0,"turns":3.0},{"damage":9.0,"enemies":"3 Sentries","floor":7.0,"turns":7.0},{"damage":3.0,"enemies":"Gremlin Gang","floor":8.0,"turns":5.0},{"damage":2.0,"enemies":"Looter","floor":12.0,"turns":3.0},{"damage":23.0,"enemies":"The Guardian","floor":16.0,"turns":9.0},{"damage":2.0,"enemies":"Spheric Guardian","floor":18.0,"turns":4.0},{"damage":0.0,"enemies":"3 Byrds","floor":19.0,"turns":3.0},{"damage":14.0,"enemies":"Centurion and Healer","floor":20.0,"turns":5.0},{"damage":3.0,"enemies":"Chosen and Byrds","floor":22.0,"turns":6.0},{"damage":18.0,"enemies":"Slavers","floor":24.0,"turns":5.0},{"damage":0.0,"enemies":"Sentry and Sphere","floor":25.0,"turns":4.0},{"damage":5.0,"enemies":"Centurion and Healer","floor":28.0,"turns":4.0},{"damage":11.0,"enemies":"Snake Plant","floor":29.0,"turns":4.0},{"damage":2,"enemies":"Champ","floor":33,"turns":10},{"damage":0,"enemies":"Orb Walker","floor":35,"turns":4},{"damage":1,"enemies":"Reptomancer","floor":40,"turns":7},{"damage":0,"enemies":"3 Darklings","floor":42,"turns":5},{"damage":0,"enemies":"Sphere and 2 Shapes","floor":45,"turns":6},{"damage":23,"enemies":"Nemesis","floor":47,"turns":7},{"damage":0,"enemies":"Maw","floor":48,"turns":7},{"damage":2,"enemies":"Awakened One","floor":50,"turns":14}],"seed_played":"7513671725504051282","potions_obtained":[{"floor":2.0,"key":"EssenceOfSteel"},{"floor":5.0,"key":"SneckoOil"},{"floor":8.0,"key":"FocusPotion"},{"floor":16.0,"key":"SteroidPotion"},{"floor":18.0,"key":"Swift Potion"},{"floor":25.0,"key":"Explosive Potion"},{"floor":28.0,"key":"PowerPotion"}],"is_trial":false,"path_per_floor":["M","M","$","?","M","R","E","M","T","R","$","M","$","?","R","B",null,"M","M","M","$","M","R","E","M","T","R","M","M","$","?","R","B",null,"M","?","$","?","$","E","R","M","T","$","M","R","E","M","R","B",null],"character_chosen":"DEFECT","items_purchased":["Defragment","Defragment","FTL+1","Defragment","BootSequence+1","Thunder Strike+1"],"campfire_rested":2,"item_purchase_floors":[3,11,13,30,30,44],"current_hp_per_floor":[75,74,74,74,74,74,65,62,62,62,62,60,60,60,60,37,75,73,73,59,59,56,56,38,38,38,38,33,22,22,22,44,42,80,80,80,80,80,80,79,79,79,79,79,79,79,56,56,80,78],"gold":125,"neow_bonus":"UPGRADE_CARD","is_prod":false,"is_daily":false,"chose_seed":false,"campfire_upgraded":7,"win_rate":0,"timestamp":1550687971,"path_taken":["M","M","?","?","?","R","E","M","T","R","$","M","$","?","R","BOSS","M","?","M","$","M","R","E","M","T","R","M","M","$","?","R","BOSS","M","?","$","?","$","E","R","?","T","$","M","R","E","M","R","BOSS"],"build_version":"2019-01-23","purchased_purges":2,"victory":true,"max_hp_per_floor":[75,75,75,75,75,75,75,75,75,75,75,75,75,75,75,75,75,75,75,75,75,75,75,75,75,75,75,75,75,75,75,75,75,80,80,80,80,80,80,80,80,80,80,80,80,80,80,80,80,80],"card_choices":[{"not_picked":["Gash","Turbo"],"picked":"Chill","floor":1.0},{"not_picked":["Turbo","Blizzard"],"picked":"Go for the Eyes","floor":2.0},{"not_picked":["Gash","Hologram","Stack"],"picked":"SKIP","floor":5.0},{"not_picked":["Steam Power","Barrage"],"picked":"Seek","floor":7.0},{"not_picked":["Turbo","Sweeping Beam+1","Go for the Eyes+1"],"picked":"SKIP","floor":8.0},{"not_picked":["Sunder+1","Leap"],"picked":"Doom and Gloom+1","floor":12.0},{"not_picked":["Reboot","Meteor Strike+1"],"picked":"Machine Learning","floor":16.0},{"not_picked":["Beam Cell+1","Go for the Eyes+1"],"picked":"Ball Lightning+1","floor":18.0},{"not_picked":["Barrage+1","Turbo","Hologram"],"picked":"SKIP","floor":19.0},{"not_picked":["Stack","Barrage+1","Streamline+1"],"picked":"SKIP","floor":20.0},{"not_picked":["Turbo","Fusion"],"picked":"Coolheaded","floor":22.0},{"not_picked":["Static Discharge+1","Amplify"],"picked":"Cold Snap+1","floor":24.0},{"not_picked":["Rip and Tear+1","Hologram+1"],"picked":"Steam+1","floor":25.0},{"not_picked":["Rip and Tear+1","Cold Snap+1","Barrage+1"],"picked":"SKIP","floor":28.0},{"not_picked":["Redo+1","Barrage+1","Rebound+1"],"picked":"SKIP","floor":29},{"not_picked":["Biased Cognition","All For One+1"],"picked":"Creative AI","floor":33},{"not_picked":["Go for the Eyes+1","Sweeping Beam+1"],"picked":"Conserve Battery+1","floor":34},{"not_picked":["Skim+1","Sweeping Beam+1"],"picked":"Tempest+1","floor":35},{"not_picked":["Jack Of All Trades+1","Panacea+1"],"picked":"Flash of Steel+1","floor":38},{"not_picked":["Beam Cell+1","Ball Lightning+1"],"picked":"Force Field+1","floor":40},{"not_picked":["Rip and Tear+1","Compile Driver+1"],"picked":"Conserve Battery+1","floor":42},{"not_picked":["Genetic Algorithm+1","Rebound+1","Conserve Battery+1"],"picked":"SKIP","floor":45},{"not_picked":["Genetic Algorithm+1","Rebound+1","Conserve Battery+1"],"picked":"SKIP","floor":45},{"not_picked":["Genetic Algorithm+1","Aggregate+1","Coolheaded+1"],"picked":"SKIP","floor":47},{"not_picked":["Thunder Strike+1","Compile Driver+1","Redo+1"],"picked":"SKIP","floor":48}],"player_experience":1054893,"relics_obtained":[{"floor":7.0,"key":"Molten Egg 2"},{"floor":24.0,"key":"Toxic Egg 2"},{"floor":40,"key":"Matryoshka"},{"floor":43,"key":"Art of War"},{"floor":43,"key":"Boot"},{"floor":47,"key":"Kunai"}],"event_choices":[{"damage_healed":0.0,"max_hp_gain":0.0,"max_hp_loss":0.0,"gold_gain":0.0,"event_name":"Upgrade Shrine","player_choice":"Upgraded","floor":4.0,"gold_loss":0.0,"damage_taken":0.0,"cards_upgraded":["Defragment"]},{"cards_removed":["Strike_B"],"damage_healed":0.0,"max_hp_gain":0.0,"max_hp_loss":0.0,"gold_gain":0.0,"event_name":"Bonfire Elementals","player_choice":"Offered Basic","floor":14.0,"gold_loss":0.0,"damage_taken":0.0},{"damage_healed":0,"gold_gain":0,"player_choice":"Simplicity","damage_taken":0,"max_hp_gain":0,"max_hp_loss":0,"event_name":"Back to Basics","floor":31,"gold_loss":0,"cards_upgraded":["Strike_B","Defend_B","Defend_B","Defend_B"]},{"damage_healed":0,"gold_gain":0,"player_choice":"Ignored","damage_taken":0,"max_hp_gain":0,"max_hp_loss":0,"event_name":"Tomb of Lord Red Mask","floor":36,"gold_loss":0},{"damage_healed":0,"gold_gain":0,"player_choice":"Memory 1","damage_taken":0,"max_hp_gain":0,"max_hp_loss":0,"event_name":"SensoryStone","floor":38,"gold_loss":0}],"is_beta":false,"boss_relics":[{"not_picked":["Busted Crown","Lizard Tail"],"picked":"Empty Cage"},{"not_picked":["White Beast Statue","Runic Pyramid"],"picked":"Tiny House"}],"items_purged_floors":[30,44],"is_endless":false,"potions_floor_spawned":[2,5,8,16,18,25,28,33,35,47],"ascension_level":0}