{"gold_per_floor":[110,110,110,110,130,130,48,59,85,85,116,116,130,155,155,256,256,274,274,292,310,235,235,249,262,262,274,286,328,340,352,364,471,483,507,519,491,290,308,308,324,324,324,338,338,351,370,16,16,16],"floor_reached":51,"playtime":1836,"items_purged":["Defend_B","Defend_B"],"score":700,"play_id":"3d05f8b7-80b3-4bf5-8e31-8a065874edf0","local_time":"20190227210511","is_ascension_mode":false,"campfire_choices":[{"data":"Dualcast","floor":6.0,"key":"SMITH"},{"data":"Zap","floor":12.0,"key":"SMITH"},{"data":"Go for the Eyes","floor":15.0,"key":"SMITH"},{"data":"Lockon","floor":23.0,"key":"SMITH"},{"data":"All For One","floor":27.0,"key":"SMITH"},{"data":"Capacitor","floor":30.0,"key":"SMITH"},{"data":"Conserve Battery","floor":32,"key":"SMITH"},{"floor":40,"key":"REST"},{"data":"Defragment","floor":42,"key":"SMITH"},{"floor":49,"key":"REST"}],"neow_cost":"NONE","seed_source_timestamp":1327870380134305,"circlet_count":0,"master_deck":["Strike_B+1","Strike_B","Strike_B","Strike_B","Defend_B+1","Defend_B","Zap+1","Dualcast+1","Go for the Eyes+1","Glacier","Undo","Electrodynamics","All For One+1","Lockon+1","Conserve Battery+1","FTL+1","Capacitor+1","Ball Lightning","Streamline+1","Melter+1","Machine Learning","Cold Snap","Defragment+1","Defragment+1","Apotheosis","Beam Cell","Electrodynamics"],"special_seed":0,"relics":["FrozenCore","Orichalcum","Bag of Preparation","Ornamental Fan","MawBank","Cables","Orrery","Smiling Mask"],"potions_floor_usage":[33,33,33,50,50,50],"damage_taken":[{"damage":4.0,"enemies":"Jaw Worm","floor":1.0,"turns":4.0},{"damage":1.0,"enemies":"Cultist","floor":5.0,"turns":3.0},{"damage":0.0,"enemies":"Small Slimes","floor":8.0,"turns":2.0},{"damage":13.0,"enemies":"Lagavulin","floor":11.0,"turns":9.0},{"damage":0.0,"enemies":"Looter","floor":13.0,"turns":3.0},{"damage":0.0,"enemies":"3 Sentries","floor":14.0,"turns":12.0},{"damage":26.0,"enemies":"The Guardian","floor":16.0,"turns":17.0},{"damage":0.0,"enemies":"3 Byrds","floor":18.0,"turns":2.0},{"damage":6.0,"enemies":"Shell Parasite","floor":20.0,"turns":6.0},{"damage":8.0,"enemies":"Sentry and Sphere","floor":21.0,"turns":6.0},{"damage":6.0,"enemies":"Snake Plant","floor":24.0,"turns":6.0},{"damage":4.0,"enemies":"3 Cultists","floor":25.0,"turns":4.0},{"damage":7.0,"enemies":"Book of Stabbing","floor":29.0,"turns":6.0},{"damage":57,"enemies":"Automaton","floor":33,"turns":14},{"damage":15,"enemies":"Orb Walker","floor":35,"turns":6},{"damage":18,"enemies":"3 Darklings","floor":39,"turns":5},{"damage":0,"enemies":"4 Shapes","floor":41,"turns":7},{"damage":7,"enemies":"Transient","floor":44,"turns":5},{"damage":11,"enemies":"Maw","floor":46,"turns":6},{"damage":0,"enemies":"Spire Growth","floor":47,"turns":7},{"damage":16,"enemies":"Donu and Deca","floor":50,"turns":9}],"seed_played":"-8886388767475820554","potions_obtained":[{"floor":8.0,"key":"Fire Potion"},{"floor":13.0,"key":"Swift Potion"},{"floor":14.0,"key":"Swift Potion"},{"floor":20.0,"key":"EssenceOfSteel"},{"floor":33,"key":"Regen Potion"},{"floor":35,"key":"FairyPotion"},{"floor":44,"key":"FearPotion"},{"floor":46,"key":"Energy Potion"}],"is_trial":false,"path_per_floor":["M","$","?","$","M","R","$","M","T","?","E","R","M","E","R","B",null,"M","?","M","M","$","R","M","M","T","R","?","E","R","?","R","B",null,"M","?","?","$","M","R","M","R","T","M","?","M","M","$","R","B",null],"character_chosen":"DEFECT","items_purchased":["Glacier","Machine Learning","Cold Snap","Apotheosis","Beam Cell","Electrodynamics"],"campfire_rested":2,"item_purchase_floors":[7,38,38,48,48,48],"current_hp_per_floor":[78,78,78,78,77,77,77,77,77,77,64,64,64,64,64,38,82,82,82,76,68,68,68,62,58,58,58,42,35,35,64,64,7,87,72,72,72,72,54,80,80,80,80,73,73,62,62,62,83,73],"gold":16,"neow_bonus":"TEN_PERCENT_HP_BONUS","is_prod":false,"is_daily":false,"chose_seed":false,"campfire_upgraded":8,"win_rate":0,"timestamp":1551301511,"path_taken":["M","$","?","?","M","R","$","M","T","?","E","R","M","E","R","BOSS","M","?","?","M","$","R","M","M","T","R","?","E","R","?","R","BOSS","M","?","?","$","M","R","M","R","T","?","?","M","M","$","R","BOSS"],"build_version":"2019-01-23","purchased_purges":2,"victory":true,"max_hp_per_floor":[82,82,82,82,82,82,82,82,82,82,82,82,82,82,82,82,82,82,82,82,82,82,82,82,82,82,82,87,87,87,87,87,87,87,87,87,87,87,87,87,87,87,87,87,83,83,83,83,83,83],"card_choices":[{"not_picked":["Sweeping Beam","Steam","Compile Driver"],"picked":"SKIP","floor":1.0},{"not_picked":["Compile Driver","FTL"],"picked":"Go for the Eyes","floor":5.0},{"not_picked":["Leap","Steam","Stack"],"picked":"SKIP","floor":8.0},{"not_picked":["Streamline","Fission"],"picked":"Undo","floor":11.0},{"not_picked":["Hologram","Streamline","Static Discharge"],"picked":"SKIP","floor":13.0},{"not_picked":["Steam Power","Skim","Auto Shields"],"picked":"SKIP","floor":14.0},{"not_picked":["Multi-Cast","Echo Form"],"picked":"Electrodynamics","floor":16.0},{"not_picked":["Scrape+1","Barrage","Gash"],"picked":"SKIP","floor":18.0},{"not_picked":["Rebound","Redo","Barrage+1"],"picked":"SKIP","floor":20.0},{"not_picked":["Go for the Eyes","White Noise"],"picked":"Conserve Battery","floor":21.0},{"not_picked":["Skim","Leap"],"picked":"FTL+1","floor":24.0},{"not_picked":["Self Repair","Storm"],"picked":"Capacitor","floor":25.0},{"not_picked":["Streamline","All For One","Steam"],"picked":"SKIP","floor":29.0},{"not_picked":["Reinforced Body","Barrage"],"picked":"Ball Lightning","floor":34},{"not_picked":["Recycle","Rip and Tear"],"picked":"Streamline+1","floor":34},{"not_picked":["Beam Cell","Skim"],"picked":"Melter+1","floor":34},{"not_picked":["Conserve Battery+1","Consume","Redo+1"],"picked":"SKIP","floor":35},{"not_picked":["Biased Cognition","Rip and Tear","Heatsinks"],"picked":"SKIP","floor":39},{"not_picked":["Skim+1","Lockon+1"],"picked":"Defragment","floor":41},{"not_picked":["Force Field","Stack"],"picked":"Defragment+1","floor":44},{"not_picked":["Redo+1","Sweeping Beam","Cold Snap+1"],"picked":"SKIP","floor":46},{"not_picked":["Genetic Algorithm+1","Turbo+1","Hologram"],"picked":"SKIP","floor":47}],"player_experience":1070458,"relics_obtained":[{"floor":9.0,"key":"Orichalcum"},{"floor":11.0,"key":"Bag of Preparation"},{"floor":14.0,"key":"Ornamental Fan"},{"floor":26.0,"key":"MawBank"},{"floor":29.0,"key":"Cables"},{"floor":43,"key":"Smiling Mask"}],"event_choices":[{"damage_healed":0.0,"max_hp_gain":0.0,"max_hp_loss":0.0,"gold_gain":0.0,"event_name":"WeMeetAgain","player_choice":"Ignored","floor":3.0,"gold_loss":0.0,"damage_taken":0.0},{"damage_healed":0.0,"max_hp_gain":0.0,"max_hp_loss":0.0,"gold_gain":0.0,"event_name":"The Cleric","player_choice":"Leave","floor":10.0,"gold_loss":0.0,"damage_taken":0.0},{"damage_healed":0.0,"max_hp_gain":0.0,"max_hp_loss":0.0,"gold_gain":0.0,"event_name":"Match and Keep!","player_choice":"2 cards matched","floor":19.0,"gold_loss":0.0,"damage_taken":0.0,"cards_obtained":["All For One","Lockon"]},{"damage_healed":0.0,"max_hp_gain":5.0,"max_hp_loss":0.0,"gold_gain":0.0,"event_name":"Forgotten Altar","player_choice":"Shed Blood","floor":28.0,"gold_loss":0.0,"damage_taken":21.0},{"damage_healed":29,"gold_gain":0,"player_choice":"Heal","damage_taken":0,"max_hp_gain":0,"max_hp_loss":0,"event_name":"The Library","floor":31,"gold_loss":0},{"damage_healed":0,"gold_gain":0,"player_choice":"Ignored","damage_taken":0,"max_hp_gain":0,"max_hp_loss":0,"event_name":"Mysterious Sphere","floor":36,"gold_loss":0},{"damage_healed":0,"gold_gain":0,"player_choice":"Upgraded Two","damage_taken":0,"max_hp_gain":0,"max_hp_loss":0,"event_name":"Designer","floor":37,"gold_loss":40,"cards_upgraded":["Strike_B","Defend_B"]},{"damage_healed":0,"gold_gain":0,"player_choice":"Max HP","damage_taken":0,"max_hp_gain":0,"max_hp_loss":4,"event_name":"Winding Halls","floor":45,"gold_loss":0}],"is_beta":false,"boss_relics":[{"not_picked":["Ectoplasm","Runic Pyramid"],"picked":"FrozenCore"},{"not_picked":["Lizard Tail","Empty Cage"],"picked":"Orrery"}],"items_purged_floors":[22,48],"is_endless":false,"potions_floor_spawned":[8,13,14,20,33,35,44,46],"ascension_level":0}