{"gold_per_floor":[113,113,128,141,141,155,171,190,216,216,216,141,151,184,184,288,288,288],"floor_reached":18,"playtime":524,"items_purged":["Defend_B"],"score":164,"play_id":"6ed1209b-1ef3-4e4c-b3b9-fc6951c44d04","local_time":"20190615111435","is_ascension_mode":false,"campfire_choices":[{"data":"Zap","floor":11,"key":"SMITH"},{"data":"Ball Lightning","floor":15,"key":"SMITH"}],"neow_cost":"NONE","seed_source_timestamp":1433769222660272,"circlet_count":0,"master_deck":["Strike_B","Strike_B","Strike_B","Defend_B+1","Defend_B","Defend_B","Zap+1","Dualcast+1","Ball Lightning+1","Conserve Battery+1"],"special_seed":0,"relics":["Cracked Core","War Paint","Singing Bowl","Inserter"],"potions_floor_usage":[],"damage_taken":[{"damage":0.0,"enemies":"Cultist","floor":1.0,"turns":3.0},{"damage":1.0,"enemies":"Jaw Worm","floor":3.0,"turns":3.0},{"damage":0.0,"enemies":"Small Slimes","floor":4.0,"turns":2.0},{"damage":0,"enemies":"Exordium Thugs","floor":6,"turns":4},{"damage":5,"enemies":"Looter","floor":7,"turns":3},{"damage":0,"enemies":"Large Slime","floor":8,"turns":4},{"damage":2,"enemies":"Exordium Wildlife","floor":13,"turns":4},{"damage":9,"enemies":"3 Sentries","floor":14,"turns":7},{"damage":39,"enemies":"Slime Boss","floor":16,"turns":10},{"damage":0,"enemies":"Shell Parasite","floor":18,"turns":1}],"seed_played":"-822304278407587826","potions_obtained":[{"floor":1.0,"key":"Explosive Potion"},{"floor":7,"key":"Fire Potion"},{"floor":8,"key":"Regen Potion"},{"floor":14,"key":"Block Potion"}],"is_trial":false,"path_per_floor":["M","$","M","M","$","M","M","M","T","?","R","$","M","E","R","B",null,"M"],"character_chosen":"DEFECT","items_purchased":[],"campfire_rested":0,"item_purchase_floors":[],"current_hp_per_floor":[75,75,74,74,74,74,69,69,69,69,69,69,67,60,60,23,79,79],"gold":288,"neow_bonus":"UPGRADE_CARD","is_prod":false,"is_daily":false,"chose_seed":false,"campfire_upgraded":2,"win_rate":0,"timestamp":1560593675,"path_taken":["M","$","M","M","$","M","M","M","T","?","R","?","M","E","R","BOSS","M"],"build_version":"2019-01-23","purchased_purges":1,"victory":false,"max_hp_per_floor":[75,75,75,75,75,75,75,75,75,75,75,75,75,77,77,79,79,79],"card_choices":[{"not_picked":["Consume","Gash","Compile Driver"],"picked":"SKIP","floor":1.0},{"not_picked":["Chaos","Gash","Sweeping Beam"],"picked":"SKIP","floor":3.0},{"not_picked":["Force Field","Redo","Creative AI"],"picked":"SKIP","floor":4.0},{"not_picked":["Streamline","Steam"],"picked":"Ball Lightning","floor":6},{"not_picked":["Sweeping Beam","Stack"],"picked":"Conserve Battery","floor":7},{"not_picked":["Rip and Tear","Coolheaded","Darkness"],"picked":"SKIP","floor":8},{"not_picked":["Coolheaded","Beam Cell","Conserve Battery"],"picked":"SKIP","floor":13},{"not_picked":["Hyperbeam","Scrape","FTL"],"picked":"Singing Bowl","floor":14},{"not_picked":["Multi-Cast","Meteor Strike","Thunder Strike"],"picked":"Singing Bowl","floor":16}],"player_experience":1294736,"relics_obtained":[{"floor":9,"key":"War Paint"},{"floor":14,"key":"Singing Bowl"}],"event_choices":[{"cards_removed":["Strike_B"],"damage_healed":0,"gold_gain":0,"player_choice":"Offered Basic","damage_taken":0,"max_hp_gain":0,"max_hp_loss":0,"event_name":"Bonfire Elementals","floor":10,"gold_loss":0}],"is_beta":false,"boss_relics":[{"not_picked":["FrozenCore","Busted Crown"],"picked":"Inserter"}],"items_purged_floors":[12],"is_endless":false,"potions_floor_spawned":[1,7,8,14],"killed_by":"Shell Parasite","ascension_level":0}