{"gold_per_floor":[113,130,146,146,156,156,183,183,233,233,260,276,276,287,287,383,383,354,367,382,394,65,90,105,140,165,165,165,185,200,215,215,317,317,329,341,341,351,369,369,384,404,404,404,434,7,24,41,41,41],"floor_reached":51,"playtime":3615,"items_purged":["Strike_R","Strike_R"],"score":1020,"play_id":"1d18fd58-07c8-44a0-9f7d-4f4cb9e500fa","local_time":"20180826211148","is_ascension_mode":true,"campfire_choices":[{"data":"Barricade","floor":6,"key":"SMITH"},{"floor":8,"key":"REST"},{"data":"Armaments","floor":10,"key":"SMITH"},{"data":"Bash","floor":13,"key":"SMITH"},{"floor":15,"key":"REST"},{"data":"Entrench","floor":27,"key":"SMITH"},{"data":"Flame Barrier","floor":32,"key":"SMITH"},{"data":"Impervious","floor":40,"key":"SMITH"},{"data":"Impervious","floor":44,"key":"SMITH"},{"data":"Immolate","floor":49,"key":"SMITH"}],"neow_cost":"NONE","seed_source_timestamp":914558006269445,"circlet_count":0,"master_deck":["Strike_R","Strike_R","Defend_R","Defend_R","Defend_R","Bash+1","Barricade+1","Armaments+1","Ghostly Armor","Clothesline","Shrug It Off","Impervious+1","Twin Strike","Clothesline","Juggernaut","Perfected Strike+1","Havoc+1","Perfected Strike+1","Havoc+1","Headbutt","Body Slam","Entrench+1","Impervious+1","Bloodletting+1","Flame Barrier+1","Perfected Strike+1","Feed","Inflame+1","Second Wind+1","Headbutt","Warcry+1","Power Through","Sentinel+1","Exhume","Immolate+1","Disarm+1","Whirlwind"],"relics":["Burning Blood","Ornamental Fan","Potion Belt","Pen Nib","Coffee Dripper","Art of War","Lantern","Incense Burner","Centennial Puzzle","Velvet Choker","Bottled Tornado","Bag of Marbles","Sling"],"potions_floor_usage":[16,23,24,25,30,30,33,33,35,41],"damage_taken":[{"damage":3,"enemies":"2 Louse","floor":1,"turns":4},{"damage":6,"enemies":"Cultist","floor":2,"turns":4},{"damage":2,"enemies":"Small Slimes","floor":3,"turns":4},{"damage":16,"enemies":"Exordium Wildlife","floor":5,"turns":5},{"damage":41,"enemies":"Gremlin Nob","floor":7,"turns":6},{"damage":5,"enemies":"Red Slaver","floor":12,"turns":4},{"damage":4,"enemies":"Gremlin Gang","floor":14,"turns":5},{"damage":23,"enemies":"The Guardian","floor":16,"turns":14},{"damage":12,"enemies":"2 Thieves","floor":18,"turns":5},{"damage":0,"enemies":"Chosen","floor":19,"turns":3},{"damage":0,"enemies":"Centurion and Healer","floor":20,"turns":6},{"damage":6,"enemies":"Cultist and Chosen","floor":21,"turns":6},{"damage":29,"enemies":"Book of Stabbing","floor":23,"turns":6},{"damage":0,"enemies":"Snake Plant","floor":24,"turns":3},{"damage":20,"enemies":"Slavers","floor":25,"turns":6},{"damage":18,"enemies":"Sentry and Sphere","floor":29,"turns":4},{"damage":5,"enemies":"Centurion and Healer","floor":30,"turns":7},{"damage":4,"enemies":"3 Cultists","floor":31,"turns":5},{"damage":0,"enemies":"Champ","floor":33,"turns":10},{"damage":5,"enemies":"Flame Bruiser 1 Orb","floor":35,"turns":8},{"damage":7,"enemies":"3 Darklings","floor":36,"turns":6},{"damage":3,"enemies":"Spire Growth","floor":38,"turns":6},{"damage":16,"enemies":"Sphere and 2 Shapes","floor":39,"turns":7},{"damage":17,"enemies":"3 Darklings","floor":41,"turns":6},{"damage":0,"enemies":"Flame Bruiser 2 Orb","floor":42,"turns":5},{"damage":0,"enemies":"2 Orb Walkers","floor":45,"turns":5},{"damage":13,"enemies":"Spire Growth","floor":47,"turns":4},{"damage":0,"enemies":"3 Darklings","floor":48,"turns":4},{"damage":1,"enemies":"Awakened One","floor":50,"turns":11}],"seed_played":"-8907005386926633938","potions_obtained":[{"floor":5,"key":"LiquidBronze"},{"floor":7,"key":"Ancient Potion"},{"floor":12,"key":"PowerPotion"},{"floor":14,"key":"Regen Potion"},{"floor":16,"key":"BloodPotion"},{"floor":21,"key":"Block Potion"},{"floor":23,"key":"SkillPotion"},{"floor":25,"key":"Poison Potion"},{"floor":31,"key":"AttackPotion"},{"floor":33,"key":"Dexterity Potion"},{"floor":35,"key":"PowerPotion"},{"floor":47,"key":"EssenceOfSteel"},{"floor":48,"key":"FearPotion"}],"is_trial":false,"path_per_floor":["M","M","M","?","M","R","E","R","T","R","T","M","R","M","R","B",null,"M","M","M","M","$","E","M","E","T","R","?","M","M","M","R","B",null,"M","M","?","M","M","R","M","M","T","R","E","$","M","M","R","B"],"character_chosen":"IRONCLAD","items_purchased":["Headbutt","Body Slam","Art of War","Sling","Immolate"],"campfire_rested":2,"item_purchase_floors":[22,22,22,46,46],"current_hp_per_floor":[80,80,80,73,63,63,28,52,52,52,52,53,53,55,79,62,80,74,80,80,80,80,57,63,49,49,49,49,37,46,48,48,69,80,83,82,82,83,73,73,62,68,68,68,74,74,67,73,73,78],"gold":41,"neow_bonus":"ONE_RANDOM_RARE_CARD","is_prod":false,"is_daily":false,"chose_seed":false,"campfire_upgraded":8,"win_rate":0,"timestamp":1535343108,"path_taken":["M","M","M","?","M","R","E","R","T","R","?","?","R","M","R","BOSS","M","?","M","M","$","E","M","E","T","R","?","M","M","M","R","BOSS","M","M","?","M","M","R","M","M","T","R","E","$","M","M","R","BOSS"],"build_version":"2018-08-23v2","purchased_purges":2,"victory":true,"max_hp_per_floor":[80,80,80,80,80,80,80,80,80,80,80,80,80,80,80,80,80,80,80,80,80,80,80,80,80,80,80,80,80,80,80,80,80,80,83,83,83,83,83,83,83,83,83,83,83,83,83,83,83,83],"card_choices":[{"not_picked":["Clothesline","Warcry"],"picked":"Armaments","floor":1},{"not_picked":["Perfected Strike","Sever Soul"],"picked":"Ghostly Armor","floor":2},{"not_picked":["Clash","Fire Breathing"],"picked":"Clothesline","floor":3},{"not_picked":["Armaments","Intimidate"],"picked":"Shrug It Off","floor":5},{"not_picked":["Headbutt","Warcry"],"picked":"Impervious","floor":7},{"not_picked":["Warcry","Feel No Pain"],"picked":"Twin Strike","floor":12},{"not_picked":["Fire Breathing","Sever Soul"],"picked":"Clothesline","floor":14},{"not_picked":["Bludgeon","Double Tap"],"picked":"Juggernaut","floor":16},{"not_picked":["Rage","Warcry"],"picked":"Perfected Strike+1","floor":18},{"not_picked":["Clash","Anger"],"picked":"Havoc+1","floor":19},{"not_picked":["Sever Soul+1","Sword Boomerang"],"picked":"Perfected Strike+1","floor":20},{"not_picked":["Heavy Blade","Searing Blow"],"picked":"Havoc+1","floor":21},{"not_picked":["Heavy Blade","Armaments"],"picked":"Entrench","floor":23},{"not_picked":["Sever Soul","Wild Strike+1"],"picked":"Impervious","floor":24},{"not_picked":["Shrug It Off","Twin Strike"],"picked":"Bloodletting+1","floor":25},{"not_picked":["Twin Strike","Cleave+1"],"picked":"Flame Barrier","floor":29},{"not_picked":["Havoc","Dark Embrace"],"picked":"Perfected Strike+1","floor":30},{"not_picked":["Sword Boomerang","Feel No Pain","Flex+1"],"picked":"SKIP","floor":31},{"not_picked":["Limit Break","Dark Embrace"],"picked":"Feed","floor":33},{"not_picked":["Anger","Iron Wave"],"picked":"Inflame+1","floor":35},{"not_picked":["Headbutt","Twin Strike+1"],"picked":"Second Wind+1","floor":36},{"not_picked":["Flame Barrier","Havoc+1","True Grit"],"picked":"SKIP","floor":38},{"not_picked":["Havoc","Corruption"],"picked":"Warcry+1","floor":39},{"not_picked":["Headbutt","Pommel Strike+1"],"picked":"Power Through","floor":41},{"not_picked":["Rage","Pommel Strike+1"],"picked":"Sentinel+1","floor":42},{"not_picked":["Pommel Strike+1","Inflame"],"picked":"Exhume","floor":45},{"not_picked":["Fire Breathing","Bloodletting"],"picked":"Disarm+1","floor":47},{"not_picked":["Pommel Strike","Bloodletting"],"picked":"Whirlwind","floor":48}],"player_experience":293924,"relics_obtained":[{"floor":7,"key":"Ornamental Fan"},{"floor":9,"key":"Potion Belt"},{"floor":11,"key":"Pen Nib"},{"floor":23,"key":"Lantern"},{"floor":25,"key":"Incense Burner"},{"floor":26,"key":"Centennial Puzzle"},{"floor":43,"key":"Bottled Tornado"},{"floor":45,"key":"Bag of Marbles"}],"event_choices":[{"event_name":"Golden Wing","player_choice":"Card Removal","floor":4,"damage_taken":0},{"event_name":"N\u0027loth","player_choice":"Ignored","floor":28,"damage_taken":0},{"event_name":"Transmorgrifier","player_choice":"Transform","floor":37,"damage_taken":0}],"is_beta":false,"boss_relics":[{"not_picked":["Snecko Eye","Lizard Tail"],"picked":"Coffee Dripper"},{"not_picked":["Runic Cube","Black Blood"],"picked":"Velvet Choker"}],"items_purged_floors":[22,46],"is_endless":false,"potions_floor_spawned":[5,7,12,14,16,21,23,25,31,33,35,47,48],"ascension_level":4}