{"gold_per_floor":[118,133,133,149,163,195,195,212,212,234,251,251,251,263,263,340,340,355,373,373,32,51,51],"floor_reached":23,"playtime":1081,"items_purged":["Strike_R"],"score":332,"play_id":"7e2ce6a3-74e2-4ccb-a5c2-b98ca51fd789","local_time":"20190815210756","is_ascension_mode":true,"campfire_choices":[{"data":"Inflame","floor":7,"key":"SMITH"},{"floor":13,"key":"REST"},{"floor":15,"key":"REST"}],"neow_cost":"NONE","seed_source_timestamp":153742112880742,"circlet_count":0,"master_deck":["AscendersBane","Strike_R","Strike_R","Strike_R","Strike_R","Defend_R","Defend_R","Defend_R","Defend_R","Bash","Body Slam","Inflame+1","Burning Pact","Sentinel","Cleave","Armaments+1","Spot Weakness","Pummel","Double Tap","Warcry","Corruption","Feed","Metallicize"],"relics":["Burning Blood","Centennial Puzzle","Omamori","Oddly Smooth Stone","Odd Mushroom","Philosopher\u0027s Stone","Juzu Bracelet"],"potions_floor_usage":[10,16,19,22,23],"damage_taken":[{"damage":3,"enemies":"Jaw Worm","floor":1,"turns":5},{"damage":2,"enemies":"Small Slimes","floor":2,"turns":4},{"damage":4,"enemies":"2 Louse","floor":4,"turns":3},{"damage":12,"enemies":"Red Slaver","floor":5,"turns":5},{"damage":24,"enemies":"Gremlin Nob","floor":6,"turns":4},{"damage":11,"enemies":"Blue Slaver","floor":8,"turns":3},{"damage":18,"enemies":"The Mushroom Lair","floor":10,"turns":4},{"damage":11,"enemies":"Looter","floor":11,"turns":3},{"damage":0,"enemies":"Large Slime","floor":14,"turns":4},{"damage":42,"enemies":"Hexaghost","floor":16,"turns":7},{"damage":14,"enemies":"Spheric Guardian","floor":18,"turns":4},{"damage":12,"enemies":"Shell Parasite","floor":19,"turns":5},{"damage":44,"enemies":"Sentry and Sphere","floor":22,"turns":7},{"damage":15,"enemies":"Book of Stabbing","floor":23,"turns":3}],"seed_played":"7344695515112533111","potions_obtained":[{"floor":1,"key":"Ancient Potion"},{"floor":5,"key":"Poison Potion"},{"floor":10,"key":"Strength Potion"},{"floor":14,"key":"Poison Potion"},{"floor":16,"key":"FearPotion"},{"floor":22,"key":"PowerPotion"}],"is_trial":false,"path_per_floor":["M","M","?","M","M","E","R","M","T","?","M","?","R","M","R","B",null,"M","M","T","$","M","E"],"character_chosen":"IRONCLAD","items_purchased":["Feed","EssenceOfSteel","Metallicize"],"campfire_rested":2,"item_purchase_floors":[21,21,21],"current_hp_per_floor":[71,75,75,75,69,51,51,46,46,34,29,29,51,57,75,39,66,58,52,52,52,14,0],"gold":51,"neow_bonus":"RANDOM_COMMON_RELIC","is_prod":false,"is_daily":false,"chose_seed":false,"campfire_upgraded":1,"win_rate":0,"timestamp":1565928476,"path_taken":["M","M","?","M","M","E","R","M","T","?","M","?","R","M","R","BOSS","M","M","?","$","M","E"],"build_version":"2019-07-17","purchased_purges":1,"victory":false,"max_hp_per_floor":[75,75,75,75,75,75,75,75,75,75,75,75,75,75,75,75,75,75,75,75,75,75,75],"card_choices":[{"not_picked":["Twin Strike","Heavy Blade"],"picked":"Body Slam","floor":1},{"not_picked":["Sword Boomerang","Perfected Strike"],"picked":"Inflame","floor":2},{"not_picked":["Evolve","Warcry"],"picked":"Burning Pact","floor":4},{"not_picked":["Flame Barrier","Metallicize"],"picked":"Sentinel","floor":5},{"not_picked":["Havoc","Armaments"],"picked":"Cleave","floor":6},{"not_picked":["Headbutt","Brutality"],"picked":"Armaments","floor":8},{"not_picked":["Blood for Blood","Battle Trance"],"picked":"Spot Weakness","floor":10},{"not_picked":["Searing Blow","Clash","Thunderclap"],"picked":"SKIP","floor":11},{"not_picked":["Warcry","Cleave"],"picked":"Pummel","floor":14},{"not_picked":["Juggernaut","Berserk"],"picked":"Double Tap","floor":16},{"not_picked":["Perfected Strike+1","Anger"],"picked":"Warcry","floor":18},{"not_picked":["Thunderclap","Perfected Strike"],"picked":"Corruption","floor":19},{"not_picked":["Wild Strike","Flex","Perfected Strike"],"picked":"SKIP","floor":22}],"player_experience":721755,"relics_obtained":[{"floor":6,"key":"Omamori"},{"floor":9,"key":"Oddly Smooth Stone"},{"floor":10,"key":"Odd Mushroom"},{"floor":20,"key":"Juzu Bracelet"}],"event_choices":[{"damage_healed":0,"gold_gain":0,"player_choice":"Ignored","damage_taken":0,"max_hp_gain":0,"max_hp_loss":0,"event_name":"Golden Idol","floor":3,"gold_loss":0},{"damage_healed":0,"gold_gain":0,"player_choice":"Fought Mushrooms","damage_taken":0,"max_hp_gain":0,"max_hp_loss":0,"event_name":"Mushrooms","floor":10,"gold_loss":0},{"damage_healed":0,"gold_gain":0,"player_choice":"Upgraded","damage_taken":0,"max_hp_gain":0,"max_hp_loss":0,"event_name":"Upgrade Shrine","floor":12,"gold_loss":0,"cards_upgraded":["Armaments"]}],"is_beta":false,"boss_relics":[{"not_picked":["White Beast Statue","Runic Cube"],"picked":"Philosopher\u0027s Stone"}],"items_purged_floors":[21],"is_endless":false,"potions_floor_spawned":[1,5,8,10,14,16,18,22],"killed_by":"Book of Stabbing","ascension_level":14}