{"gold_per_floor":[17,17,17,32,51,51,77,97,151,170,170,200,219,219,219,294,294,304,318,337,20,37,68,68,16,16,34,44,44,63,80,80,80],"floor_reached":33,"playtime":1759,"items_purged":["Strike_R"],"score":481,"play_id":"b27ab41a-86fd-4693-b8e6-58ba505e4741","local_time":"20190815203852","is_ascension_mode":true,"campfire_choices":[{"data":"Bash","floor":6,"key":"SMITH"},{"floor":11,"key":"REST"},{"floor":15,"key":"REST"},{"floor":24,"key":"REST"},{"data":"Whirlwind","floor":29,"key":"SMITH"},{"data":"True Grit","floor":32,"key":"SMITH"}],"neow_cost":"NO_GOLD","seed_source_timestamp":151320401410555,"circlet_count":0,"master_deck":["AscendersBane","Strike_R","Strike_R+1","Defend_R","Defend_R","Defend_R","Defend_R","Bash+1","Spot Weakness","Heavy Blade+1","Sword Boomerang","Headbutt","True Grit+1","Shrug It Off","Iron Wave","Immolate","Feel No Pain","Twin Strike","Armaments+1","Battle Trance","Master of Strategy","Metallicize","Offering","Doubt","Shrug It Off","Whirlwind+1","Ghostly Armor"],"relics":["Burning Blood","Mercury Hourglass","Orichalcum","Vajra","Cursed Key","Potion Belt","Bronze Scales"],"potions_floor_usage":[7,7,12,23,33,33],"damage_taken":[{"damage":5,"enemies":"Small Slimes","floor":1,"turns":6},{"damage":6,"enemies":"Cultist","floor":4,"turns":3},{"damage":2,"enemies":"Jaw Worm","floor":5,"turns":4},{"damage":46,"enemies":"Lagavulin","floor":7,"turns":8},{"damage":0,"enemies":"3 Louse","floor":8,"turns":2},{"damage":13,"enemies":"Large Slime","floor":10,"turns":4},{"damage":20,"enemies":"Gremlin Nob","floor":12,"turns":4},{"damage":2,"enemies":"Red Slaver","floor":13,"turns":3},{"damage":31,"enemies":"Slime Boss","floor":16,"turns":11},{"damage":8,"enemies":"3 Byrds","floor":18,"turns":4},{"damage":16,"enemies":"Shell Parasite","floor":19,"turns":3},{"damage":0,"enemies":"Cultist and Chosen","floor":20,"turns":4},{"damage":18,"enemies":"Snake Plant","floor":22,"turns":4},{"damage":21,"enemies":"Book of Stabbing","floor":23,"turns":5},{"damage":6,"enemies":"Centurion and Healer","floor":27,"turns":4},{"damage":0,"enemies":"Cultist and Chosen","floor":28,"turns":3},{"damage":0,"enemies":"3 Cultists","floor":30,"turns":2},{"damage":10,"enemies":"Chosen and Byrds","floor":31,"turns":3},{"damage":73,"enemies":"Collector","floor":33,"turns":7}],"seed_played":"5933163927115802728","potions_obtained":[{"floor":1,"key":"GamblersBrew"},{"floor":2,"key":"EssenceOfSteel"},{"floor":2,"key":"SpeedPotion"},{"floor":7,"key":"SteroidPotion"},{"floor":16,"key":"SpeedPotion"},{"floor":19,"key":"SpeedPotion"},{"floor":28,"key":"Dexterity Potion"},{"floor":30,"key":"Block Potion"}],"is_trial":false,"path_per_floor":["M","?","$","M","M","R","E","M","T","M","R","E","M","?","R","B",null,"M","M","M","$","M","E","R","$","T","M","M","R","M","M","R","B"],"character_chosen":"IRONCLAD","items_purchased":["Battle Trance","Master of Strategy","PowerPotion"],"campfire_rested":3,"item_purchase_floors":[21,21,25],"current_hp_per_floor":[69,69,69,69,73,73,33,39,39,32,54,40,44,29,51,26,63,61,51,57,57,45,30,52,52,52,52,58,58,64,60,60,0],"gold":80,"neow_bonus":"REMOVE_TWO","is_prod":false,"is_daily":false,"chose_seed":false,"campfire_upgraded":3,"win_rate":0,"timestamp":1565926732,"path_taken":["M","?","$","M","M","R","E","M","T","?","R","E","M","?","R","BOSS","M","M","M","$","M","E","R","$","T","M","M","R","M","M","R","BOSS"],"build_version":"2019-07-17","purchased_purges":1,"victory":false,"max_hp_per_floor":[75,75,75,75,75,75,75,75,75,75,75,75,75,75,75,75,75,75,75,75,75,75,75,75,75,75,75,75,75,75,75,75,75],"card_choices":[{"not_picked":["Seeing Red","Sword Boomerang"],"picked":"Spot Weakness","floor":1},{"not_picked":["Blood for Blood","Anger"],"picked":"Heavy Blade","floor":4},{"not_picked":["Body Slam","Corruption"],"picked":"Sword Boomerang","floor":5},{"not_picked":["Entrench","Havoc"],"picked":"Headbutt","floor":7},{"not_picked":["Body Slam","Armaments"],"picked":"True Grit","floor":8},{"not_picked":["Clash","Twin Strike"],"picked":"Shrug It Off","floor":10},{"not_picked":["Perfected Strike","Havoc","Clash"],"picked":"SKIP","floor":12},{"not_picked":["Dark Embrace","Corruption"],"picked":"Iron Wave","floor":13},{"not_picked":["Bludgeon","Brutality"],"picked":"Immolate","floor":16},{"not_picked":["Fire Breathing","Intimidate"],"picked":"Feel No Pain","floor":18},{"not_picked":["Searing Blow","Rage"],"picked":"Twin Strike","floor":19},{"not_picked":["Iron Wave","Twin Strike"],"picked":"Armaments+1","floor":20},{"not_picked":["Intimidate+1","Reckless Charge"],"picked":"Metallicize","floor":22},{"not_picked":["Thunderclap+1","Body Slam"],"picked":"Offering","floor":23},{"not_picked":["Clothesline","Iron Wave"],"picked":"Shrug It Off","floor":27},{"not_picked":["Ghostly Armor","Flex"],"picked":"Whirlwind","floor":28},{"not_picked":["Flex","Thunderclap","Havoc"],"picked":"SKIP","floor":30},{"not_picked":["Corruption+1","Battle Trance"],"picked":"Ghostly Armor","floor":31}],"player_experience":719996,"relics_obtained":[{"floor":7,"key":"Mercury Hourglass"},{"floor":9,"key":"Orichalcum"},{"floor":12,"key":"Vajra"},{"floor":23,"key":"Potion Belt"},{"floor":26,"key":"Bronze Scales"}],"event_choices":[{"damage_healed":0,"gold_gain":0,"player_choice":"Got Potions","damage_taken":0,"max_hp_gain":0,"max_hp_loss":0,"event_name":"Lab","floor":2,"gold_loss":0},{"damage_healed":0,"gold_gain":0,"player_choice":"Entered Light","damage_taken":15,"max_hp_gain":0,"max_hp_loss":0,"event_name":"Shining Light","floor":14,"gold_loss":0,"cards_upgraded":["Heavy Blade","Strike_R"]}],"is_beta":false,"boss_relics":[{"not_picked":["Sozu","Orrery"],"picked":"Cursed Key"}],"items_purged_floors":[21],"is_endless":false,"potions_floor_spawned":[1,7,16,19,28,30],"killed_by":"Collector","ascension_level":14}