{"gold_per_floor":[117,117,133,144,161,161,186,186,254,254,269,331,351,365,365,466,466,478,490,509,523,6,6,40,40,40,40,65,76,3,16,16,119,119,138,38,38,51,65,98,98,123,123,123,142,155,55,55,55,55,55,55,55,81,81],"floor_reached":55,"playtime":2748,"items_purged":["Strike_R","Strike_R","Defend_R"],"score":747,"play_id":"ee5df9d8-8c50-4ae2-9250-4042eff0df36","local_time":"20190731200244","is_ascension_mode":true,"campfire_choices":[{"floor":6,"key":"RECALL"},{"data":"Limit Break","floor":8,"key":"SMITH"},{"data":"Bash","floor":10,"key":"SMITH"},{"data":"Uppercut","floor":15,"key":"SMITH"},{"data":"Whirlwind","floor":23,"key":"SMITH"},{"floor":25,"key":"REST"},{"floor":32,"key":"REST"},{"data":"Shrug It Off","floor":41,"key":"SMITH"},{"floor":44,"key":"REST"},{"data":"Pummel","floor":49,"key":"SMITH"},{"data":"Impervious","floor":52,"key":"SMITH"}],"neow_cost":"NONE","seed_source_timestamp":189913274777200,"circlet_count":0,"master_deck":["Defend_R","Defend_R","Bash+1","Fiend Fire","Uppercut+1","Thunderclap","Twin Strike","Limit Break+1","Sentinel","Evolve+1","Pummel+1","Demon Form+1","Whirlwind+1","True Grit+1","Whirlwind+1","Inflame+1","Shrug It Off+1","Impervious+1","Headbutt+1","Shockwave","Shrug It Off+1","Ghostly Armor+1","Pommel Strike+1","Madness","Madness","True Grit+1"],"relics":["Burning Blood","Ice Cream","Frozen Egg 2","Tiny Chest","Sozu","Paper Frog","ClockworkSouvenir","Bottled Flame","Red Mask","Empty Cage","Pear","The Courier","Gremlin Horn","Kunai"],"potions_floor_usage":[7,16,16,18,33],"damage_taken":[{"damage":13,"enemies":"Jaw Worm","floor":1,"turns":4},{"damage":1,"enemies":"Cultist","floor":3,"turns":3},{"damage":0,"enemies":"2 Louse","floor":4,"turns":2},{"damage":0,"enemies":"Exordium Wildlife","floor":5,"turns":3},{"damage":57,"enemies":"Lagavulin","floor":7,"turns":7},{"damage":1,"enemies":"2 Fungi Beasts","floor":11,"turns":4},{"damage":6,"enemies":"Gremlin Nob","floor":12,"turns":3},{"damage":18,"enemies":"Gremlin Gang","floor":13,"turns":4},{"damage":8,"enemies":"Large Slime","floor":14,"turns":4},{"damage":27,"enemies":"Hexaghost","floor":16,"turns":9},{"damage":26,"enemies":"3 Byrds","floor":18,"turns":7},{"damage":13,"enemies":"Shell Parasite","floor":19,"turns":4},{"damage":19,"enemies":"Snecko","floor":20,"turns":4},{"damage":6,"enemies":"Centurion and Healer","floor":21,"turns":6},{"damage":50,"enemies":"Slavers","floor":24,"turns":5},{"damage":0,"enemies":"Masked Bandits","floor":28,"turns":2},{"damage":11,"enemies":"Shelled Parasite and Fungi","floor":29,"turns":4},{"damage":10,"enemies":"Snake Plant","floor":31,"turns":3},{"damage":46,"enemies":"Collector","floor":33,"turns":6},{"damage":17,"enemies":"3 Shapes","floor":35,"turns":7},{"damage":7,"enemies":"Orb Walker","floor":38,"turns":4},{"damage":7,"enemies":"Spire Growth","floor":39,"turns":4},{"damage":27,"enemies":"Giant Head","floor":40,"turns":7},{"damage":32,"enemies":"Nemesis","floor":42,"turns":5},{"damage":0,"enemies":"Sphere and 2 Shapes","floor":45,"turns":4},{"damage":0,"enemies":"Transient","floor":46,"turns":5},{"damage":24,"enemies":"Time Eater","floor":50,"turns":7},{"damage":44,"enemies":"Shield and Spear","floor":54,"turns":6},{"damage":54,"enemies":"The Heart","floor":55,"turns":3}],"seed_played":"3469467285007127933","potions_obtained":[{"floor":1,"key":"Regen Potion"},{"floor":4,"key":"Ancient Potion"},{"floor":12,"key":"FearPotion"},{"floor":14,"key":"LiquidBronze"},{"floor":16,"key":"Regen Potion"}],"is_trial":false,"path_per_floor":["M","?","M","M","M","R","E","R","T","R","M","E","M","M","R","B",null,"M","M","M","M","$","R","E","R","T","$","?","M","$","M","R","B",null,"M","$","?","M","M","E","R","E","T","R","M","M","$","?","R","B",null,"R","$","E","B"],"character_chosen":"IRONCLAD","items_purchased":["Paper Frog","ClockworkSouvenir","Inflame+1"],"campfire_rested":3,"item_purchase_floors":[22,22,30],"current_hp_per_floor":[73,73,78,80,80,80,43,43,43,43,48,48,36,34,34,13,80,72,65,52,52,52,52,8,32,32,32,38,33,33,29,53,13,80,69,69,69,68,67,56,56,30,30,57,63,69,69,58,58,40,90,90,90,52,0],"gold":81,"neow_bonus":"ONE_RANDOM_RARE_CARD","is_prod":false,"is_daily":false,"chose_seed":false,"campfire_upgraded":7,"win_rate":0,"timestamp":1564628564,"path_taken":["M","?","M","M","M","R","E","R","T","R","?","E","M","M","R","BOSS","M","M","?","M","$","R","E","R","T","?","?","M","?","M","R","BOSS","M","$","?","M","M","E","R","E","T","R","M","?","$","?","R","BOSS","R","$","E","BOSS"],"build_version":"2019-07-18","purchased_purges":3,"victory":false,"max_hp_per_floor":[80,80,80,80,80,80,80,80,80,80,80,80,80,80,80,80,80,80,80,80,80,80,80,80,80,80,80,80,80,80,80,80,80,80,80,80,80,80,80,90,90,90,90,90,90,90,90,90,90,90,90,90,90,90,90],"card_choices":[{"not_picked":["True Grit","Combust"],"picked":"Uppercut","floor":1},{"not_picked":["Flex","Heavy Blade"],"picked":"Thunderclap","floor":3},{"not_picked":["Armaments","Havoc"],"picked":"Twin Strike","floor":4},{"not_picked":["Evolve","Clash"],"picked":"Limit Break","floor":5},{"not_picked":["Reckless Charge","Heavy Blade"],"picked":"Sentinel","floor":7},{"not_picked":["Armaments","Iron Wave"],"picked":"Evolve+1","floor":11},{"not_picked":["Body Slam","Clothesline"],"picked":"Pummel","floor":12},{"not_picked":["Sword Boomerang","Havoc","Heavy Blade"],"picked":"SKIP","floor":13},{"not_picked":["Thunderclap","Iron Wave","Combust+1"],"picked":"SKIP","floor":14},{"not_picked":["Brutality+1","Dark Embrace+1"],"picked":"Demon Form+1","floor":16},{"not_picked":["Clothesline","Heavy Blade"],"picked":"Whirlwind","floor":18},{"not_picked":["Flex","Iron Wave+1","Reckless Charge+1"],"picked":"SKIP","floor":19},{"not_picked":["Clash+1","Rage+1","Headbutt"],"picked":"SKIP","floor":20},{"not_picked":["Clash+1","Rage+1","Headbutt"],"picked":"SKIP","floor":20},{"not_picked":["Anger","Fiend Fire","Power Through"],"picked":"SKIP","floor":21},{"not_picked":["Sever Soul+1","Blood for Blood+1","Wild Strike"],"picked":"SKIP","floor":24},{"not_picked":["Shockwave+1","Seeing Red"],"picked":"True Grit+1","floor":28},{"not_picked":["Wild Strike","Blood for Blood+1"],"picked":"Whirlwind+1","floor":29},{"not_picked":["True Grit","Flex"],"picked":"Shrug It Off+1","floor":31},{"not_picked":["Juggernaut+1","Exhume"],"picked":"Impervious","floor":33},{"not_picked":["Twin Strike","Anger+1"],"picked":"Headbutt+1","floor":35},{"not_picked":["Clothesline+1","Havoc+1","Anger+1"],"picked":"SKIP","floor":38},{"not_picked":["Second Wind+1","Sword Boomerang"],"picked":"Shrug It Off","floor":39},{"not_picked":["Pommel Strike","Wild Strike+1"],"picked":"Ghostly Armor+1","floor":40},{"not_picked":["Blood for Blood+1","Entrench+1","Body Slam+1"],"picked":"SKIP","floor":42},{"not_picked":["Anger","Sentinel","Dropkick"],"picked":"SKIP","floor":45},{"not_picked":["Warcry+1","Demon Form+1"],"picked":"Pommel Strike+1","floor":46},{"not_picked":["Sword Boomerang","Headbutt"],"picked":"True Grit+1","floor":54}],"player_experience":1353794,"relics_obtained":[{"floor":7,"key":"Ice Cream"},{"floor":9,"key":"Frozen Egg 2"},{"floor":12,"key":"Tiny Chest"},{"floor":24,"key":"Bottled Flame"},{"floor":28,"key":"Red Mask"},{"floor":40,"key":"Pear"},{"floor":42,"key":"The Courier"},{"floor":43,"key":"Gremlin Horn"},{"floor":54,"key":"Kunai"}],"event_choices":[{"cards_removed":["Strike_R"],"damage_healed":0,"gold_gain":0,"player_choice":"Purged","damage_taken":0,"max_hp_gain":0,"max_hp_loss":0,"event_name":"Purifier","floor":2,"gold_loss":0},{"damage_healed":0,"gold_gain":0,"player_choice":"Fought Bandits","damage_taken":0,"max_hp_gain":0,"max_hp_loss":0,"event_name":"Masked Bandits","floor":28,"gold_loss":0},{"damage_healed":0,"gold_gain":0,"cards_transformed":["Defend_R"],"player_choice":"Transformed","damage_taken":0,"max_hp_gain":0,"max_hp_loss":0,"event_name":"Transmorgrifier","floor":37,"gold_loss":0,"cards_obtained":["Shockwave"]},{"damage_healed":0,"gold_gain":0,"player_choice":"Embrace Madness","damage_taken":11,"max_hp_gain":0,"max_hp_loss":0,"event_name":"Winding Halls","floor":48,"gold_loss":0,"cards_obtained":["Madness","Madness"]}],"is_beta":true,"boss_relics":[{"not_picked":["Ectoplasm","Snecko Eye"],"picked":"Sozu"},{"not_picked":["Calling Bell","Pandora\u0027s Box"],"picked":"Empty Cage"}],"items_purged_floors":[22,36,47],"is_endless":false,"potions_floor_spawned":[1,4,12,14,16,18,20,24,29,33,42,45,54],"killed_by":"The Heart","ascension_level":1}