{"path_per_floor":["M","?","M","M","M","R","M","R","T","E","M","$","R","M","R","B",null,"M","M","M","M","M","R","$","E","T","$","?","?","R","M","R","B",null,"M","M","M","M","?","R","M","R","T","R","M","M","M","$","R","B"],"character_chosen":"DEFECT","items_purchased":["Electrodynamics","Ball Lightning","Buffer","Bird Faced Urn"],"gold_per_floor":[115,115,132,142,162,162,180,180,180,212,230,41,41,54,54,159,159,171,190,205,217,237,237,162,189,189,45,45,45,45,57,57,152,152,163,175,186,202,257,257,272,272,272,272,291,309,321,20,20,20],"floor_reached":51,"campfire_rested":2,"playtime":5156,"item_purchase_floors":[],"current_hp_per_floor":[82,87,87,87,86,86,81,81,81,62,62,62,62,62,62,26,87,68,49,33,32,27,61,61,49,49,49,49,49,57,53,61,58,87,87,86,86,60,49,57,52,62,62,72,41,20,22,22,58,6],"items_purged":["Dualcast"],"gold":20,"score":758,"play_id":"4d07eeed-eaa7-4843-948a-3d2aad458c59","local_time":"20180607230339","is_prod":false,"is_daily":false,"chose_seed":false,"is_ascension_mode":true,"campfire_upgraded":9,"win_rate":0,"timestamp":1528437819,"campfire_choices":[{"data":"Zap","floor":6.0,"key":"SMITH"},{"data":"Glacier","floor":8.0,"key":"SMITH"},{"data":"Electrodynamics","floor":13.0,"key":"SMITH"},{"data":"Consume","floor":15.0,"key":"SMITH"},{"floor":23.0,"key":"REST"},{"data":"Echo Form","floor":30.0,"key":"SMITH"},{"data":"Buffer","floor":32.0,"key":"SMITH"},{"data":"Loop","floor":40.0,"key":"SMITH"},{"data":"Auto Shields","floor":42.0,"key":"SMITH"},{"data":"FTL","floor":44.0,"key":"SMITH"},{"floor":49.0,"key":"REST"}],"path_taken":["M","?","?","M","M","R","M","R","T","E","M","$","R","M","R","BOSS","M","?","M","M","M","R","$","E","T","$","?","?","R","M","R","BOSS","M","M","M","M","?","R","M","R","T","R","M","M","M","$","R","BOSS"],"build_version":"2018-06-07","seed_source_timestamp":0,"purchased_purges":1,"victory":true,"master_deck":["Strike_B","Strike_B","Strike_B","Strike_B","Defend_B","Defend_B","Defend_B","Defend_B","Zap+1","BootSequence","Consume+1","Glacier+1","FTL+1","Electrodynamics+1","Ball Lightning","Sunder","Echo Form+1","Leap+1","Chaos+1","Loop+1","Buffer+1","Core Surge","Auto Shields+1","Storm+1","Skim+1","Aggregate+1","Chill","Amplify"],"max_hp_per_floor":[82,87,87,87,87,87,87,87,87,87,87,87,87,87,87,87,87,87,87,87,87,87,87,87,87,87,87,87,87,87,87,87,87,87,87,87,87,87,87,87,87,87,87,87,87,87,87,87,87,87],"relics":["Cracked Core","Lantern","Anchor","Eternal Feather","Bottled Lightning","Ice Cream","Sozu","Turnip","Blood Vial","Bird Faced Urn"],"card_choices":[{"not_picked":["Streamline","Barrage"],"picked":"BootSequence","floor":1.0},{"not_picked":["Conserve Battery","Gash"],"picked":"Consume","floor":3.0},{"not_picked":["Doom and Gloom","Double Energy"],"picked":"Glacier","floor":4.0},{"not_picked":["Cold Snap","Gash"],"picked":"FTL","floor":5.0},{"not_picked":["Blizzard","Cold Snap","Go for the Eyes"],"picked":"SKIP","floor":7.0},{"not_picked":["Compile Driver","Barrage","Stack"],"picked":"SKIP","floor":10.0},{"not_picked":["Conserve Battery","Steam","Beam Cell"],"picked":"SKIP","floor":11.0},{"not_picked":["Chaos","Compile Driver"],"picked":"Sunder","floor":14.0},{"not_picked":["Reboot","Buffer"],"picked":"Echo Form","floor":16.0},{"not_picked":["Go for the Eyes+1","Streamline"],"picked":"Leap+1","floor":18.0},{"not_picked":["Turbo","Ball Lightning","Compile Driver+1"],"picked":"SKIP","floor":19.0},{"not_picked":["Storm","Force Field+1"],"picked":"Chaos+1","floor":20.0},{"not_picked":["Conserve Battery","Stack"],"picked":"Loop","floor":21.0},{"not_picked":["Barrage","Coolheaded","Sweeping Beam"],"picked":"SKIP","floor":22.0},{"not_picked":["Melter+1","Gash","Rebound"],"picked":"SKIP","floor":25.0},{"not_picked":["Cold Snap","Steam Power+1","Hello World"],"picked":"SKIP","floor":31.0},{"not_picked":["Echo Form","Thunder Strike"],"picked":"Core Surge","floor":33.0},{"not_picked":["Coolheaded","Compile Driver+1"],"picked":"Auto Shields","floor":35.0},{"not_picked":["Consume+1","Compile Driver+1"],"picked":"Storm+1","floor":36.0},{"not_picked":["Leap+1","Undo","Cold Snap"],"picked":"SKIP","floor":37.0},{"not_picked":["Rip and Tear","Steam","Recycle"],"picked":"SKIP","floor":38.0},{"not_picked":["Compile Driver","Go for the Eyes"],"picked":"Skim+1","floor":41.0},{"not_picked":["Gash","Stack"],"picked":"Aggregate+1","floor":45.0},{"not_picked":["Sunder+1","Glacier"],"picked":"Chill","floor":46.0},{"not_picked":["Scrape+1","Capacitor"],"picked":"Amplify","floor":47.0}],"player_experience":385141,"potions_floor_usage":[50],"damage_taken":[{"damage":0.0,"enemies":"Jaw Worm","floor":1.0,"turns":3.0},{"damage":0.0,"enemies":"Small Slimes","floor":3.0,"turns":3.0},{"damage":0.0,"enemies":"2 Louse","floor":4.0,"turns":3.0},{"damage":1.0,"enemies":"Lots of Slimes","floor":5.0,"turns":6.0},{"damage":5.0,"enemies":"Gremlin Gang","floor":7.0,"turns":4.0},{"damage":19.0,"enemies":"3 Sentries","floor":10.0,"turns":7.0},{"damage":0.0,"enemies":"Exordium Thugs","floor":11.0,"turns":4.0},{"damage":0.0,"enemies":"2 Fungi Beasts","floor":14.0,"turns":2.0},{"damage":36.0,"enemies":"Hexaghost","floor":16.0,"turns":10.0},{"damage":19.0,"enemies":"Spheric Guardian","floor":18.0,"turns":4.0},{"damage":19.0,"enemies":"Chosen","floor":19.0,"turns":5.0},{"damage":16.0,"enemies":"Snake Plant","floor":20.0,"turns":4.0},{"damage":1.0,"enemies":"Cultist and Chosen","floor":21.0,"turns":6.0},{"damage":5.0,"enemies":"Centurion and Healer","floor":22.0,"turns":6.0},{"damage":12.0,"enemies":"Gremlin Leader","floor":25.0,"turns":7.0},{"damage":4.0,"enemies":"Snake Plant","floor":31.0,"turns":4.0},{"damage":18.0,"enemies":"Collector","floor":33.0,"turns":9.0},{"damage":0.0,"enemies":"3 Shapes","floor":35.0,"turns":3.0},{"damage":1.0,"enemies":"Orb Walker","floor":36.0,"turns":3.0},{"damage":0.0,"enemies":"Maw","floor":37.0,"turns":8.0},{"damage":26.0,"enemies":"Sphere and 2 Shapes","floor":38.0,"turns":6.0},{"damage":11.0,"floor":39.0,"turns":5.0},{"damage":5.0,"enemies":"4 Shapes","floor":41.0,"turns":4.0},{"damage":33.0,"enemies":"3 Darklings","floor":45.0,"turns":5.0},{"damage":23.0,"enemies":"Maw","floor":46.0,"turns":7.0},{"damage":0.0,"enemies":"4 Shapes","floor":47.0,"turns":4.0},{"damage":70,"enemies":"Donu and Deca","floor":50,"turns":9}],"relics_obtained":[{"floor":9.0,"key":"Lantern"},{"floor":10.0,"key":"Anchor"},{"floor":25.0,"key":"Bottled Lightning"},{"floor":26.0,"key":"Ice Cream"},{"floor":39.0,"key":"Turnip"},{"floor":43.0,"key":"Blood Vial"}],"event_choices":[{"event_name":"Big Fish","player_choice":"Donut","floor":2.0,"damage_taken":0.0},{"event_name":"Beggar","player_choice":"Ignored","floor":28.0,"damage_taken":0.0},{"event_name":"Cursed Tome","player_choice":"Ignored","floor":29.0,"damage_taken":0.0},{"event_name":"Mysterious Sphere","player_choice":"Fight","floor":39.0,"damage_taken":0.0}],"boss_relics":[{"not_picked":["Velvet Choker","White Beast Statue"],"picked":"Eternal Feather"},{"not_picked":["Pandora\u0027s Box","Astrolabe"],"picked":"Sozu"}],"items_purged_floors":[],"potions_floor_spawned":[3,5,14,22,25,31,33,36,39,45],"seed_played":"9133382853808960202","ascension_level":1,"potions_obtained":[{"floor":3.0,"key":"LiquidBronze"},{"floor":5.0,"key":"SteroidPotion"},{"floor":14.0,"key":"Swift Potion"},{"floor":22.0,"key":"Regen Potion"},{"floor":25.0,"key":"FocusPotion"},{"floor":33.0,"key":"SpeedPotion"}],"is_trial":false}