{"path_per_floor":["M","$","M","M","?","E","R","M","T","R","$","M","M","M","R","B",null,"M","?","T","M","M","R","M","$","T","$","M","R","M","M","R"],"character_chosen":"DEFECT","items_purchased":["Loop","Echo Form"],"gold_per_floor":[114,39,49,61,11,42,42,58,58,58,17,31,44,61,61,164,164,180,180,180,194,210,210,224,174,174,16,34,34,49,69,69,69],"floor_reached":33,"campfire_rested":2,"playtime":2129,"item_purchase_floors":[11,27],"current_hp_per_floor":[68,68,63,63,63,42,42,42,42,42,42,41,36,32,54,54,70,69,61,61,40,33,33,27,27,27,27,27,27,24,1,23,23],"items_purged":["Strike_B","Strike_B"],"gold":69,"score":379,"play_id":"5d3b6336-67a3-4794-8972-5f1d318031b4","local_time":"20180616214512","is_prod":false,"is_daily":false,"chose_seed":false,"is_ascension_mode":true,"campfire_upgraded":4,"win_rate":0,"timestamp":1529210712,"campfire_choices":[{"data":"Zap","floor":7,"key":"SMITH"},{"data":"Coolheaded","floor":10,"key":"SMITH"},{"floor":15,"key":"REST"},{"data":"Defragment","floor":23,"key":"SMITH"},{"data":"Echo Form","floor":29,"key":"SMITH"},{"floor":32,"key":"REST"}],"path_taken":["M","$","M","M","?","E","R","M","T","R","$","M","M","?","R","BOSS","M","?","?","M","?","R","M","?","T","$","M","R","M","M","R","BOSS"],"build_version":"2018-06-14v2","seed_source_timestamp":15140457836057,"purchased_purges":2,"victory":false,"master_deck":["Strike_B","Defend_B","Defend_B","Defend_B","Defend_B","Zap+1","Beam Cell","Coolheaded+1","All For One","Streamline","Loop","Defragment+1","Glacier","Go for the Eyes","Echo Form+1","Hologram","Leap","Hologram+1"],"max_hp_per_floor":[75,75,75,75,75,75,75,75,75,75,75,75,75,75,75,75,75,75,75,75,75,75,75,75,75,75,75,75,75,75,75,75,75],"relics":["Cracked Core","Smiling Mask","Mummified Hand","Lizard Tail","Happy Flower","Oddly Smooth Stone"],"card_choices":[{"not_picked":["Turbo","Barrage"],"picked":"Beam Cell","floor":1},{"not_picked":["Force Field","Turbo"],"picked":"Coolheaded","floor":3},{"not_picked":["Doom and Gloom","Conserve Battery","Cold Snap"],"picked":"SKIP","floor":4},{"not_picked":["Redo","Rebound"],"picked":"All For One","floor":6},{"not_picked":["Redo","Ball Lightning"],"picked":"Streamline","floor":8},{"not_picked":["Doom and Gloom","Leap"],"picked":"Defragment","floor":12},{"not_picked":["Recycle","BootSequence"],"picked":"Glacier","floor":13},{"not_picked":["Redo","Gash"],"picked":"Go for the Eyes","floor":14},{"not_picked":["Darkness+1","Stack","Consume"],"picked":"SKIP","floor":18},{"not_picked":["Blizzard","Cold Snap","Turbo"],"picked":"SKIP","floor":21},{"not_picked":["Rebound","Ball Lightning","Turbo+1"],"picked":"SKIP","floor":22},{"not_picked":["Stack","Turbo","Steam"],"picked":"SKIP","floor":24},{"not_picked":["Coolheaded","Beam Cell+1"],"picked":"Hologram","floor":28},{"not_picked":["Conserve Battery","Streamline"],"picked":"Leap","floor":30},{"not_picked":["Steam","Doom and Gloom"],"picked":"Hologram+1","floor":31}],"player_experience":538528,"potions_floor_usage":[6,16,31],"damage_taken":[{"damage":7,"enemies":"Jaw Worm","floor":1,"turns":3},{"damage":5,"enemies":"Small Slimes","floor":3,"turns":3},{"damage":0,"enemies":"Cultist","floor":4,"turns":4},{"damage":21,"enemies":"3 Sentries","floor":6,"turns":9},{"damage":0,"enemies":"Red Slaver","floor":8,"turns":4},{"damage":1,"enemies":"Exordium Wildlife","floor":12,"turns":3},{"damage":5,"enemies":"2 Fungi Beasts","floor":13,"turns":2},{"damage":4,"enemies":"Exordium Thugs","floor":14,"turns":4},{"damage":0,"enemies":"Slime Boss","floor":16,"turns":9},{"damage":1,"enemies":"Shell Parasite","floor":18,"turns":6},{"damage":21,"enemies":"Chosen","floor":21,"turns":6},{"damage":7,"enemies":"Centurion and Healer","floor":22,"turns":7},{"damage":6,"enemies":"Snake Plant","floor":24,"turns":4},{"damage":0,"enemies":"Snecko","floor":28,"turns":6},{"damage":3,"enemies":"Centurion and Healer","floor":30,"turns":7},{"damage":23,"enemies":"3 Cultists","floor":31,"turns":6},{"damage":0,"enemies":"Collector","floor":33,"turns":1}],"relics_obtained":[{"floor":6,"key":"Smiling Mask"},{"floor":9,"key":"Mummified Hand"},{"floor":20,"key":"Happy Flower"},{"floor":26,"key":"Oddly Smooth Stone"}],"event_choices":[{"event_name":"The Cleric","player_choice":"Card Removal","floor":5,"damage_taken":0},{"event_name":"Knowing Skull","player_choice":"","floor":19,"damage_taken":0}],"boss_relics":[{"not_picked":["Ectoplasm","Calling Bell"],"picked":"Lizard Tail"}],"items_purged_floors":[2,25],"is_endless":false,"potions_floor_spawned":[1,6,14,16,21,28,30],"seed_played":"8107607378975255545","killed_by":"Collector","ascension_level":5,"potions_obtained":[{"floor":1,"key":"Swift Potion"},{"floor":6,"key":"AttackPotion"},{"floor":14,"key":"SpeedPotion"},{"floor":16,"key":"Poison Potion"},{"floor":21,"key":"SkillPotion"}],"is_trial":false}