{"gold_per_floor":[119,135,101,176,176,176,204,224,250,280,304,316],"floor_reached":12,"playtime":475,"items_purged":[],"score":92,"play_id":"58cc13cd-2fa8-41ee-b3b7-646f32315b30","local_time":"20190826211317","is_ascension_mode":true,"campfire_choices":[{"data":"Zap","floor":6,"key":"SMITH"}],"neow_cost":"NONE","seed_source_timestamp":342977151960100,"circlet_count":0,"master_deck":["Strike_B","Strike_B","Strike_B","Defend_B","Defend_B","Defend_B","Defend_B","Zap+1","Dualcast","Purity","Hologram","Ball Lightning","Capacitor","Self Repair","Capacitor","Reboot","Cold Snap"],"relics":["Cracked Core","Strawberry","MawBank"],"potions_floor_usage":[10],"damage_taken":[{"damage":7,"enemies":"Small Slimes","floor":1,"turns":3},{"damage":1,"enemies":"Jaw Worm","floor":2,"turns":3},{"damage":21,"enemies":"Gremlin Nob","floor":7,"turns":4},{"damage":1,"enemies":"Cultist","floor":8,"turns":3},{"damage":26,"enemies":"3 Sentries","floor":10,"turns":8},{"damage":5,"enemies":"Looter","floor":11,"turns":3},{"damage":30,"enemies":"Lagavulin","floor":12,"turns":4}],"seed_played":"1550062827989661339","potions_obtained":[{"floor":8,"key":"Block Potion"}],"is_trial":false,"path_per_floor":["M","M","$","?","?","R","E","M","T","E","M","E"],"character_chosen":"DEFECT","items_purchased":["Capacitor"],"campfire_rested":0,"item_purchase_floors":[3],"current_hp_per_floor":[68,67,67,56,49,49,35,41,41,22,24,0],"gold":316,"neow_bonus":"RANDOM_COLORLESS","is_prod":false,"is_daily":false,"chose_seed":false,"campfire_upgraded":1,"win_rate":0,"timestamp":1566879197,"path_taken":["M","M","$","?","?","R","E","M","T","E","?","E"],"build_version":"2019-08-23","purchased_purges":0,"victory":false,"max_hp_per_floor":[75,75,75,75,75,75,82,82,82,82,82,82],"card_choices":[{"not_picked":["Barrage","Blizzard"],"picked":"Hologram","floor":1},{"not_picked":["FTL","Sweeping Beam"],"picked":"Ball Lightning","floor":2},{"not_picked":["Tempest","Steam Power"],"picked":"Self Repair","floor":7},{"not_picked":["Reinforced Body","Gash"],"picked":"Capacitor","floor":8},{"not_picked":["Streamline","Steam"],"picked":"Reboot","floor":10},{"not_picked":["Streamline","Beam Cell"],"picked":"Cold Snap","floor":11}],"player_experience":1433089,"relics_obtained":[{"floor":7,"key":"Strawberry"},{"floor":10,"key":"MawBank"}],"event_choices":[{"damage_healed":0,"gold_gain":75,"player_choice":"Gather Gold","damage_taken":11,"max_hp_gain":0,"max_hp_loss":0,"event_name":"World of Goop","floor":4,"gold_loss":0},{"cards_removed":["Strike_B"],"damage_healed":0,"gold_gain":0,"player_choice":"Card Removal","damage_taken":7,"max_hp_gain":0,"max_hp_loss":0,"event_name":"Golden Wing","floor":5,"gold_loss":0}],"is_beta":true,"boss_relics":[],"items_purged_floors":[],"is_endless":false,"potions_floor_spawned":[8],"killed_by":"Lagavulin","ascension_level":1}