{"gold_per_floor":[113,126,51,70,70,98,112,143,168,198,198,198,198,198,198,302,352,369,387,662,4,22,51,65,99,123,48,48,48,79,89,89,190,190,205,221,232,245,255,255,289,289,289,314,334,434,186,215,215,215,215,215,28,57,57],"floor_reached":56,"playtime":4889,"items_purged":["Strike_B","Regret","Defend_B"],"score":1471,"play_id":"34e008c3-cefa-4743-98ea-3775864519b5","local_time":"20190908145346","is_ascension_mode":true,"campfire_choices":[{"floor":11,"key":"REST"},{"floor":13,"key":"REST"},{"data":"Zap","floor":15,"key":"SMITH"},{"data":"Seek","floor":29,"key":"SMITH"},{"data":"Echo Form","floor":32,"key":"SMITH"},{"data":"Beam Cell","floor":40,"key":"SMITH"},{"floor":42,"key":"RECALL"},{"data":"FTL","floor":49,"key":"SMITH"},{"data":"FTL","floor":52,"key":"SMITH"}],"neow_cost":"NONE","seed_source_timestamp":227402708852900,"circlet_count":0,"master_deck":["Defend_B","Defend_B","Zap+1","Dualcast+1","All For One","Self Repair","Leap","Ball Lightning","Leap","Go for the Eyes","Sweeping Beam","White Noise","FTL+1","Seek+1","Sweeping Beam","Hologram","Beam Cell+1","Apotheosis+1","Glacier+1","Gash","Reprogram+1","Gash","Echo Form+1","Steam+1","Reboot+1","Self Repair+1","All For One+1","Fission+1","Hologram+1","Coolheaded+1","BootSequence+1","Stack+1","Beam Cell","FTL+1","Coolheaded+1","Master of Strategy+1","Steam+1"],"relics":["Cracked Core","Cables","Oddly Smooth Stone","Dream Catcher","Lantern","Letter Opener","Tiny House","Toxic Egg 2","Thread and Needle","FossilizedHelix","Happy Flower","Boot","Astrolabe","Bag of Preparation","Ginger","Pen Nib","Torii","Potion Belt","Vajra"],"potions_floor_usage":[6,6,18,22,33,44],"damage_taken":[{"damage":5,"enemies":"Small Slimes","floor":1,"turns":3},{"damage":0,"enemies":"2 Louse","floor":2,"turns":2},{"damage":4,"enemies":"Cultist","floor":4,"turns":4},{"damage":16,"enemies":"Gremlin Nob","floor":6,"turns":4},{"damage":9,"enemies":"Exordium Wildlife","floor":7,"turns":5},{"damage":26,"enemies":"Lagavulin","floor":8,"turns":6},{"damage":35,"enemies":"3 Sentries","floor":10,"turns":7},{"damage":1,"enemies":"Slime Boss","floor":16,"turns":7},{"damage":0,"enemies":"3 Byrds","floor":18,"turns":3},{"damage":0,"enemies":"Spheric Guardian","floor":19,"turns":2},{"damage":0,"enemies":"Cultist and Chosen","floor":22,"turns":3},{"damage":18,"enemies":"Gremlin Leader","floor":23,"turns":6},{"damage":0,"enemies":"Centurion and Healer","floor":24,"turns":5},{"damage":22,"enemies":"Slavers","floor":25,"turns":3},{"damage":1,"enemies":"Book of Stabbing","floor":30,"turns":5},{"damage":0,"enemies":"Snecko","floor":31,"turns":5},{"damage":0,"enemies":"Collector","floor":33,"turns":8},{"damage":0,"enemies":"3 Darklings","floor":35,"turns":6},{"damage":0,"enemies":"Orb Walker","floor":36,"turns":2},{"damage":0,"enemies":"Jaw Worm Horde","floor":37,"turns":2},{"damage":0,"enemies":"Maw","floor":38,"turns":5},{"damage":0,"enemies":"Spire Growth","floor":39,"turns":4},{"damage":0,"enemies":"Giant Head","floor":41,"turns":8},{"damage":0,"enemies":"Reptomancer","floor":44,"turns":5},{"damage":0,"enemies":"4 Shapes","floor":45,"turns":3},{"damage":0,"enemies":"Mind Bloom Boss Battle","floor":46,"turns":4},{"damage":0,"enemies":"Giant Head","floor":48,"turns":7},{"damage":13,"enemies":"Time Eater","floor":50,"turns":14},{"damage":26,"enemies":"Shield and Spear","floor":54,"turns":9},{"damage":76,"enemies":"The Heart","floor":55,"turns":9}],"seed_played":"6924031410580400073","potions_obtained":[{"floor":1,"key":"GamblersBrew"},{"floor":2,"key":"SpeedPotion"},{"floor":10,"key":"GamblersBrew"},{"floor":17,"key":"LiquidBronze"},{"floor":19,"key":"Fruit Juice"},{"floor":30,"key":"FairyPotion"},{"floor":31,"key":"LiquidBronze"},{"floor":36,"key":"SneckoOil"},{"floor":38,"key":"FearPotion"},{"floor":39,"key":"AttackPotion"}],"is_trial":false,"path_per_floor":["M","M","$","M","?","E","M","E","T","E","R","?","R","?","R","B",null,"M","M","?","$","M","E","M","E","T","?","?","R","E","M","R","B",null,"M","M","M","M","M","R","E","R","T","E","M","?","$","E","R","B",null,"R","$","E","B",null],"character_chosen":"DEFECT","items_purchased":["Toxic Egg 2","Apotheosis+1","Glacier+1","Gash","FTL","Coolheaded+1","Master of Strategy+1"],"campfire_rested":2,"item_purchase_floors":[21,21,21,21,47,47,53],"current_hp_per_floor":[70,70,70,73,73,64,62,43,43,15,37,37,59,59,59,65,80,80,80,80,80,85,77,85,70,70,70,70,70,69,79,79,79,85,85,85,85,85,85,85,85,85,85,85,85,85,85,85,85,82,85,85,85,85,9],"gold":57,"neow_bonus":"ONE_RANDOM_RARE_CARD","is_prod":false,"is_daily":false,"chose_seed":false,"campfire_upgraded":6,"win_rate":0,"timestamp":1567979626,"path_taken":["M","M","$","M","?","E","M","E","T","E","R","?","R","?","R","BOSS","M","M","?","$","M","E","?","E","T","?","?","R","E","M","R","BOSS","M","M","M","M","?","R","E","R","T","E","M","?","?","E","R","BOSS","R","$","E","BOSS"],"build_version":"2019-08-26","purchased_purges":3,"victory":true,"max_hp_per_floor":[75,75,75,75,75,75,75,75,75,75,75,75,75,75,75,75,80,80,80,80,80,85,85,85,85,85,85,85,85,85,85,85,85,85,85,85,85,85,85,85,85,85,85,85,85,85,85,85,85,85,85,85,85,85,85],"card_choices":[{"not_picked":["Redo","Steam Power"],"picked":"Self Repair","floor":1},{"not_picked":["Ball Lightning","Tempest"],"picked":"Leap","floor":2},{"not_picked":["Force Field","Reinforced Body"],"picked":"Ball Lightning","floor":4},{"not_picked":["Hyperbeam","Streamline"],"picked":"Leap","floor":6},{"not_picked":["Compile Driver","Barrage","Leap"],"picked":"SKIP","floor":7},{"not_picked":["Capacitor","Rebound"],"picked":"Go for the Eyes","floor":8},{"not_picked":["Rip and Tear","Aggregate"],"picked":"Sweeping Beam","floor":10},{"not_picked":["Core Surge","Leap"],"picked":"White Noise","floor":11},{"not_picked":["Barrage","Coolheaded"],"picked":"FTL","floor":13},{"not_picked":["Biased Cognition","Buffer"],"picked":"Seek","floor":16},{"not_picked":["Conserve Battery","Undo"],"picked":"Sweeping Beam","floor":17},{"not_picked":["Barrage","Genetic Algorithm"],"picked":"Hologram","floor":18},{"not_picked":["Stack","Undo"],"picked":"Beam Cell","floor":19},{"not_picked":["Static Discharge+1","Redo+1"],"picked":"Reprogram+1","floor":22},{"not_picked":["Aggregate+1","Sunder","Blizzard"],"picked":"SKIP","floor":23},{"not_picked":["Streamline","Scrape"],"picked":"Gash","floor":24},{"not_picked":["Meteor Strike","Doom and Gloom+1"],"picked":"Echo Form","floor":25},{"not_picked":["Recycle+1","Redo+1","Static Discharge+1"],"picked":"SKIP","floor":30},{"not_picked":["Barrage+1","Genetic Algorithm+1"],"picked":"Steam+1","floor":31},{"not_picked":["Fission+1","Meteor Strike"],"picked":"Reboot+1","floor":33},{"not_picked":["Leap+1","Turbo+1"],"picked":"Hologram+1","floor":35},{"not_picked":["Streamline","Barrage"],"picked":"Coolheaded+1","floor":36},{"not_picked":["Rebound+1","Sweeping Beam+1","Turbo+1"],"picked":"SKIP","floor":37},{"not_picked":["Melter","Coolheaded+1"],"picked":"BootSequence+1","floor":38},{"not_picked":["Turbo+1","Leap+1"],"picked":"Stack+1","floor":39},{"not_picked":["Doom and Gloom","Amplify+1","Stack+1"],"picked":"SKIP","floor":41},{"not_picked":["Compile Driver+1","Force Field+1"],"picked":"Beam Cell","floor":44},{"not_picked":["Fusion+1","Barrage","Scrape"],"picked":"SKIP","floor":45},{"not_picked":["Buffer","Turbo+1","Genetic Algorithm+1"],"picked":"SKIP","floor":48},{"not_picked":["Capacitor","Barrage+1"],"picked":"Steam+1","floor":54}],"player_experience":1483228,"relics_obtained":[{"floor":6,"key":"Oddly Smooth Stone"},{"floor":8,"key":"Dream Catcher"},{"floor":9,"key":"Lantern"},{"floor":10,"key":"Letter Opener"},{"floor":23,"key":"Thread and Needle"},{"floor":25,"key":"FossilizedHelix"},{"floor":30,"key":"Boot"},{"floor":41,"key":"Bag of Preparation"},{"floor":43,"key":"Ginger"},{"floor":44,"key":"Pen Nib"},{"floor":46,"key":"Torii"},{"floor":48,"key":"Potion Belt"},{"floor":54,"key":"Vajra"}],"event_choices":[{"damage_healed":0,"gold_gain":0,"player_choice":"Box","damage_taken":0,"relics_obtained":["Cables"],"max_hp_gain":0,"max_hp_loss":0,"event_name":"Big Fish","floor":5,"gold_loss":0,"cards_obtained":["Regret"]},{"damage_healed":0,"gold_gain":0,"player_choice":"Ignored","damage_taken":0,"max_hp_gain":0,"max_hp_loss":0,"event_name":"Liars Game","floor":12,"gold_loss":0},{"cards_removed":["Regret"],"damage_healed":0,"gold_gain":0,"player_choice":"Forget","damage_taken":0,"max_hp_gain":0,"max_hp_loss":0,"event_name":"Living Wall","floor":14,"gold_loss":0},{"damage_healed":0,"gold_gain":275,"player_choice":"Desecrate","damage_taken":0,"max_hp_gain":0,"max_hp_loss":0,"event_name":"Golden Shrine","floor":20,"gold_loss":0,"cards_obtained":["Regret"]},{"cards_removed":["Strike_B"],"damage_healed":0,"gold_gain":0,"player_choice":"Gave Gold","damage_taken":0,"max_hp_gain":0,"max_hp_loss":0,"event_name":"Beggar","floor":27,"gold_loss":75},{"damage_healed":0,"gold_gain":0,"player_choice":"Gave Potion","damage_taken":0,"relics_obtained":["Happy Flower"],"max_hp_gain":0,"max_hp_loss":0,"event_name":"WeMeetAgain","floor":28,"gold_loss":0},{"damage_healed":0,"gold_gain":0,"player_choice":"Fight","damage_taken":0,"max_hp_gain":0,"max_hp_loss":0,"event_name":"MindBloom","floor":46,"gold_loss":0}],"is_beta":true,"boss_relics":[{"not_picked":["Calling Bell","Runic Pyramid"],"picked":"Tiny House"},{"not_picked":["Cursed Key","Snecko Eye"],"picked":"Astrolabe"}],"items_purged_floors":[3,21,47],"is_endless":false,"potions_floor_spawned":[1,2,10,19,30,31,36,38,39],"ascension_level":1}