{"gold_per_floor":[115,133,95,95,9,9,42,42,65,65,85,85,115,126,126,222,222,240,260,260,272,272],"floor_reached":22,"playtime":827,"items_purged":[],"score":194,"play_id":"0288f14f-82ca-48e3-8961-27a1aea8f063","local_time":"20191011212359","is_ascension_mode":false,"campfire_choices":[{"data":"1","floor":6,"key":"LIFT"},{"data":"2","floor":10,"key":"LIFT"},{"floor":12,"key":"REST"},{"data":"3","floor":15,"key":"LIFT"}],"neow_cost":"TEN_PERCENT_HP_LOSS","seed_source_timestamp":306167776961500,"circlet_count":0,"master_deck":["Strike_R","Strike_R","Strike_R","Strike_R","Strike_R","Defend_R","Defend_R+1","Defend_R","Defend_R","Bash","Searing Blow","Armaments+1","Fire Breathing+1","Anger","Evolve","Power Through","Rage","Iron Wave","Spot Weakness","Demon Form","Iron Wave","Rage+1","Iron Wave+1"],"relics":["Burning Blood","Girya","Blood Vial","Happy Flower","Mercury Hourglass","Runic Pyramid"],"potions_floor_usage":[16,21,22],"damage_taken":[{"damage":13,"enemies":"Jaw Worm","floor":1,"turns":3},{"damage":0,"enemies":"Small Slimes","floor":2,"turns":3},{"damage":21,"enemies":"3 Sentries","floor":7,"turns":7},{"damage":0,"enemies":"2 Louse","floor":11,"turns":2},{"damage":18,"enemies":"Lagavulin","floor":13,"turns":5},{"damage":4,"enemies":"Lots of Slimes","floor":14,"turns":2},{"damage":19,"enemies":"The Guardian","floor":16,"turns":10},{"damage":29,"enemies":"2 Thieves","floor":18,"turns":4},{"damage":14,"enemies":"Chosen","floor":19,"turns":5},{"damage":29,"enemies":"Snake Plant","floor":21,"turns":3},{"damage":19,"enemies":"Centurion and Healer","floor":22,"turns":4}],"seed_played":"-8382493193547267403","potions_obtained":[{"floor":1,"key":"GamblersBrew"},{"floor":11,"key":"Dexterity Potion"},{"floor":13,"key":"Strength Potion"},{"floor":21,"key":"FearPotion"}],"is_trial":false,"path_per_floor":["M","M","$","?","$","R","E","?","T","R","M","R","E","M","R","B",null,"M","M","?","M","M"],"character_chosen":"IRONCLAD","items_purchased":["Fire Breathing","Anger","Evolve"],"campfire_rested":1,"item_purchase_floors":[3,5,5],"current_hp_per_floor":[65,71,71,71,71,71,56,42,42,42,50,71,60,64,64,53,72,49,43,34,13,0],"gold":272,"neow_bonus":"ONE_RARE_RELIC","is_prod":false,"is_daily":false,"chose_seed":false,"campfire_upgraded":0,"win_rate":0,"timestamp":1570847039,"path_taken":["M","M","$","?","$","R","E","?","T","R","M","R","E","?","R","BOSS","M","M","?","M","M"],"build_version":"2019-07-17","purchased_purges":0,"victory":false,"max_hp_per_floor":[72,72,72,72,72,72,72,72,72,72,72,72,72,72,72,72,72,72,72,72,72,72],"card_choices":[{"not_picked":["Sword Boomerang","Shrug It Off"],"picked":"Searing Blow","floor":1},{"not_picked":["Ghostly Armor","Heavy Blade"],"picked":"Armaments","floor":2},{"not_picked":["Headbutt","Armaments"],"picked":"Power Through","floor":7},{"not_picked":["Bloodletting","Iron Wave"],"picked":"Rage","floor":11},{"not_picked":["Entrench","Dark Embrace"],"picked":"Iron Wave","floor":13},{"not_picked":["Clothesline","Bloodletting"],"picked":"Spot Weakness","floor":14},{"not_picked":["Feed","Dark Embrace"],"picked":"Demon Form","floor":16},{"not_picked":["Clash","Twin Strike"],"picked":"Iron Wave","floor":18},{"not_picked":["Clothesline+1","Twin Strike"],"picked":"Rage+1","floor":19},{"not_picked":["Carnage+1","Reckless Charge"],"picked":"Iron Wave+1","floor":21}],"player_experience":118871,"relics_obtained":[{"floor":7,"key":"Blood Vial"},{"floor":9,"key":"Happy Flower"},{"floor":13,"key":"Mercury Hourglass"}],"event_choices":[{"damage_healed":0,"gold_gain":0,"player_choice":"Grow","damage_taken":0,"max_hp_gain":0,"max_hp_loss":0,"event_name":"Living Wall","floor":4,"gold_loss":0,"cards_upgraded":["Fire Breathing"]},{"damage_healed":0,"gold_gain":0,"player_choice":"Entered Light","damage_taken":14,"max_hp_gain":0,"max_hp_loss":0,"event_name":"Shining Light","floor":8,"gold_loss":0,"cards_upgraded":["Armaments","Defend_R"]},{"damage_healed":0,"gold_gain":0,"player_choice":"Stopped","damage_taken":9,"max_hp_gain":0,"max_hp_loss":0,"event_name":"Cursed Tome","floor":20,"gold_loss":0}],"is_beta":false,"boss_relics":[{"not_picked":["Empty Cage","Velvet Choker"],"picked":"Runic Pyramid"}],"items_purged_floors":[],"is_endless":false,"potions_floor_spawned":[1,11,13,14,21],"killed_by":"Centurion and Healer","ascension_level":0}