{"gold_per_floor":[112,130,130,45,45,74,74,93,118,118,130,130,141,171,171,249,249,266,285,34,34,34,34,53,53,53,53,153,153],"floor_reached":29,"playtime":5171,"items_purged":[],"score":486,"play_id":"4dfee098-0285-4cda-aca1-05bb638a7bb6","local_time":"20190721131226","is_ascension_mode":true,"campfire_choices":[{"floor":7.0,"key":"REST"},{"data":"Zap","floor":10.0,"key":"SMITH"},{"data":"Hologram","floor":12.0,"key":"SMITH"},{"data":"Sweeping Beam","floor":15.0,"key":"SMITH"},{"floor":23.0,"key":"REST"},{"floor":25.0,"key":"REST"},{"floor":27.0,"key":"REST"}],"neow_cost":"NONE","seed_source_timestamp":0,"circlet_count":0,"master_deck":["AscendersBane","Strike_B","Strike_B","Strike_B+1","Defend_B","Defend_B","Defend_B","Defend_B","Zap+1","Dualcast","Go for the Eyes","Stack+1","Loop","Compile Driver","Sweeping Beam+1","Streamline","Hologram+1","Coolheaded","Gash","Echo Form","Conserve Battery","BootSequence","Defragment","Reinforced Body","Gash+1","Undo+1","Gash","Sunder"],"special_seed":0,"relics":["Cracked Core","NeowsBlessing","Dream Catcher","Ancient Tea Set","Mummified Hand","White Beast Statue","PreservedInsect","MutagenicStrength","Meat on the Bone","Torii","Bottled Lightning"],"potions_floor_usage":[28,28],"damage_taken":[{"damage":0.0,"enemies":"Small Slimes","floor":1.0,"turns":1.0},{"damage":0.0,"enemies":"Jaw Worm","floor":2.0,"turns":1.0},{"damage":0.0,"enemies":"3 Sentries","floor":6.0,"turns":1.0},{"damage":0.0,"enemies":"2 Louse","floor":8.0,"turns":2.0},{"damage":5.0,"enemies":"Exordium Wildlife","floor":11.0,"turns":3.0},{"damage":0.0,"enemies":"Large Slime","floor":13.0,"turns":3.0},{"damage":6.0,"enemies":"Gremlin Nob","floor":14.0,"turns":3.0},{"damage":11.0,"enemies":"Slime Boss","floor":16.0,"turns":9.0},{"damage":37.0,"enemies":"Shell Parasite","floor":18.0,"turns":8.0},{"damage":23.0,"enemies":"Spheric Guardian","floor":19.0,"turns":5.0},{"damage":21.0,"enemies":"Centurion and Healer","floor":24.0,"turns":7.0},{"damage":16,"enemies":"Colosseum Slavers","floor":28,"turns":5},{"damage":0,"enemies":"Colosseum Nobs","floor":28,"turns":2},{"damage":45,"enemies":"3 Cultists","floor":29,"turns":4}],"seed_played":"-890873320584310140","potions_obtained":[{"floor":1.0,"key":"AttackPotion"},{"floor":6.0,"key":"GamblersBrew"},{"floor":14.0,"key":"EssenceOfSteel"},{"floor":18.0,"key":"AttackPotion"},{"floor":19.0,"key":"Strength Potion"},{"floor":24.0,"key":"AttackPotion"},{"floor":28,"key":"Regen Potion"}],"is_trial":false,"path_per_floor":["M","M","?","$","?","E","R","M","T","R","M","R","M","E","R","B",null,"M","M","$","?","$","R","M","R","T","R","?","M"],"character_chosen":"DEFECT","items_purchased":["Loop","Defragment","PreservedInsect"],"campfire_rested":4,"item_purchase_floors":[4,20,20],"current_hp_per_floor":[64,64,57,57,36,36,57,57,57,57,52,52,52,46,46,35,62,25,2,2,2,2,23,2,23,23,44,40,0],"gold":153,"neow_bonus":"THREE_ENEMY_KILL","is_prod":false,"is_daily":false,"chose_seed":false,"campfire_upgraded":3,"win_rate":0,"timestamp":1563739946,"path_taken":["M","M","?","?","?","E","R","M","T","R","M","R","?","E","R","BOSS","M","M","$","?","$","R","M","R","T","R","?","M"],"build_version":"2019-07-17","purchased_purges":0,"victory":false,"max_hp_per_floor":[71,71,71,71,71,71,71,71,71,71,71,71,71,71,71,71,71,71,71,71,71,71,71,71,71,71,71,71,71],"card_choices":[{"not_picked":["Static Discharge","Consume"],"picked":"Go for the Eyes","floor":1.0},{"not_picked":["Coolheaded","Beam Cell"],"picked":"Stack","floor":2.0},{"not_picked":["Turbo","Double Energy"],"picked":"Compile Driver","floor":6.0},{"not_picked":["Compile Driver","Go for the Eyes"],"picked":"Sweeping Beam","floor":7.0},{"not_picked":["Auto Shields","Stack"],"picked":"Streamline","floor":8.0},{"not_picked":["Aggregate","Sweeping Beam"],"picked":"Hologram","floor":11.0},{"not_picked":["Stack","BootSequence"],"picked":"Coolheaded","floor":13.0},{"not_picked":["Skim","Redo"],"picked":"Gash","floor":14.0},{"not_picked":["Core Surge","Amplify"],"picked":"Echo Form","floor":16.0},{"not_picked":["Sweeping Beam","Hologram"],"picked":"Conserve Battery","floor":18.0},{"not_picked":["Redo","Compile Driver"],"picked":"BootSequence","floor":19.0},{"not_picked":["Sweeping Beam","Leap"],"picked":"Reinforced Body","floor":23.0},{"not_picked":["Stack","Blizzard"],"picked":"Gash+1","floor":24.0},{"not_picked":["Conserve Battery","Hologram"],"picked":"Undo+1","floor":25.0},{"not_picked":["Sweeping Beam","Barrage"],"picked":"Gash","floor":27.0},{"not_picked":["Redo","Tempest+1"],"picked":"Sunder","floor":28}],"player_experience":2263963,"relics_obtained":[{"floor":6.0,"key":"Dream Catcher"},{"floor":9.0,"key":"Ancient Tea Set"},{"floor":14.0,"key":"Mummified Hand"},{"floor":26.0,"key":"Meat on the Bone"},{"floor":28,"key":"Torii"},{"floor":28,"key":"Bottled Lightning"}],"event_choices":[{"cards_removed":["Strike_B"],"damage_healed":0.0,"max_hp_gain":0.0,"max_hp_loss":0.0,"gold_gain":0.0,"event_name":"Golden Wing","player_choice":"Card Removal","floor":3.0,"gold_loss":0.0,"damage_taken":7.0},{"damage_healed":0.0,"max_hp_gain":0.0,"max_hp_loss":0.0,"gold_gain":0.0,"event_name":"Shining Light","player_choice":"Entered Light","floor":5.0,"gold_loss":0.0,"damage_taken":21.0,"cards_upgraded":["Strike_B","Stack"]},{"damage_healed":0.0,"max_hp_gain":0.0,"max_hp_loss":0.0,"gold_gain":0.0,"event_name":"Drug Dealer","player_choice":"Inject Mutagens","floor":21.0,"gold_loss":0.0,"damage_taken":0.0,"relics_obtained":["MutagenicStrength"]},{"damage_healed":0,"gold_gain":0,"player_choice":"Fight","damage_taken":0,"max_hp_gain":0,"max_hp_loss":0,"event_name":"Colosseum","floor":28,"gold_loss":0},{"damage_healed":0,"gold_gain":0,"player_choice":"Fought Nobs","damage_taken":0,"max_hp_gain":0,"max_hp_loss":0,"event_name":"Colosseum","floor":28,"gold_loss":0}],"is_beta":false,"boss_relics":[{"not_picked":["FrozenCore","Snecko Eye"],"picked":"White Beast Statue"}],"items_purged_floors":[],"is_endless":false,"potions_floor_spawned":[1,6,8,14,18,19,24,28,28],"killed_by":"3 Cultists","ascension_level":18}