{"gold_per_floor":[114,127,127,55,75,118,118,146,146,146,1,19,40,115,115,240,240,255,274,52,71,91,134,159,159,159,159,74,110,209,209,209,338,338,354,98,113,131,131,131,146,146,170,191,191,207,0,31,31,31],"floor_reached":50,"playtime":2693,"items_purged":[],"score":859,"play_id":"60d226d4-b096-4588-a083-1403bad203b5","local_time":"20190301222000","is_ascension_mode":true,"campfire_choices":[{"data":"Armaments","floor":7,"key":"SMITH"},{"floor":10,"key":"REST"},{"data":"Cleave","floor":15,"key":"SMITH"},{"data":"Barricade","floor":25,"key":"SMITH"},{"floor":27,"key":"REST"},{"floor":32,"key":"REST"},{"data":"Juggernaut","floor":40,"key":"SMITH"},{"data":"Metallicize","floor":42,"key":"SMITH"},{"floor":45,"key":"REST"},{"floor":49,"key":"REST"}],"neow_cost":"NONE","seed_source_timestamp":1283287599740525,"circlet_count":0,"master_deck":["AscendersBane","Strike_R","Strike_R","Strike_R","Strike_R","Strike_R","Defend_R","Defend_R","Defend_R","Defend_R","Bash","Shrug It Off","Twin Strike","Battle Trance","Ghostly Armor","Armaments+1","Cleave+1","Shockwave","Cleave","Barricade+1","Shrug It Off","Corruption","Perfected Strike","Heavy Blade+1","Metallicize+1","Feel No Pain","Juggernaut+1","Armaments+1","Iron Wave","Parasite","Doubt","Carnage+1","Sever Soul"],"relics":["Burning Blood","Golden Idol","Shuriken","Odd Mushroom","Paper Frog","Bag of Marbles","Snecko Eye","Red Skull","Gambling Chip","Bottled Flame","Regal Pillow","Ornamental Fan","Cursed Key","Brimstone","Bronze Scales","Red Mask","Oddly Smooth Stone"],"potions_floor_usage":[6,18,23,33,33,50],"damage_taken":[{"damage":7,"enemies":"Small Slimes","floor":1,"turns":4},{"damage":13,"enemies":"Jaw Worm","floor":2,"turns":5},{"damage":3,"enemies":"2 Louse","floor":5,"turns":3},{"damage":30,"enemies":"Gremlin Nob","floor":6,"turns":4},{"damage":14,"enemies":"The Mushroom Lair","floor":8,"turns":6},{"damage":10,"enemies":"Exordium Wildlife","floor":12,"turns":4},{"damage":7,"enemies":"Blue Slaver","floor":13,"turns":3},{"damage":47,"enemies":"Slime Boss","floor":16,"turns":12},{"damage":11,"enemies":"Spheric Guardian","floor":18,"turns":7},{"damage":7,"enemies":"Chosen","floor":19,"turns":6},{"damage":20,"enemies":"Snake Plant","floor":21,"turns":5},{"damage":0,"enemies":"3 Cultists","floor":22,"turns":3},{"damage":24,"enemies":"Slavers","floor":23,"turns":2},{"damage":0,"enemies":"Snecko","floor":24,"turns":2},{"damage":28,"enemies":"Book of Stabbing","floor":29,"turns":4},{"damage":0,"enemies":"Colosseum Slavers","floor":31,"turns":3},{"damage":42,"enemies":"Automaton","floor":33,"turns":9},{"damage":4,"enemies":"Orb Walker","floor":35,"turns":3},{"damage":14,"enemies":"3 Darklings","floor":37,"turns":4},{"damage":26,"enemies":"Transient","floor":38,"turns":5},{"damage":0,"enemies":"Writhing Mass","floor":41,"turns":4},{"damage":17,"enemies":"4 Shapes","floor":44,"turns":3},{"damage":15,"enemies":"Maw","floor":46,"turns":5},{"damage":30,"enemies":"Reptomancer","floor":48,"turns":5},{"damage":95,"enemies":"Awakened One","floor":50,"turns":5}],"seed_played":"6885946267518985519","potions_obtained":[{"floor":2,"key":"Energy Potion"},{"floor":16,"key":"EssenceOfSteel"},{"floor":18,"key":"Explosive Potion"},{"floor":23,"key":"Swift Potion"},{"floor":24,"key":"Explosive Potion"},{"floor":38,"key":"SpeedPotion"},{"floor":41,"key":"LiquidBronze"},{"floor":44,"key":"EssenceOfSteel"}],"is_trial":false,"path_per_floor":["M","M","?","$","M","E","R","?","T","R","$","M","M","?","R","B",null,"M","M","$","M","M","E","M","R","T","R","?","E","?","?","R","B",null,"M","$","M","M","?","R","M","R","T","M","R","M","?","E","R","B"],"character_chosen":"IRONCLAD","items_purchased":["Battle Trance","Bag of Marbles","Red Skull","Corruption","Iron Wave","Brimstone"],"campfire_rested":5,"item_purchase_floors":[4,11,20,20,36,36],"current_hp_per_floor":[79,72,72,72,75,51,51,43,43,67,67,63,62,51,51,10,63,58,57,57,43,49,31,37,37,37,61,61,39,39,45,81,45,72,74,74,66,46,46,46,52,52,52,41,80,71,71,47,81,0],"gold":31,"neow_bonus":"TEN_PERCENT_HP_BONUS","is_prod":false,"is_daily":false,"chose_seed":false,"campfire_upgraded":5,"win_rate":0,"timestamp":1551507600,"path_taken":["M","M","?","$","M","E","R","?","T","R","?","M","M","?","R","BOSS","M","M","$","M","M","E","M","R","T","R","?","E","?","?","R","BOSS","M","$","M","M","?","R","M","R","T","M","R","?","?","E","R","BOSS"],"build_version":"2019-01-23","purchased_purges":0,"victory":false,"max_hp_per_floor":[88,88,81,81,81,81,81,81,81,81,81,81,81,81,81,81,81,81,81,81,81,81,81,81,81,81,81,81,81,81,81,81,81,81,81,81,81,81,81,81,81,81,81,81,81,81,81,81,81,81],"card_choices":[{"not_picked":["Thunderclap","Dropkick"],"picked":"Shrug It Off","floor":1},{"not_picked":["Reckless Charge","Intimidate"],"picked":"Twin Strike","floor":2},{"not_picked":["Second Wind","Anger"],"picked":"Ghostly Armor","floor":5},{"not_picked":["Power Through","True Grit"],"picked":"Armaments","floor":6},{"not_picked":["Sword Boomerang","Shockwave"],"picked":"Cleave","floor":8},{"not_picked":["Reaper","Warcry"],"picked":"Shockwave","floor":12},{"not_picked":["Sever Soul","Burning Pact"],"picked":"Cleave","floor":13},{"not_picked":["Juggernaut","Immolate"],"picked":"Barricade","floor":16},{"not_picked":["Havoc","Warcry","Armaments"],"picked":"SKIP","floor":18},{"not_picked":["Cleave","Dropkick"],"picked":"Shrug It Off","floor":19},{"not_picked":["True Grit","Perfected Strike","Intimidate"],"picked":"SKIP","floor":21},{"not_picked":["True Grit","Intimidate"],"picked":"Perfected Strike","floor":21},{"not_picked":["Brutality","Body Slam"],"picked":"Heavy Blade+1","floor":22},{"not_picked":["Metallicize","Searing Blow","Intimidate"],"picked":"SKIP","floor":23},{"not_picked":["Inflame","Corruption"],"picked":"Metallicize","floor":24},{"not_picked":["Shrug It Off","Reckless Charge"],"picked":"Feel No Pain","floor":29},{"not_picked":["Offering","Brutality"],"picked":"Juggernaut","floor":33},{"not_picked":["Corruption+1","Havoc"],"picked":"Armaments+1","floor":35},{"not_picked":["Bloodletting+1","Rage","Battle Trance"],"picked":"SKIP","floor":37},{"not_picked":["Wild Strike","True Grit","Ghostly Armor"],"picked":"SKIP","floor":38},{"not_picked":["Power Through","Flex","Rage"],"picked":"SKIP","floor":41},{"not_picked":["Rupture","Burning Pact","Anger"],"picked":"SKIP","floor":44},{"not_picked":["Entrench","Sever Soul"],"picked":"Carnage+1","floor":46},{"not_picked":["Seeing Red+1","Power Through"],"picked":"Sever Soul","floor":48}],"player_experience":608509,"relics_obtained":[{"floor":6,"key":"Shuriken"},{"floor":8,"key":"Odd Mushroom"},{"floor":9,"key":"Paper Frog"},{"floor":23,"key":"Gambling Chip"},{"floor":26,"key":"Bottled Flame"},{"floor":29,"key":"Ornamental Fan"},{"floor":43,"key":"Bronze Scales"},{"floor":48,"key":"Oddly Smooth Stone"}],"event_choices":[{"damage_healed":0,"gold_gain":0,"player_choice":"Lose Max HP","damage_taken":0,"relics_obtained":["Golden Idol"],"max_hp_gain":0,"max_hp_loss":7,"event_name":"Golden Idol","floor":3,"gold_loss":0},{"damage_healed":0,"gold_gain":0,"player_choice":"Fought Mushrooms","damage_taken":0,"max_hp_gain":0,"max_hp_loss":0,"event_name":"Mushrooms","floor":8,"gold_loss":0},{"damage_healed":0,"gold_gain":75,"player_choice":"Gather Gold","damage_taken":11,"max_hp_gain":0,"max_hp_loss":0,"event_name":"World of Goop","floor":14,"gold_loss":0},{"damage_healed":0,"gold_gain":0,"player_choice":"Obtained Relic","damage_taken":0,"relics_obtained":["Regal Pillow"],"max_hp_gain":0,"max_hp_loss":0,"event_name":"Addict","floor":28,"gold_loss":85},{"damage_healed":0,"gold_gain":99,"player_choice":"Stole From Cult","damage_taken":0,"max_hp_gain":0,"max_hp_loss":0,"event_name":"Nest","floor":30,"gold_loss":0},{"damage_healed":0,"gold_gain":0,"player_choice":"Fight","damage_taken":0,"max_hp_gain":0,"max_hp_loss":0,"event_name":"Colosseum","floor":31,"gold_loss":0},{"damage_healed":0,"gold_gain":0,"player_choice":"Fled From Nobs","damage_taken":0,"max_hp_gain":0,"max_hp_loss":0,"event_name":"Colosseum","floor":31,"gold_loss":0},{"damage_healed":0,"gold_gain":0,"player_choice":"0 cards matched","damage_taken":0,"max_hp_gain":0,"max_hp_loss":0,"event_name":"Match and Keep!","floor":39,"gold_loss":0,"cards_obtained":[]},{"damage_healed":0,"gold_gain":0,"player_choice":"Paid","damage_taken":0,"relics_obtained":["Red Mask"],"max_hp_gain":0,"max_hp_loss":0,"event_name":"Tomb of Lord Red Mask","floor":47,"gold_loss":207}],"is_beta":false,"boss_relics":[{"not_picked":["White Beast Statue","Ectoplasm"],"picked":"Snecko Eye"},{"not_picked":["Mark of Pain","Orrery"],"picked":"Cursed Key"}],"items_purged_floors":[],"is_endless":false,"potions_floor_spawned":[2,16,18,23,24,38,41,44,48],"killed_by":"Awakened One","ascension_level":12}