{"gold_per_floor":[111,122,140,150,150,176,191,210,210,210,236,236,186,201,201,305,305,317,167,182,182],"floor_reached":21,"playtime":782,"items_purged":["Strike_B"],"score":280,"play_id":"3cbe13fb-c65a-4a4b-813a-dc6e0b26d88d","local_time":"20190902211347","is_ascension_mode":true,"campfire_choices":[{"floor":10,"key":"REST"},{"floor":12,"key":"REST"},{"floor":15,"key":"REST"}],"neow_cost":"NONE","seed_source_timestamp":1709559138965933,"circlet_count":0,"master_deck":["Strike_B","Strike_B","Defend_B","Defend_B","Defend_B","Defend_B","Zap","Dualcast","Auto Shields","Blizzard","Sweeping Beam","Melter","White Noise","Chaos","Rainbow","Cold Snap","Seek","Self Repair"],"relics":["Cracked Core","NeowsBlessing","NlothsMask","Oddly Smooth Stone","Ancient Tea Set","Busted Crown"],"potions_floor_usage":[6,6,18],"damage_taken":[{"damage":0,"enemies":"2 Louse","floor":1,"turns":1},{"damage":0,"enemies":"Cultist","floor":2,"turns":1},{"damage":0,"enemies":"Small Slimes","floor":3,"turns":1},{"damage":9,"enemies":"2 Fungi Beasts","floor":4,"turns":3},{"damage":25,"enemies":"Gremlin Nob","floor":6,"turns":5},{"damage":5,"enemies":"Looter","floor":7,"turns":3},{"damage":0,"enemies":"3 Louse","floor":8,"turns":2},{"damage":23,"enemies":"Lagavulin","floor":11,"turns":8},{"damage":0,"enemies":"Blue Slaver","floor":14,"turns":3},{"damage":31,"enemies":"Slime Boss","floor":16,"turns":10},{"damage":31,"enemies":"Chosen","floor":18,"turns":7},{"damage":13,"enemies":"Shell Parasite","floor":20,"turns":6},{"damage":32,"enemies":"Snake Plant","floor":21,"turns":2}],"seed_played":"-6058761660512575427","potions_obtained":[{"floor":2,"key":"Poison Potion"},{"floor":3,"key":"Weak Potion"},{"floor":8,"key":"Swift Potion"},{"floor":14,"key":"FocusPotion"},{"floor":18,"key":"Dexterity Potion"}],"is_trial":false,"path_per_floor":["M","M","M","M","?","E","M","M","T","R","E","R","?","M","R","B",null,"M","$","M","M"],"character_chosen":"DEFECT","items_purchased":["Self Repair"],"campfire_rested":3,"item_purchase_floors":[19],"current_hp_per_floor":[68,68,68,59,59,34,29,29,29,51,28,50,50,50,72,41,67,36,36,30,0],"gold":182,"neow_bonus":"THREE_ENEMY_KILL","is_prod":false,"is_daily":false,"chose_seed":false,"campfire_upgraded":0,"win_rate":0,"timestamp":1567484027,"path_taken":["M","M","M","M","?","E","?","M","T","R","E","R","?","M","R","BOSS","M","$","M","M"],"build_version":"2019-07-17","purchased_purges":1,"victory":false,"max_hp_per_floor":[75,75,75,75,75,75,75,75,75,75,75,75,75,75,75,75,75,75,75,75,75],"card_choices":[{"not_picked":["Hologram","Gash"],"picked":"Auto Shields","floor":1},{"not_picked":["Capacitor","Hologram"],"picked":"Blizzard","floor":2},{"not_picked":["Hologram","Ball Lightning"],"picked":"Sweeping Beam","floor":3},{"not_picked":["Redo","Rebound","Stack"],"picked":"SKIP","floor":4},{"not_picked":["Hologram","Compile Driver"],"picked":"Melter","floor":6},{"not_picked":["Turbo","Rebound"],"picked":"White Noise","floor":7},{"not_picked":["Stack","Melter"],"picked":"Chaos","floor":8},{"not_picked":["Hologram","Compile Driver"],"picked":"Rainbow","floor":11},{"not_picked":["Sweeping Beam","Heatsinks"],"picked":"Cold Snap","floor":14},{"not_picked":["Core Surge","Meteor Strike"],"picked":"Seek","floor":16},{"not_picked":["Streamline"],"picked":"SKIP","floor":18},{"not_picked":["Redo"],"picked":"SKIP","floor":20}],"player_experience":758209,"relics_obtained":[{"floor":6,"key":"Oddly Smooth Stone"},{"floor":11,"key":"Ancient Tea Set"}],"event_choices":[{"damage_healed":0,"gold_gain":0,"player_choice":"Trade","damage_taken":0,"relics_obtained":["NlothsMask"],"max_hp_gain":0,"max_hp_loss":0,"event_name":"FaceTrader","floor":5,"gold_loss":0},{"cards_removed":["Strike_B"],"damage_healed":0,"gold_gain":0,"player_choice":"Card Removal","damage_taken":0,"max_hp_gain":0,"max_hp_loss":0,"event_name":"The Cleric","floor":13,"gold_loss":50}],"is_beta":false,"boss_relics":[{"not_picked":["Runic Pyramid","White Beast Statue"],"picked":"Busted Crown"}],"items_purged_floors":[19],"is_endless":false,"potions_floor_spawned":[2,3,8,14,18],"killed_by":"Snake Plant","ascension_level":9}