{"gold_per_floor":[119,135,152,163,177,177,207,207,207,222,236,267,287,320,320,416,416,435,435,435,453,471,471,505,505,528,541,567,567,567,598,598,703,703,714,345,345,362,378,411,411,444,496,521,541,576,576,608,608,608,608,608,135,161,161],"floor_reached":56,"playtime":2869,"items_purged":["Strike_R","Strike_R"],"score":1510,"play_id":"d7e000fc-6913-44f7-90e2-e73527fc274e","local_time":"20190830203326","is_ascension_mode":true,"campfire_choices":[{"data":"Immolate","floor":6,"key":"SMITH"},{"data":"True Grit","floor":8,"key":"SMITH"},{"data":"Spot Weakness","floor":15,"key":"SMITH"},{"data":"Limit Break","floor":23,"key":"SMITH"},{"data":"J.A.X.","floor":25,"key":"SMITH"},{"data":"True Grit","floor":29,"key":"SMITH"},{"data":"Heavy Blade","floor":32,"key":"SMITH"},{"data":"Demon Form","floor":41,"key":"SMITH"},{"floor":49,"key":"RECALL"},{"data":"Sword Boomerang","floor":52,"key":"SMITH"}],"neow_cost":"NONE","seed_source_timestamp":8525719631000,"circlet_count":0,"master_deck":["Strike_R","Strike_R+1","Strike_R","Defend_R","Defend_R","Defend_R","Defend_R","Bash","Immolate+1","Thunderclap","Feel No Pain","Blood for Blood","Pommel Strike","Clothesline+1","True Grit+1","Flame Barrier","Headbutt","Spot Weakness+1","Heavy Blade+1","Shrug It Off","Limit Break+1","Shrug It Off","J.A.X.+1","True Grit+1","Sever Soul","Whirlwind+1","Warcry+1","Impervious+1","Armaments+1","Master of Strategy","Shockwave","Demon Form+1","Disarm+1","Parasite","Spot Weakness+1","Sword Boomerang+1","Burning Pact+1","Mayhem","True Grit+1"],"relics":["Burning Blood","Bird Faced Urn","PreservedInsect","Pen Nib","Bottled Flame","Sozu","Smiling Mask","Centennial Puzzle","Whetstone","Enchiridion","Boot","Runic Cube","Orichalcum","Lantern","Bronze Scales","Bag of Marbles","Vajra","Bottled Lightning","Mango","Pantograph","Happy Flower"],"potions_floor_usage":[7,14,24,50],"damage_taken":[{"damage":10,"enemies":"Jaw Worm","floor":1,"turns":4},{"damage":3,"enemies":"2 Louse","floor":2,"turns":3},{"damage":0,"enemies":"Cultist","floor":3,"turns":2},{"damage":0,"enemies":"Exordium Wildlife","floor":4,"turns":1},{"damage":4,"enemies":"Blue Slaver","floor":5,"turns":3},{"damage":10,"enemies":"Gremlin Nob","floor":7,"turns":4},{"damage":4,"enemies":"Looter","floor":10,"turns":3},{"damage":0,"enemies":"2 Fungi Beasts","floor":11,"turns":1},{"damage":13,"enemies":"3 Sentries","floor":12,"turns":4},{"damage":5,"enemies":"Blue Slaver","floor":13,"turns":3},{"damage":14,"enemies":"Lagavulin","floor":14,"turns":5},{"damage":23,"enemies":"Hexaghost","floor":16,"turns":10},{"damage":5,"enemies":"Chosen","floor":18,"turns":5},{"damage":12,"enemies":"Shell Parasite","floor":21,"turns":2},{"damage":6,"enemies":"Snecko","floor":22,"turns":3},{"damage":0,"enemies":"Slavers","floor":24,"turns":1},{"damage":12,"enemies":"Centurion and Healer","floor":27,"turns":2},{"damage":3,"enemies":"Gremlin Leader","floor":28,"turns":2},{"damage":0,"enemies":"Slavers","floor":31,"turns":1},{"damage":34,"enemies":"Champ","floor":33,"turns":7},{"damage":0,"enemies":"3 Shapes","floor":35,"turns":1},{"damage":7,"enemies":"Orb Walker","floor":38,"turns":4},{"damage":0,"enemies":"Sphere and 2 Shapes","floor":39,"turns":1},{"damage":17,"enemies":"Reptomancer","floor":40,"turns":5},{"damage":27,"enemies":"Giant Head","floor":42,"turns":7},{"damage":1,"enemies":"Reptomancer","floor":44,"turns":4},{"damage":3,"enemies":"Writhing Mass","floor":45,"turns":4},{"damage":10,"enemies":"Giant Head","floor":46,"turns":6},{"damage":9,"enemies":"Nemesis","floor":48,"turns":3},{"damage":57,"enemies":"Time Eater","floor":50,"turns":9},{"damage":12,"enemies":"Shield and Spear","floor":54,"turns":3},{"damage":79,"enemies":"The Heart","floor":55,"turns":7}],"seed_played":"-8789189437131891841","potions_obtained":[{"floor":2,"key":"SpeedPotion"},{"floor":4,"key":"SkillPotion"},{"floor":5,"key":"Swift Potion"},{"floor":12,"key":"Poison Potion"},{"floor":13,"key":"Explosive Potion"}],"is_trial":false,"path_per_floor":["M","M","M","M","M","R","E","R","T","M","M","E","M","E","R","B",null,"M","?","T","M","M","R","E","R","T","M","E","R","?","E","R","B",null,"M","$","?","M","M","E","R","E","T","E","M","E","?","E","R","B",null,"R","$","E","B",null],"character_chosen":"IRONCLAD","items_purchased":["Master of Strategy","Orichalcum","Pantograph","Mayhem"],"campfire_rested":0,"item_purchase_floors":[36,36,53,53],"current_hp_per_floor":[76,79,80,80,80,80,76,76,76,78,80,73,74,68,68,53,80,80,80,80,74,76,76,80,80,80,74,77,77,61,69,69,45,80,80,80,80,79,80,69,69,54,54,61,66,68,68,83,83,36,94,94,94,88,25],"gold":161,"neow_bonus":"ONE_RANDOM_RARE_CARD","is_prod":false,"is_daily":false,"chose_seed":false,"campfire_upgraded":9,"win_rate":0,"timestamp":1567222406,"path_taken":["M","M","M","M","M","R","E","R","T","M","M","E","M","E","R","BOSS","M","?","?","?","M","R","E","R","T","M","E","R","?","E","R","BOSS","M","$","?","M","M","E","R","E","T","E","M","E","?","E","R","BOSS","R","$","E","BOSS"],"build_version":"2019-08-26","purchased_purges":2,"victory":true,"max_hp_per_floor":[80,80,80,80,80,80,80,80,80,80,80,80,80,80,80,80,80,80,80,80,80,80,80,80,80,80,80,80,80,80,80,80,80,80,80,80,80,80,80,80,80,80,80,80,80,80,80,94,94,94,94,94,94,94,94],"card_choices":[{"not_picked":["Warcry","Infernal Blade"],"picked":"Thunderclap","floor":1},{"not_picked":["Bloodletting","Dropkick"],"picked":"Feel No Pain","floor":2},{"not_picked":["Power Through","Anger"],"picked":"Blood for Blood","floor":3},{"not_picked":["Armaments","Shockwave"],"picked":"Pommel Strike","floor":4},{"not_picked":["Blood for Blood","Perfected Strike"],"picked":"Clothesline","floor":5},{"not_picked":["Pummel","Searing Blow"],"picked":"True Grit","floor":7},{"not_picked":["Brutality","Burning Pact"],"picked":"Flame Barrier","floor":10},{"not_picked":["Armaments","Body Slam"],"picked":"Headbutt","floor":11},{"not_picked":["Pommel Strike","Twin Strike"],"picked":"Spot Weakness","floor":12},{"not_picked":["Body Slam","Clothesline"],"picked":"Heavy Blade","floor":13},{"not_picked":["Second Wind","Headbutt"],"picked":"Shrug It Off","floor":14},{"not_picked":["Dark Embrace","Juggernaut"],"picked":"Limit Break","floor":16},{"not_picked":["Shockwave","Pommel Strike+1"],"picked":"Shrug It Off","floor":18},{"not_picked":["Twin Strike","Entrench+1"],"picked":"True Grit","floor":21},{"not_picked":["Perfected Strike","Warcry"],"picked":"Sever Soul","floor":22},{"not_picked":["Rage","Wild Strike"],"picked":"Whirlwind+1","floor":24},{"not_picked":["Body Slam+1","Infernal Blade","Ghostly Armor"],"picked":"SKIP","floor":27},{"not_picked":["Bludgeon","Perfected Strike","Flex"],"picked":"SKIP","floor":28},{"not_picked":["Rage","Body Slam"],"picked":"Warcry+1","floor":31},{"not_picked":["Immolate","Berserk"],"picked":"Impervious","floor":33},{"not_picked":["Searing Blow+1","Twin Strike"],"picked":"Armaments+1","floor":35},{"not_picked":["Entrench+1","Anger"],"picked":"Shockwave","floor":38},{"not_picked":["Feel No Pain","Body Slam+1","Rage"],"picked":"SKIP","floor":39},{"not_picked":["Feel No Pain","Body Slam+1","Rage"],"picked":"SKIP","floor":39},{"not_picked":["Body Slam","Berserk"],"picked":"Demon Form","floor":40},{"not_picked":["True Grit+1","Armaments+1"],"picked":"Disarm+1","floor":42},{"not_picked":["Sever Soul","Intimidate+1","Shrug It Off"],"picked":"SKIP","floor":44},{"not_picked":["Body Slam","Wild Strike"],"picked":"Spot Weakness+1","floor":45},{"not_picked":["Inflame","Uppercut"],"picked":"Sword Boomerang","floor":46},{"not_picked":["Perfected Strike","Flame Barrier+1"],"picked":"Burning Pact+1","floor":48},{"not_picked":["Ghostly Armor+1","Flame Barrier"],"picked":"True Grit+1","floor":54}],"player_experience":1446796,"relics_obtained":[{"floor":7,"key":"Bird Faced Urn"},{"floor":9,"key":"PreservedInsect"},{"floor":12,"key":"Pen Nib"},{"floor":14,"key":"Bottled Flame"},{"floor":24,"key":"Smiling Mask"},{"floor":26,"key":"Centennial Puzzle"},{"floor":28,"key":"Whetstone"},{"floor":30,"key":"Enchiridion"},{"floor":31,"key":"Boot"},{"floor":40,"key":"Lantern"},{"floor":42,"key":"Bronze Scales"},{"floor":43,"key":"Bag of Marbles"},{"floor":44,"key":"Vajra"},{"floor":46,"key":"Bottled Lightning"},{"floor":48,"key":"Mango"},{"floor":54,"key":"Happy Flower"}],"event_choices":[{"damage_healed":0,"gold_gain":0,"player_choice":"Obtain J.A.X.","damage_taken":0,"max_hp_gain":0,"max_hp_loss":0,"event_name":"Drug Dealer","floor":19,"gold_loss":0,"cards_obtained":["J.A.X."]},{"damage_healed":0,"gold_gain":0,"player_choice":"Obtained Book","damage_taken":16,"max_hp_gain":0,"max_hp_loss":0,"event_name":"Cursed Tome","floor":30,"gold_loss":0},{"damage_healed":0,"gold_gain":0,"player_choice":"Ignored","damage_taken":0,"max_hp_gain":0,"max_hp_loss":0,"event_name":"Tomb of Lord Red Mask","floor":37,"gold_loss":0},{"damage_healed":0,"gold_gain":0,"player_choice":"Forge","damage_taken":0,"max_hp_gain":0,"max_hp_loss":0,"event_name":"Accursed Blacksmith","floor":47,"gold_loss":0,"cards_upgraded":["Impervious"]}],"is_beta":true,"boss_relics":[{"not_picked":["Busted Crown","Empty Cage"],"picked":"Sozu"},{"not_picked":["White Beast Statue","Calling Bell"],"picked":"Runic Cube"}],"items_purged_floors":[36,53],"is_endless":false,"potions_floor_spawned":[2,4,5,12,13,24,27,31,35,40,42,46,48],"ascension_level":1}