{"gold_per_floor":[114,124,141,141,153,153,188,201,201,235,235,235,255,275,275,379,379,396,415,425,425,435,461,461,376,400,400,435,435,491,507,507,507],"floor_reached":33,"playtime":1875,"items_purged":[],"score":385,"play_id":"8ecb26b3-4837-4a35-afa6-23ed1ff7b732","local_time":"20190908152539","is_ascension_mode":true,"campfire_choices":[{"data":"Feed","floor":6,"key":"SMITH"},{"floor":12,"key":"DIG"},{"floor":15,"key":"DIG"},{"floor":24,"key":"DIG"},{"data":"1","floor":27,"key":"LIFT"},{"floor":29,"key":"REST"},{"floor":32,"key":"DIG"}],"neow_cost":"NONE","seed_source_timestamp":232348389827700,"circlet_count":0,"master_deck":["Strike_R","Strike_R","Strike_R","Strike_R","Strike_R","Defend_R","Defend_R","Defend_R","Defend_R+1","Bash","Headbutt","Shrug It Off","Perfected Strike","Iron Wave","Feed+1","Shockwave","Shrug It Off+1","Feel No Pain","Jack Of All Trades","Evolve","Wild Strike","Demon Form","Infernal Blade+1","Whirlwind","Pommel Strike","Pommel Strike","Regret","Inflame"],"relics":["Burning Blood","Strawberry","Gambling Chip","Shovel","Mango","Singing Bowl","Cursed Key","Unceasing Top","Girya","War Paint","Centennial Puzzle","Tiny Chest","Bottled Flame"],"potions_floor_usage":[7,16,19,20,20,23,23,33],"damage_taken":[{"damage":1,"enemies":"Jaw Worm","floor":1,"turns":3},{"damage":5,"enemies":"Small Slimes","floor":2,"turns":4},{"damage":0,"enemies":"Cultist","floor":3,"turns":3},{"damage":24,"enemies":"Gremlin Gang","floor":5,"turns":7},{"damage":14,"enemies":"Gremlin Nob","floor":7,"turns":3},{"damage":5,"enemies":"Exordium Wildlife","floor":8,"turns":5},{"damage":24,"enemies":"Lagavulin","floor":10,"turns":6},{"damage":2,"enemies":"2 Fungi Beasts","floor":13,"turns":4},{"damage":11,"enemies":"Blue Slaver","floor":14,"turns":7},{"damage":55,"enemies":"Slime Boss","floor":16,"turns":11},{"damage":29,"enemies":"Spheric Guardian","floor":18,"turns":7},{"damage":4,"enemies":"3 Byrds","floor":19,"turns":2},{"damage":7,"enemies":"Snake Plant","floor":20,"turns":4},{"damage":9,"enemies":"Snecko","floor":22,"turns":5},{"damage":43,"enemies":"Book of Stabbing","floor":23,"turns":5},{"damage":46,"enemies":"Slavers","floor":28,"turns":4},{"damage":33,"enemies":"Book of Stabbing","floor":30,"turns":5},{"damage":6,"enemies":"Cultist and Chosen","floor":31,"turns":3},{"damage":58,"enemies":"Automaton","floor":33,"turns":8}],"seed_played":"6943569116827186634","potions_obtained":[{"floor":5,"key":"Fire Potion"},{"floor":10,"key":"LiquidBronze"},{"floor":13,"key":"PowerPotion"},{"floor":16,"key":"Dexterity Potion"},{"floor":18,"key":"Weak Potion"},{"floor":19,"key":"BloodPotion"},{"floor":22,"key":"Strength Potion"},{"floor":30,"key":"LiquidBronze"},{"floor":31,"key":"Block Potion"}],"is_trial":false,"path_per_floor":["M","M","M","?","M","R","E","M","T","E","?","R","M","M","R","B",null,"M","M","M","?","M","E","R","?","T","R","E","R","E","M","R","B"],"character_chosen":"IRONCLAD","items_purchased":[],"campfire_rested":1,"item_purchase_floors":[],"current_hp_per_floor":[80,80,80,80,62,62,61,66,66,48,48,62,70,69,69,20,113,90,92,91,91,94,86,86,86,86,86,46,81,56,58,58,0],"gold":507,"neow_bonus":"THREE_CARDS","is_prod":false,"is_daily":false,"chose_seed":false,"campfire_upgraded":1,"win_rate":0,"timestamp":1567981539,"path_taken":["M","M","M","?","M","R","E","M","T","E","?","R","?","M","R","BOSS","M","?","M","?","M","E","R","?","T","R","E","R","E","M","R","BOSS"],"build_version":"2019-08-26","purchased_purges":0,"victory":false,"max_hp_per_floor":[80,80,80,80,80,80,87,91,91,91,91,105,109,113,113,113,113,113,113,113,113,119,119,119,119,119,119,119,119,121,123,123,123],"card_choices":[{"not_picked":["Twin Strike","Wild Strike"],"picked":"Headbutt","floor":0},{"not_picked":["Iron Wave","Twin Strike"],"picked":"Shrug It Off","floor":1},{"not_picked":["Twin Strike","Corruption"],"picked":"Perfected Strike","floor":2},{"not_picked":["Sword Boomerang","Havoc"],"picked":"Iron Wave","floor":3},{"not_picked":["Heavy Blade","Rampage"],"picked":"Feed","floor":5},{"not_picked":["Warcry","Sever Soul"],"picked":"Shockwave","floor":7},{"not_picked":["Armaments","Wild Strike"],"picked":"Shrug It Off","floor":8},{"not_picked":["Second Wind","Anger"],"picked":"Feel No Pain","floor":10},{"not_picked":["Anger","Sword Boomerang"],"picked":"Evolve","floor":13},{"not_picked":["Clash","Warcry"],"picked":"Wild Strike","floor":14},{"not_picked":["Dark Embrace","Reaper"],"picked":"Demon Form","floor":16},{"not_picked":["Cleave","Thunderclap"],"picked":"Infernal Blade+1","floor":18},{"not_picked":["True Grit","Twin Strike+1"],"picked":"Whirlwind","floor":19},{"not_picked":["Sword Boomerang","Infernal Blade"],"picked":"Pommel Strike","floor":20},{"not_picked":["Ghostly Armor","Hemokinesis","Warcry"],"picked":"Singing Bowl","floor":22},{"not_picked":["Dropkick","Searing Blow"],"picked":"Pommel Strike","floor":23},{"not_picked":["Thunderclap+1","Clash"],"picked":"Inflame","floor":28},{"not_picked":["Armaments","Juggernaut","Sentinel"],"picked":"Singing Bowl","floor":30},{"not_picked":["Havoc","Wild Strike","Twin Strike"],"picked":"Singing Bowl","floor":31}],"player_experience":1488117,"relics_obtained":[{"floor":7,"key":"Strawberry"},{"floor":9,"key":"Gambling Chip"},{"floor":10,"key":"Shovel"},{"floor":12,"key":"Mango"},{"floor":15,"key":"Singing Bowl"},{"floor":23,"key":"Unceasing Top"},{"floor":24,"key":"Girya"},{"floor":28,"key":"Centennial Puzzle"},{"floor":30,"key":"Tiny Chest"},{"floor":32,"key":"Bottled Flame"}],"event_choices":[{"damage_healed":0,"gold_gain":0,"player_choice":"Ignored","damage_taken":0,"max_hp_gain":0,"max_hp_loss":0,"event_name":"Golden Wing","floor":4,"gold_loss":0},{"damage_healed":0,"gold_gain":0,"player_choice":"1 cards matched","damage_taken":0,"max_hp_gain":0,"max_hp_loss":0,"event_name":"Match and Keep!","floor":11,"gold_loss":0,"cards_obtained":["Jack Of All Trades"]},{"damage_healed":0,"gold_gain":0,"player_choice":"Ignored","damage_taken":0,"max_hp_gain":0,"max_hp_loss":0,"event_name":"Vampires","floor":21,"gold_loss":0},{"damage_healed":0,"gold_gain":0,"player_choice":"Obtained Relic","damage_taken":0,"relics_obtained":["War Paint"],"max_hp_gain":0,"max_hp_loss":0,"event_name":"Addict","floor":25,"gold_loss":85}],"is_beta":true,"boss_relics":[{"not_picked":["Runic Dome","Tiny House"],"picked":"Cursed Key"}],"items_purged_floors":[],"is_endless":false,"potions_floor_spawned":[5,10,13,16,18,19,22,30,31],"killed_by":"Automaton","ascension_level":1}