{"gold_per_floor":[109,121,170,186,197,225,238,238,265,283,311,311,311,337,337,435,485,498,517,517,114,124,124,143,143,218,218,218,237,270,283,283,283],"floor_reached":33,"playtime":2324,"items_purged":[],"score":289,"play_id":"b2d692d5-a64b-4904-8d8e-fcbdec20f07b","local_time":"20191013023004","is_ascension_mode":false,"campfire_choices":[{"floor":8,"key":"REST"},{"data":"Anger","floor":13,"key":"SMITH"},{"floor":15,"key":"REST"},{"floor":23,"key":"REST"},{"floor":25,"key":"REST"},{"floor":32,"key":"REST"}],"neow_cost":"NONE","seed_source_timestamp":409436797806800,"circlet_count":0,"master_deck":["Strike_R","Strike_R","Strike_R","Strike_R","Defend_R+1","Defend_R","Defend_R","Bash","Anger+1","Thunderclap","Iron Wave","Pommel Strike","Juggernaut","Clothesline","Shrug It Off","Cleave","Rage","Limit Break","Rampage","Fire Breathing+1","Iron Wave","Shockwave","Seeing Red","Inflame","Infernal Blade","Ghostly Armor","Anger","Rage","Thunderclap+1","Sword Boomerang","Body Slam+1"],"relics":["Sozu","Orichalcum","Meat on the Bone","Bag of Marbles","Letter Opener","Matryoshka","Tiny House","Bottled Flame","Strawberry","Bottled Lightning","Smiling Mask"],"potions_floor_usage":[],"damage_taken":[{"damage":1,"enemies":"Cultist","floor":1,"turns":3},{"damage":6,"enemies":"Jaw Worm","floor":2,"turns":3},{"damage":1,"enemies":"2 Louse","floor":4,"turns":3},{"damage":0,"enemies":"Exordium Thugs","floor":5,"turns":3},{"damage":16,"enemies":"Lagavulin","floor":6,"turns":5},{"damage":0,"enemies":"Large Slime","floor":7,"turns":4},{"damage":4,"enemies":"2 Fungi Beasts","floor":10,"turns":2},{"damage":4,"enemies":"Gremlin Nob","floor":11,"turns":4},{"damage":11,"enemies":"3 Sentries","floor":14,"turns":5},{"damage":17,"enemies":"The Guardian","floor":16,"turns":8},{"damage":2,"enemies":"Spheric Guardian","floor":18,"turns":4},{"damage":14,"enemies":"Shell Parasite","floor":19,"turns":4},{"damage":18,"enemies":"Snecko","floor":22,"turns":4},{"damage":25,"enemies":"Chosen and Byrds","floor":24,"turns":5},{"damage":32,"enemies":"Snake Plant","floor":29,"turns":4},{"damage":26,"enemies":"Slavers","floor":30,"turns":4},{"damage":1,"enemies":"Snecko","floor":31,"turns":3},{"damage":87,"enemies":"Automaton","floor":33,"turns":10}],"seed_played":"8422802110164033295","potions_obtained":[],"is_trial":false,"path_per_floor":["M","M","T","M","M","E","M","R","T","M","E","?","R","E","R","B",null,"M","M","?","$","M","R","M","R","T","?","?","M","E","M","R","B"],"character_chosen":"IRONCLAD","items_purchased":["Inflame","Infernal Blade","Bottled Flame"],"campfire_rested":5,"item_purchase_floors":[21,21,21],"current_hp_per_floor":[79,73,73,72,72,56,56,80,80,76,72,72,72,61,80,63,85,83,69,69,69,51,76,51,76,83,83,83,51,37,48,75,0],"gold":283,"neow_bonus":"BOSS_RELIC","is_prod":false,"is_daily":false,"chose_seed":false,"campfire_upgraded":1,"win_rate":0,"timestamp":1570951804,"path_taken":["M","M","?","M","?","E","M","R","T","?","E","?","R","E","R","BOSS","M","M","?","$","M","R","M","R","T","?","?","M","E","M","R","BOSS"],"build_version":"2019-07-17","purchased_purges":0,"victory":false,"max_hp_per_floor":[80,80,80,80,80,80,80,80,80,80,80,80,80,80,80,80,85,85,85,85,85,85,85,85,85,92,92,92,92,92,92,92,92],"card_choices":[{"not_picked":["Dual Wield","Armaments"],"picked":"Anger","floor":1},{"not_picked":["True Grit","Body Slam"],"picked":"Thunderclap","floor":2},{"not_picked":["Anger","Body Slam"],"picked":"Iron Wave","floor":4},{"not_picked":["Headbutt","True Grit"],"picked":"Pommel Strike","floor":5},{"not_picked":["Anger","Body Slam"],"picked":"Juggernaut","floor":6},{"not_picked":["Flex","Body Slam"],"picked":"Clothesline","floor":7},{"not_picked":["Dual Wield","Body Slam"],"picked":"Shrug It Off","floor":10},{"not_picked":["Power Through","Dual Wield"],"picked":"Cleave","floor":11},{"not_picked":["Shrug It Off","Seeing Red"],"picked":"Rage","floor":14},{"not_picked":["Reaper","Offering"],"picked":"Limit Break","floor":16},{"not_picked":["Wild Strike","Cleave"],"picked":"Rampage","floor":17},{"not_picked":["Reckless Charge","Ghostly Armor"],"picked":"Fire Breathing+1","floor":18},{"not_picked":["Warcry","Pommel Strike"],"picked":"Iron Wave","floor":19},{"not_picked":["Heavy Blade","Second Wind"],"picked":"Ghostly Armor","floor":22},{"not_picked":["Sentinel","Bloodletting"],"picked":"Anger","floor":24},{"not_picked":["Corruption","Heavy Blade+1"],"picked":"Thunderclap+1","floor":29},{"not_picked":["Body Slam","Rupture"],"picked":"Sword Boomerang","floor":30},{"not_picked":["Clash","Juggernaut"],"picked":"Body Slam+1","floor":31}],"player_experience":129958,"relics_obtained":[{"floor":3,"key":"Orichalcum"},{"floor":6,"key":"Meat on the Bone"},{"floor":9,"key":"Bag of Marbles"},{"floor":11,"key":"Letter Opener"},{"floor":14,"key":"Matryoshka"},{"floor":26,"key":"Strawberry"},{"floor":26,"key":"Bottled Lightning"},{"floor":30,"key":"Smiling Mask"}],"event_choices":[{"damage_healed":0,"gold_gain":0,"player_choice":"Ignored","damage_taken":0,"max_hp_gain":0,"max_hp_loss":0,"event_name":"Liars Game","floor":12,"gold_loss":0},{"damage_healed":0,"gold_gain":0,"cards_transformed":["Strike_R","Defend_R"],"player_choice":"Became Test Subject","damage_taken":0,"max_hp_gain":0,"max_hp_loss":0,"event_name":"Drug Dealer","floor":20,"gold_loss":0,"cards_obtained":["Shockwave","Seeing Red"]},{"damage_healed":0,"gold_gain":0,"player_choice":"Read","damage_taken":0,"max_hp_gain":0,"max_hp_loss":0,"event_name":"The Library","floor":27,"gold_loss":0,"cards_obtained":["Rage"]},{"damage_healed":0,"gold_gain":0,"player_choice":"Bought 0 Potions","damage_taken":0,"max_hp_gain":0,"max_hp_loss":0,"event_name":"The Woman in Blue","floor":28,"gold_loss":0}],"is_beta":false,"boss_relics":[{"not_picked":["Orrery","Velvet Choker"],"picked":"Tiny House"}],"items_purged_floors":[],"is_endless":false,"potions_floor_spawned":[1,2,6,11,14,22,30,31],"killed_by":"Automaton","ascension_level":0}