{"path_per_floor":["M","M","M","$","M","R","?","M","T","R","E","$","M","M","R","B",null,"M","M","?","$","M","E","R","M","T"],"character_chosen":"IRONCLAD","items_purchased":["Battle Trance","Flash of Steel","Spot Weakness"],"gold_per_floor":[111,127,140,64,84,84,84,101,101,101,134,36,50,65,65,164,164,179,192,292,147,157,182,182,196,222,222],"floor_reached":27,"campfire_rested":3,"playtime":1663,"current_hp_per_floor":[73,72,72,72,62,62,62,47,47,71,58,58,58,58,80,59,80,80,80,80,80,80,1,25,4,4,0],"items_purged":["Defend_R"],"gold":222,"score":237,"play_id":"32de9338-a384-41e3-a11e-f52e168bf64f","local_time":"20180423224108","is_prod":false,"is_daily":false,"chose_seed":false,"is_ascension_mode":false,"campfire_upgraded":1,"timestamp":1524548468,"path_taken":["M","M","M","$","M","R","?","M","T","R","E","$","M","M","R","BOSS","M","M","?","$","M","E","R","M","T","M"],"build_version":"2018-04-19","seed_source_timestamp":609268628417835,"purchased_purges":2,"victory":false,"master_deck":["Strike_R","Strike_R","Strike_R","Strike_R","Strike_R","Defend_R","Defend_R","Defend_R","Bash+1","Headbutt","Headbutt","Armaments+1","Battle Trance","Dropkick","Twin Strike","Double Tap","Flash of Steel","Perfected Strike","Wild Strike","Infernal Blade","Berserk","Ghostly Armor","Iron Wave+1","Spot Weakness","Thunderclap"],"max_hp_per_floor":[80,80,80,80,80,80,80,80,80,80,80,80,80,80,80,80,80,80,80,80,80,80,80,80,80,80,80],"relics":["Runic Pyramid","Happy Flower","Dream Catcher","Sozu","Toolbox","Anchor"],"card_choices":[{"not_picked":["Ghostly Armor","Carnage"],"picked":"Headbutt","floor":1},{"not_picked":["Clothesline","Warcry"],"picked":"Headbutt","floor":2},{"not_picked":["Burning Pact","Rampage"],"picked":"Armaments","floor":3},{"not_picked":["Carnage","Reaper"],"picked":"Dropkick","floor":5},{"not_picked":["Uppercut","Perfected Strike"],"picked":"Twin Strike","floor":8},{"not_picked":["Flame Barrier","True Grit"],"picked":"Double Tap","floor":11},{"not_picked":["Body Slam","Headbutt"],"picked":"Perfected Strike","floor":13},{"not_picked":["Clothesline","Heavy Blade"],"picked":"Wild Strike","floor":14},{"not_picked":["Dual Wield","Warcry"],"picked":"Infernal Blade","floor":15},{"not_picked":["Juggernaut","Demon Form"],"picked":"Berserk","floor":16},{"not_picked":["Warcry","Body Slam"],"picked":"Ghostly Armor","floor":18},{"not_picked":["Second Wind","Clash"],"picked":"Iron Wave","floor":19},{"not_picked":["Clash","Clothesline"],"picked":"Thunderclap","floor":23}],"player_experience":131629,"potions_floor_usage":[8,11,22,23],"damage_taken":[{"damage":7,"enemies":"Jaw Worm","floor":1,"turns":5},{"damage":1,"enemies":"Cultist","floor":2,"turns":3},{"damage":0,"enemies":"2 Louse","floor":3,"turns":3},{"damage":10,"enemies":"Large Slime","floor":5,"turns":8},{"damage":15,"enemies":"Exordium Thugs","floor":8,"turns":4},{"damage":13,"enemies":"Lagavulin","floor":11,"turns":4},{"damage":0,"enemies":"2 Fungi Beasts","floor":13,"turns":3},{"damage":0,"enemies":"Red Slaver","floor":14,"turns":2},{"damage":21,"enemies":"Hexaghost","floor":16,"turns":7},{"damage":0,"enemies":"Chosen","floor":18,"turns":3},{"damage":0,"enemies":"Spheric Guardian","floor":19,"turns":3},{"damage":0,"enemies":"Cultist and Chosen","floor":22,"turns":3},{"damage":99,"enemies":"Gremlin Leader","floor":23,"turns":7},{"damage":21,"enemies":"3 Cultists","floor":25,"turns":4},{"damage":4,"enemies":"Snake Plant","floor":27,"turns":1}],"event_choices":[{"event_name":"Upgrade Shrine","player_choice":"Upgraded","floor":7,"damage_taken":0},{"event_name":"Golden Shrine","player_choice":"Pray","floor":20,"damage_taken":0}],"boss_relics":[{"not_picked":["Ectoplasm","Mark of Pain"],"picked":"Sozu"}],"potions_floor_spawned":[1,5,13,14,16,23],"seed_played":"1684120444784724406","killed_by":"Snake Plant","ascension_level":0,"is_trial":false}