{"gold_per_floor":[219,219,231,26,39,65,65,84,109,26,37,37,69,86,86,86],"floor_reached":16,"playtime":637,"items_purged":[],"score":112,"play_id":"03debabc-cec7-46db-9e2c-26e646e11606","local_time":"20191009200049","is_ascension_mode":false,"campfire_choices":[{"data":"Searing Blow","floor":7,"key":"SMITH"},{"floor":15,"key":"REST"}],"neow_cost":"NONE","seed_source_timestamp":66195772354999,"circlet_count":0,"master_deck":["Strike_R","Strike_R","Strike_R","Strike_R","Strike_R","Defend_R","Defend_R","Defend_R","Defend_R","Bash","Searing Blow+1","Battle Trance","Inflame","Clash","Intimidate","Entrench","Shrug It Off","Infernal Blade","Ghostly Armor","Pommel Strike","Dropkick","Carnage","Shrug It Off"],"relics":["Burning Blood","Omamori","Potion Belt","Orichalcum"],"potions_floor_usage":[16,16],"damage_taken":[{"damage":0,"enemies":"Small Slimes","floor":1,"turns":4},{"damage":7,"enemies":"2 Louse","floor":3,"turns":4},{"damage":6,"enemies":"Jaw Worm","floor":5,"turns":3},{"damage":47,"enemies":"3 Sentries","floor":6,"turns":10},{"damage":5,"enemies":"Looter","floor":8,"turns":3},{"damage":3,"enemies":"2 Fungi Beasts","floor":11,"turns":4},{"damage":31,"enemies":"Lagavulin","floor":13,"turns":8},{"damage":0,"enemies":"3 Louse","floor":14,"turns":4},{"damage":58,"enemies":"Hexaghost","floor":16,"turns":14}],"seed_played":"-5398639745608669341","potions_obtained":[{"floor":1,"key":"Explosive Potion"},{"floor":6,"key":"SteroidPotion"},{"floor":13,"key":"Dexterity Potion"}],"is_trial":false,"path_per_floor":["M","?","M","$","M","E","R","M","T","$","M","?","E","M","R","B"],"character_chosen":"IRONCLAD","items_purchased":["Inflame","Clash","Intimidate","Ghostly Armor","Pommel Strike"],"campfire_rested":1,"item_purchase_floors":[4,4,4,10,10],"current_hp_per_floor":[80,85,84,84,84,43,43,44,44,44,47,47,22,28,53,0],"gold":86,"neow_bonus":"HUNDRED_GOLD","is_prod":false,"is_daily":false,"chose_seed":false,"campfire_upgraded":1,"win_rate":0.0,"timestamp":1570676449,"path_taken":["M","?","M","$","M","E","R","M","T","$","M","?","E","M","R","BOSS"],"build_version":"2019-07-17","purchased_purges":0,"victory":false,"max_hp_per_floor":[80,85,85,85,85,85,85,85,85,85,85,85,85,85,85,85],"card_choices":[{"not_picked":["Shockwave","Twin Strike"],"picked":"Searing Blow","floor":1},{"not_picked":["Thunderclap","Wild Strike"],"picked":"Battle Trance","floor":3},{"not_picked":["Thunderclap","True Grit"],"picked":"Entrench","floor":5},{"not_picked":["Evolve","Burning Pact"],"picked":"Shrug It Off","floor":6},{"not_picked":["Twin Strike","Fire Breathing"],"picked":"Infernal Blade","floor":8},{"not_picked":["True Grit","Sword Boomerang"],"picked":"Dropkick","floor":11},{"not_picked":["Headbutt","Twin Strike"],"picked":"Carnage","floor":13},{"not_picked":["Twin Strike","Wild Strike"],"picked":"Shrug It Off","floor":14}],"player_experience":40934,"relics_obtained":[{"floor":6,"key":"Omamori"},{"floor":9,"key":"Potion Belt"},{"floor":13,"key":"Orichalcum"}],"event_choices":[{"damage_healed":0,"gold_gain":0,"player_choice":"Donut","damage_taken":0,"max_hp_gain":5,"max_hp_loss":0,"event_name":"Big Fish","floor":2,"gold_loss":0},{"damage_healed":0,"gold_gain":0,"player_choice":"Ignored","damage_taken":0,"max_hp_gain":0,"max_hp_loss":0,"event_name":"Golden Idol","floor":12,"gold_loss":0}],"is_beta":false,"boss_relics":[],"items_purged_floors":[],"is_endless":false,"potions_floor_spawned":[1,6,13],"killed_by":"Hexaghost","ascension_level":0}