{"gold_per_floor":[114,114,114,39,39,68,68,95,121,121,147,147,157,173,173,278,328,342,358,374,229,229,257,273,273,273,305,215,215,228,256,256,357,357,367,367,377,186,201,201,156,156,156,130,163,183,183,217,217,217,217,217,20,51,51],"floor_reached":55,"playtime":3928,"items_purged":["Strike_R","Shame"],"score":786,"play_id":"a4de8cad-fd43-4b4b-ad84-8db27c840514","local_time":"20190902201541","is_ascension_mode":true,"campfire_choices":[{"floor":7,"key":"REST"},{"floor":10,"key":"REST"},{"floor":15,"key":"REST"},{"floor":25,"key":"REST"},{"floor":29,"key":"REST"},{"floor":32,"key":"REST"},{"data":"Barricade","floor":40,"key":"SMITH"},{"floor":47,"key":"RECALL"},{"floor":49,"key":"REST"},{"data":"Mayhem","floor":52,"key":"SMITH"}],"neow_cost":"NONE","seed_source_timestamp":133286679858399,"circlet_count":0,"master_deck":["Strike_R+1","Strike_R","Defend_R+1","Defend_R","Defend_R+1","Defend_R+1","Bash+1","Whirlwind+1","Thunderclap","Headbutt+1","Shrug It Off","Infernal Blade","Barricade+1","Shrug It Off","Spot Weakness+1","Impervious","Armaments","Clothesline","Shockwave","Sword Boomerang","Flame Barrier","Shrug It Off+1","True Grit","Ghostly Armor+1","Inflame","Reaper","Pommel Strike+1","Mayhem+1","Body Slam","Impervious","Armaments","Double Tap"],"relics":["Orrery","War Paint","Anchor","Orichalcum","Torii","Tiny House","Vajra","Bronze Scales","Gremlin Horn","Blood Vial","Paper Frog","Cursed Key","Whetstone","Unceasing Top","Centennial Puzzle"],"potions_floor_usage":[16,16,19,23,27,30,45,45,50,54,55,55],"damage_taken":[{"damage":0,"enemies":"2 Louse","floor":1,"turns":2},{"damage":27,"enemies":"3 Sentries","floor":6,"turns":7},{"damage":26,"enemies":"Gremlin Nob","floor":8,"turns":5},{"damage":36,"enemies":"Lagavulin","floor":11,"turns":7},{"damage":0,"enemies":"Jaw Worm","floor":13,"turns":3},{"damage":0,"enemies":"Cultist","floor":14,"turns":3},{"damage":46,"enemies":"Slime Boss","floor":16,"turns":9},{"damage":9,"enemies":"Shell Parasite","floor":18,"turns":7},{"damage":12,"enemies":"2 Thieves","floor":19,"turns":4},{"damage":4,"enemies":"Snake Plant","floor":20,"turns":6},{"damage":53,"enemies":"Slavers","floor":23,"turns":7},{"damage":1,"enemies":"Centurion and Healer","floor":24,"turns":7},{"damage":13,"enemies":"Gremlin Leader","floor":27,"turns":7},{"damage":0,"enemies":"3 Cultists","floor":30,"turns":2},{"damage":10,"enemies":"Book of Stabbing","floor":31,"turns":7},{"damage":65,"enemies":"Collector","floor":33,"turns":14},{"damage":7,"enemies":"3 Shapes","floor":35,"turns":4},{"damage":6,"enemies":"Orb Walker","floor":37,"turns":4},{"damage":0,"enemies":"Maw","floor":39,"turns":7},{"damage":1,"enemies":"Reptomancer","floor":45,"turns":4},{"damage":12,"enemies":"Jaw Worm Horde","floor":46,"turns":4},{"damage":28,"enemies":"Giant Head","floor":48,"turns":9},{"damage":47,"enemies":"Donu and Deca","floor":50,"turns":9},{"damage":33,"enemies":"Shield and Spear","floor":54,"turns":8},{"damage":99,"enemies":"The Heart","floor":55,"turns":12}],"seed_played":"4133988517755888560","potions_obtained":[{"floor":11,"key":"Regen Potion"},{"floor":14,"key":"Poison Potion"},{"floor":16,"key":"Energy Potion"},{"floor":17,"key":"FairyPotion"},{"floor":19,"key":"Strength Potion"},{"floor":24,"key":"Fire Potion"},{"floor":27,"key":"SteroidPotion"},{"floor":33,"key":"Fire Potion"},{"floor":35,"key":"Explosive Potion"},{"floor":45,"key":"Strength Potion"},{"floor":48,"key":"Fire Potion"}],"is_trial":false,"path_per_floor":["M","?","?","$","$","E","R","E","T","R","E","$","M","M","R","B",null,"M","M","M","$","?","E","M","R","T","E","?","R","M","E","R","B",null,"M","?","M","$","M","R","$","?","T","$","E","M","R","E","R","B",null,"R","$","E","B"],"character_chosen":"IRONCLAD","items_purchased":["Vajra","Mayhem","Body Slam","Armaments","Dexterity Potion","SteroidPotion"],"campfire_rested":7,"item_purchase_floors":[21,38,41,44,53,53],"current_hp_per_floor":[80,73,57,57,57,30,54,28,28,52,16,16,16,16,40,9,85,76,64,60,60,60,7,6,31,31,18,18,43,45,37,62,8,85,78,78,79,79,81,81,81,81,81,81,82,72,72,46,71,26,85,85,85,84,0],"gold":51,"neow_bonus":"BOSS_RELIC","is_prod":false,"is_daily":false,"chose_seed":false,"campfire_upgraded":2,"win_rate":0,"timestamp":1567480541,"path_taken":["M","?","?","?","$","E","R","E","T","R","E","$","M","?","R","BOSS","M","M","M","$","?","E","M","R","T","E","?","R","M","E","R","BOSS","M","?","?","$","M","R","?","?","T","$","E","?","R","E","R","BOSS","R","$","E","BOSS"],"build_version":"2019-08-26","purchased_purges":2,"victory":false,"max_hp_per_floor":[80,80,80,80,80,80,80,80,80,80,80,80,80,80,80,80,85,85,85,85,85,85,85,85,85,85,85,85,85,85,85,85,85,85,85,85,85,85,85,85,85,85,85,85,85,85,85,85,85,85,85,85,85,85,85],"card_choices":[{"not_picked":["Dropkick","Second Wind"],"picked":"Whirlwind","floor":0},{"not_picked":["Dropkick","Uppercut"],"picked":"Thunderclap","floor":0},{"not_picked":["Flex","Armaments"],"picked":"Headbutt","floor":0},{"not_picked":["Body Slam","Corruption","Feel No Pain"],"picked":"SKIP","floor":1},{"not_picked":["True Grit","Pommel Strike"],"picked":"Shrug It Off","floor":6},{"not_picked":["Headbutt","Uppercut"],"picked":"Infernal Blade","floor":8},{"not_picked":["Rupture","Shrug It Off"],"picked":"Barricade","floor":11},{"not_picked":["Perfected Strike","Warcry"],"picked":"Shrug It Off","floor":13},{"not_picked":["Pummel","Anger"],"picked":"Spot Weakness","floor":14},{"not_picked":["Brutality","Juggernaut"],"picked":"Impervious","floor":16},{"not_picked":["Cleave","Shrug It Off"],"picked":"Armaments","floor":17},{"not_picked":["Havoc","Dropkick"],"picked":"Clothesline","floor":18},{"not_picked":["Dropkick","Brutality"],"picked":"Shockwave","floor":19},{"not_picked":["Clash+1","Feel No Pain"],"picked":"Sword Boomerang","floor":20},{"not_picked":["Sword Boomerang","Sentinel+1"],"picked":"Flame Barrier","floor":23},{"not_picked":["Iron Wave","Metallicize"],"picked":"Shrug It Off+1","floor":24},{"not_picked":["Pommel Strike","Demon Form"],"picked":"True Grit","floor":27},{"not_picked":["Cleave+1","True Grit"],"picked":"Ghostly Armor+1","floor":30},{"not_picked":["Pommel Strike","Hemokinesis+1"],"picked":"Inflame","floor":31},{"not_picked":["Immolate","Exhume"],"picked":"Reaper","floor":33},{"not_picked":["Cleave+1","Ghostly Armor"],"picked":"Pommel Strike+1","floor":35},{"not_picked":["Perfected Strike","Power Through","Armaments"],"picked":"SKIP","floor":37},{"not_picked":["Flex","Ghostly Armor","Twin Strike"],"picked":"SKIP","floor":39},{"not_picked":["Feel No Pain","Inflame+1"],"picked":"Double Tap","floor":45},{"not_picked":["Searing Blow","Dual Wield","Cleave"],"picked":"SKIP","floor":46},{"not_picked":["Iron Wave","Juggernaut","Spot Weakness"],"picked":"SKIP","floor":48},{"not_picked":["Rupture","Flex","Wild Strike+1"],"picked":"SKIP","floor":54}],"player_experience":1459278,"relics_obtained":[{"floor":6,"key":"War Paint"},{"floor":8,"key":"Anchor"},{"floor":9,"key":"Orichalcum"},{"floor":11,"key":"Torii"},{"floor":23,"key":"Bronze Scales"},{"floor":26,"key":"Gremlin Horn"},{"floor":27,"key":"Blood Vial"},{"floor":31,"key":"Paper Frog"},{"floor":45,"key":"Whetstone"},{"floor":48,"key":"Unceasing Top"},{"floor":54,"key":"Centennial Puzzle"}],"event_choices":[{"cards_removed":["Strike_R"],"damage_healed":0,"gold_gain":0,"player_choice":"Card Removal","damage_taken":7,"max_hp_gain":0,"max_hp_loss":0,"event_name":"Golden Wing","floor":2,"gold_loss":0},{"damage_healed":0,"gold_gain":0,"player_choice":"Entered Light","damage_taken":16,"max_hp_gain":0,"max_hp_loss":0,"event_name":"Shining Light","floor":3,"gold_loss":0,"cards_upgraded":["Defend_R","Strike_R"]},{"damage_healed":0,"gold_gain":0,"player_choice":"Smashed Altar","damage_taken":0,"max_hp_gain":0,"max_hp_loss":0,"event_name":"Forgotten Altar","floor":22,"gold_loss":0,"cards_obtained":["Decay"]},{"cards_removed":["Strike_R"],"damage_healed":0,"gold_gain":0,"player_choice":"Upgrade and Remove","damage_taken":0,"max_hp_gain":0,"max_hp_loss":0,"event_name":"Designer","floor":28,"gold_loss":90,"cards_upgraded":["Whirlwind"]},{"cards_removed":["Decay"],"damage_healed":0,"gold_gain":0,"player_choice":"Removed Curses","damage_taken":0,"max_hp_gain":0,"max_hp_loss":0,"event_name":"Fountain of Cleansing","floor":36,"gold_loss":0},{"damage_healed":0,"gold_gain":0,"player_choice":"Copied","damage_taken":0,"max_hp_gain":0,"max_hp_loss":0,"event_name":"Duplicator","floor":42,"gold_loss":0,"cards_obtained":["Impervious"]}],"is_beta":true,"boss_relics":[{"not_picked":["Pandora\u0027s Box","Eternal Feather"],"picked":"Tiny House"},{"not_picked":["White Beast Statue","Astrolabe"],"picked":"Cursed Key"}],"items_purged_floors":[4,53],"is_endless":false,"potions_floor_spawned":[11,14,16,19,24,27,33,35,45,48],"killed_by":"The Heart","ascension_level":1}