{"gold_per_floor":[118,128,142,162,172,172,185,30,84,100,100,100,111,178,178,255,255,273,188,19,19,31,31,31],"floor_reached":24,"playtime":760,"items_purged":["Shame"],"score":352,"play_id":"759bf17f-76b3-4a63-b856-1fa162592145","local_time":"20191002173244","is_ascension_mode":true,"campfire_choices":[{"floor":6.0,"key":"REST"},{"floor":11.0,"key":"REST"},{"data":"White Noise","floor":12.0,"key":"SMITH"},{"floor":15.0,"key":"REST"},{"floor":23,"key":"REST"}],"neow_cost":"CURSE","seed_source_timestamp":87260794395716,"circlet_count":0,"master_deck":["AscendersBane","Strike_B","Strike_B","Strike_B","Strike_B","Defend_B","Defend_B","Defend_B","Defend_B","Zap","Dualcast","White Noise+1","Conserve Battery","Sunder","Skim","FTL","Sweeping Beam","Chill","Electrodynamics","Coolheaded","Leap"],"special_seed":0,"relics":["Cracked Core","WingedGreaves","Tiny Chest","Black Star","Bag of Marbles","DataDisk"],"potions_floor_usage":[],"damage_taken":[{"damage":0.0,"enemies":"2 Louse","floor":1.0,"turns":2.0},{"damage":12.0,"enemies":"Jaw Worm","floor":2.0,"turns":4.0},{"damage":9.0,"enemies":"Small Slimes","floor":3.0,"turns":3.0},{"damage":13.0,"enemies":"Exordium Wildlife","floor":4.0,"turns":4.0},{"damage":17.0,"enemies":"3 Louse","floor":5.0,"turns":2.0},{"damage":7.0,"enemies":"Blue Slaver","floor":7.0,"turns":4.0},{"damage":6.0,"enemies":"Exordium Thugs","floor":10.0,"turns":4.0},{"damage":2.0,"enemies":"Lots of Slimes","floor":13.0,"turns":3.0},{"damage":20.0,"enemies":"The Guardian","floor":16.0,"turns":11.0},{"damage":22.0,"enemies":"2 Thieves","floor":18.0,"turns":3.0},{"damage":18,"enemies":"3 Byrds","floor":22,"turns":4},{"damage":51,"enemies":"Book of Stabbing","floor":24,"turns":6}],"seed_played":"-7121200021091516826","potions_obtained":[{"floor":2.0,"key":"Ancient Potion"},{"floor":4.0,"key":"AttackPotion"},{"floor":5.0,"key":"Ancient Potion"}],"is_trial":false,"path_per_floor":["M","M","M","M","M","R","M","$","T","M","R","R","M","?","R","B",null,"M","?","$","?","M","R","E"],"character_chosen":"DEFECT","items_purchased":["Chill","DataDisk"],"campfire_rested":4,"item_purchase_floors":[8,20],"current_hp_per_floor":[64,52,43,30,13,34,27,27,27,21,42,42,40,40,61,41,64,42,42,42,42,24,45,0],"gold":31,"neow_bonus":"ONE_RARE_RELIC","is_prod":false,"is_daily":false,"chose_seed":false,"campfire_upgraded":1,"win_rate":0,"timestamp":1570062764,"path_taken":["M","M","M","M","M","R","M","$","T","M","R","R","M","?","R","BOSS","M","?","$","?","M","R","E"],"build_version":"2019-07-17","purchased_purges":1,"victory":false,"max_hp_per_floor":[71,71,71,71,71,71,71,71,71,71,71,71,71,71,71,71,71,71,71,71,71,71,71,71],"card_choices":[{"not_picked":["Consume","Barrage"],"picked":"White Noise","floor":1.0},{"not_picked":["Recycle","Scrape"],"picked":"Conserve Battery","floor":2.0},{"not_picked":["Undo","Sweeping Beam"],"picked":"Sunder","floor":3.0},{"not_picked":["Barrage","Rebound"],"picked":"Skim","floor":4.0},{"not_picked":["Rebound","Steam"],"picked":"FTL","floor":5.0},{"not_picked":["Heatsinks","Skim"],"picked":"Sweeping Beam","floor":7.0},{"not_picked":["Blizzard","Streamline","Lockon"],"picked":"SKIP","floor":10.0},{"not_picked":["Lockon","Darkness"],"picked":"Electrodynamics","floor":13.0},{"not_picked":["Go for the Eyes","Recycle"],"picked":"Coolheaded","floor":18.0},{"not_picked":["Sweeping Beam","Coolheaded"],"picked":"Leap","floor":22}],"player_experience":663986,"relics_obtained":[{"floor":9.0,"key":"Tiny Chest"}],"event_choices":[{"damage_healed":0.0,"max_hp_gain":0.0,"max_hp_loss":0.0,"gold_gain":67.0,"event_name":"Golden Wing","player_choice":"Gained Gold","floor":14.0,"gold_loss":0.0,"damage_taken":0.0},{"damage_healed":0.0,"max_hp_gain":0.0,"max_hp_loss":0.0,"gold_gain":0.0,"event_name":"Addict","player_choice":"Obtained Relic","floor":19.0,"gold_loss":85.0,"damage_taken":0.0,"relics_obtained":["Bag of Marbles"]},{"damage_healed":0,"gold_gain":0,"player_choice":"Ignored","damage_taken":0,"max_hp_gain":0,"max_hp_loss":0,"event_name":"Cursed Tome","floor":21,"gold_loss":0}],"is_beta":false,"boss_relics":[{"not_picked":["Runic Dome","Snecko Eye"],"picked":"Black Star"}],"items_purged_floors":[8],"is_endless":false,"potions_floor_spawned":[2,4,5,10,16,18,22],"killed_by":"Book of Stabbing","ascension_level":17}