{"gold_per_floor":[111,129,79,93,104,104,116,129,159,46],"floor_reached":10,"playtime":2046,"items_purged":[],"score":62,"play_id":"382068a4-64b5-42a5-b8b0-73fe97b98a26","local_time":"20191011232227","is_ascension_mode":false,"campfire_choices":[{"data":"Capacitor","floor":6,"key":"SMITH"}],"neow_cost":"NONE","seed_source_timestamp":94568399378000,"circlet_count":0,"master_deck":["Strike_B","Strike_B","Strike_B","Defend_B","Defend_B","Defend_B","Defend_B","Zap","Dualcast","Cold Snap","Defragment","Capacitor+1","Conserve Battery","Lockon","Reinforced Body","Heatsinks","Melter"],"relics":["Cracked Core","Tiny Chest"],"potions_floor_usage":[],"damage_taken":[{"damage":0,"enemies":"2 Louse","floor":1,"turns":2},{"damage":0,"enemies":"Cultist","floor":2,"turns":3},{"damage":1,"enemies":"Jaw Worm","floor":4,"turns":4},{"damage":9,"enemies":"Red Slaver","floor":5,"turns":6},{"damage":18,"enemies":"3 Louse","floor":7,"turns":5},{"damage":2,"enemies":"Looter","floor":8,"turns":4}],"seed_played":"-387828905758885946","potions_obtained":[{"floor":7,"key":"Fire Potion"}],"is_trial":false,"path_per_floor":["M","M","?","M","M","R","M","M","T","$"],"character_chosen":"DEFECT","items_purchased":["Heatsinks","Melter"],"campfire_rested":0,"item_purchase_floors":[10,10],"current_hp_per_floor":[82,82,82,81,72,72,54,52,52,52],"gold":46,"neow_bonus":"TEN_PERCENT_HP_BONUS","is_prod":false,"is_daily":false,"chose_seed":false,"campfire_upgraded":1,"win_rate":0.0,"timestamp":1570832547,"path_taken":["M","M","?","M","M","R","M","M","T","$"],"build_version":"2019-07-17","purchased_purges":0,"victory":false,"max_hp_per_floor":[82,82,82,82,82,82,82,82,82,82],"card_choices":[{"not_picked":["Sweeping Beam","Compile Driver"],"picked":"Cold Snap","floor":1},{"not_picked":["Streamline","Go for the Eyes"],"picked":"Defragment","floor":2},{"not_picked":["Steam","Gash"],"picked":"Capacitor","floor":4},{"not_picked":["Gash","Aggregate"],"picked":"Conserve Battery","floor":5},{"not_picked":["Leap","Darkness"],"picked":"Lockon","floor":7},{"not_picked":["Rainbow","Stack"],"picked":"Reinforced Body","floor":8}],"player_experience":57949,"relics_obtained":[{"floor":9,"key":"Tiny Chest"}],"event_choices":[{"cards_removed":["Strike_B"],"damage_healed":0,"gold_gain":0,"player_choice":"Card Removal","damage_taken":0,"max_hp_gain":0,"max_hp_loss":0,"event_name":"The Cleric","floor":3,"gold_loss":50}],"is_beta":false,"boss_relics":[],"items_purged_floors":[],"is_endless":false,"potions_floor_spawned":[7],"ascension_level":0}