{"gold_per_floor":[109,125,140,158,12,12,31,41,41,54,106,106,6,26,26,131,131,150,164,179,54,65,65,96,96,96,96,112,112,112,112,112,215,215,227,238,238,251,101,101,101,113,113,113,125,125],"floor_reached":46,"playtime":10721,"items_purged":["Dualcast","Strike_B","Strike_B","Strike_B"],"score":698,"play_id":"d3ee775c-6820-410d-8b0c-54b80dafcb64","local_time":"20190213180729","is_ascension_mode":true,"campfire_choices":[{"data":"Zap","floor":6.0,"key":"SMITH"},{"data":"Defragment","floor":15.0,"key":"SMITH"},{"floor":23.0,"key":"REST"},{"data":"Hologram","floor":25.0,"key":"SMITH"},{"data":"Blizzard","floor":27.0,"key":"SMITH"},{"data":"Barrage","floor":30.0,"key":"SMITH"},{"floor":32.0,"key":"REST"},{"floor":41.0,"key":"REST"},{"data":"Madness","floor":44.0,"key":"SMITH"}],"neow_cost":"NONE","seed_source_timestamp":0,"circlet_count":0,"master_deck":["AscendersBane","Strike_B","Defend_B","Defend_B","Defend_B","Zap+1","Hologram+1","Coolheaded","Chill","Defragment+1","Machine Learning","Barrage+1","Glacier","Blizzard+1","Electrodynamics","Madness+1","Madness","Loop"],"special_seed":0,"relics":["Cracked Core","Cables","DataDisk","Inserter","Happy Flower","Girya","MutagenicStrength","Philosopher\u0027s Stone","PreservedInsect"],"potions_floor_usage":[],"damage_taken":[{"damage":1.0,"enemies":"Cultist","floor":1.0,"turns":3.0},{"damage":7.0,"enemies":"Jaw Worm","floor":2.0,"turns":3.0},{"damage":0.0,"enemies":"Small Slimes","floor":3.0,"turns":2.0},{"damage":11.0,"enemies":"Blue Slaver","floor":4.0,"turns":5.0},{"damage":20.0,"enemies":"Large Slime","floor":7.0,"turns":8.0},{"damage":11.0,"enemies":"3 Louse","floor":8.0,"turns":4.0},{"damage":5.0,"enemies":"Gremlin Gang","floor":10.0,"turns":5.0},{"damage":11.0,"enemies":"Lots of Slimes","floor":14.0,"turns":6.0},{"damage":2.0,"enemies":"Slime Boss","floor":16.0,"turns":9.0},{"damage":1.0,"enemies":"Shell Parasite","floor":18.0,"turns":7.0},{"damage":0.0,"enemies":"Spheric Guardian","floor":19.0,"turns":3.0},{"damage":23.0,"enemies":"Snake Plant","floor":20.0,"turns":5.0},{"damage":2.0,"enemies":"Cultist and Chosen","floor":22.0,"turns":7.0},{"damage":41.0,"enemies":"Slavers","floor":24.0,"turns":10.0},{"damage":0.0,"enemies":"3 Cultists","floor":28.0,"turns":5.0},{"damage":27.0,"enemies":"Collector","floor":33.0,"turns":9.0},{"damage":0.0,"enemies":"3 Darklings","floor":35.0,"turns":4.0},{"damage":16.0,"enemies":"3 Shapes","floor":36.0,"turns":4.0},{"damage":23.0,"enemies":"Spire Growth","floor":38.0,"turns":5.0},{"damage":0.0,"enemies":"3 Darklings","floor":42.0,"turns":4.0},{"damage":40.0,"enemies":"Transient","floor":45.0,"turns":5.0},{"damage":6,"enemies":"Writhing Mass","floor":46,"turns":2}],"seed_played":"3935855595217726719","potions_obtained":[{"floor":3.0,"key":"FocusPotion"},{"floor":7.0,"key":"Regen Potion"},{"floor":10.0,"key":"SpeedPotion"},{"floor":16.0,"key":"SteroidPotion"},{"floor":18.0,"key":"SpeedPotion"},{"floor":20.0,"key":"FearPotion"},{"floor":33.0,"key":"Strength Potion"},{"floor":38.0,"key":"Fire Potion"}],"is_trial":false,"path_per_floor":["M","M","M","M","$","R","M","M","T","M","T","?","$","M","R","B",null,"M","M","M","$","M","R","E","R","T","R","M","?","R","?","R","B",null,"M","M","?","M","$","?","R","M","T","R","M","M"],"character_chosen":"DEFECT","items_purchased":["Chill"],"campfire_rested":3,"item_purchase_floors":[5],"current_hp_per_floor":[74,67,67,56,56,56,36,25,25,20,20,20,20,23,23,21,67,66,66,43,43,41,65,24,24,24,24,24,24,24,24,48,21,67,67,51,41,18,18,18,42,42,42,42,2,0],"gold":125,"neow_bonus":"TEN_PERCENT_HP_BONUS","is_prod":false,"is_daily":false,"chose_seed":false,"campfire_upgraded":6,"win_rate":0,"timestamp":1550110049,"path_taken":["M","M","M","M","$","R","M","?","T","M","?","?","$","?","R","BOSS","M","M","M","$","M","R","E","R","T","R","M","?","R","?","R","BOSS","M","M","?","M","$","?","R","M","T","R","M","?"],"build_version":"2019-01-23","purchased_purges":4,"victory":false,"max_hp_per_floor":[82,82,82,82,82,82,82,82,82,82,82,82,82,82,82,82,82,82,82,82,82,82,82,82,82,82,82,82,82,82,82,82,82,82,82,82,82,82,82,82,82,82,82,82,82,82],"card_choices":[{"not_picked":["Heatsinks","Hello World"],"picked":"Hologram","floor":1.0},{"not_picked":["Leap","Compile Driver","Melter"],"picked":"SKIP","floor":2.0},{"not_picked":["Leap","Chaos","Rebound"],"picked":"SKIP","floor":3.0},{"not_picked":["Rebound","Hologram"],"picked":"Coolheaded","floor":4.0},{"not_picked":["All For One","Turbo","White Noise"],"picked":"SKIP","floor":7.0},{"not_picked":["Darkness","Reinforced Body","Steam"],"picked":"SKIP","floor":8.0},{"not_picked":["Chaos","Tempest","Steam"],"picked":"SKIP","floor":10.0},{"not_picked":["Fusion","Ball Lightning"],"picked":"Defragment","floor":14.0},{"not_picked":["Thunder Strike","Buffer"],"picked":"Machine Learning","floor":16.0},{"not_picked":["BootSequence","Conserve Battery"],"picked":"Barrage","floor":18.0},{"not_picked":["Static Discharge","Tempest","Beam Cell"],"picked":"SKIP","floor":19.0},{"not_picked":["Steam","Turbo","Compile Driver"],"picked":"SKIP","floor":20.0},{"not_picked":["Capacitor","Conserve Battery+1"],"picked":"Glacier","floor":22.0},{"not_picked":["FTL+1","Recycle"],"picked":"Blizzard","floor":24.0},{"not_picked":["Darkness","White Noise","Go for the Eyes"],"picked":"SKIP","floor":28.0},{"not_picked":["Seek","Rainbow"],"picked":"Electrodynamics","floor":33.0},{"not_picked":["Barrage+1","Streamline","Ball Lightning+1"],"picked":"SKIP","floor":35.0},{"not_picked":["Rip and Tear","Fusion","Cold Snap"],"picked":"SKIP","floor":36.0},{"not_picked":["Stack","Steam+1","Streamline"],"picked":"SKIP","floor":38.0},{"not_picked":["Steam","Sweeping Beam","Rebound"],"picked":"SKIP","floor":42.0},{"not_picked":["Reprogram","Conserve Battery"],"picked":"Loop","floor":45.0}],"player_experience":922486,"relics_obtained":[{"floor":9.0,"key":"Cables"},{"floor":11.0,"key":"DataDisk"},{"floor":24.0,"key":"Happy Flower"},{"floor":26.0,"key":"Girya"},{"floor":43.0,"key":"PreservedInsect"}],"event_choices":[{"damage_healed":0.0,"max_hp_gain":0.0,"max_hp_loss":0.0,"gold_gain":0.0,"event_name":"Scrap Ooze","player_choice":"Fled","floor":12.0,"gold_loss":0.0,"damage_taken":0.0},{"damage_healed":0.0,"max_hp_gain":0.0,"max_hp_loss":0.0,"gold_gain":0.0,"event_name":"Drug Dealer","player_choice":"Inject Mutagens","floor":29.0,"gold_loss":0.0,"damage_taken":0.0,"relics_obtained":["MutagenicStrength"]},{"damage_healed":0.0,"max_hp_gain":0.0,"max_hp_loss":0.0,"gold_gain":0.0,"event_name":"Cursed Tome","player_choice":"Ignored","floor":31.0,"gold_loss":0.0,"damage_taken":0.0},{"damage_healed":0.0,"max_hp_gain":0.0,"max_hp_loss":0.0,"gold_gain":0.0,"event_name":"Winding Halls","player_choice":"Embrace Madness","floor":37.0,"gold_loss":0.0,"damage_taken":10.0,"cards_obtained":["Madness","Madness"]},{"cards_removed":["Defend_B"],"damage_healed":0.0,"max_hp_gain":0.0,"max_hp_loss":0.0,"gold_gain":0.0,"event_name":"Purifier","player_choice":"Purged","floor":40.0,"gold_loss":0.0,"damage_taken":0.0}],"is_beta":false,"boss_relics":[{"not_picked":["Runic Dome","Black Star"],"picked":"Inserter"},{"not_picked":["Orrery","Coffee Dripper"],"picked":"Philosopher\u0027s Stone"}],"items_purged_floors":[5,13,21,39],"is_endless":false,"potions_floor_spawned":[3,7,10,16,18,20,28,33,38],"killed_by":"Writhing Mass","ascension_level":12}