{"gold_per_floor":[113,131,147,147,166,166,198,198,198,213,37,37,56,67,67,67],"floor_reached":16,"playtime":3409,"items_purged":[],"score":104,"play_id":"3b8c7130-7bb0-468d-be5e-714202e276fd","local_time":"20191007003557","is_ascension_mode":false,"campfire_choices":[{"data":"Clothesline","floor":6,"key":"SMITH"},{"data":"Sword Boomerang","floor":8,"key":"SMITH"},{"floor":15,"key":"REST"}],"neow_cost":"NONE","seed_source_timestamp":253552622692300,"circlet_count":0,"master_deck":["Strike_R","Strike_R","Strike_R","Strike_R","Strike_R","Defend_R","Defend_R","Defend_R+1","Defend_R+1","Bash+1","Sword Boomerang+1","True Grit","Armaments+1","Clothesline+1","Shrug It Off+1","Headbutt","Warcry","Perfected Strike","Pummel"],"relics":["Burning Blood","War Paint","Potion Belt","Lantern"],"potions_floor_usage":[],"damage_taken":[{"damage":12,"enemies":"2 Louse","floor":1,"turns":2},{"damage":0,"enemies":"Cultist","floor":2,"turns":3},{"damage":6,"enemies":"Jaw Worm","floor":3,"turns":3},{"damage":1,"enemies":"Red Slaver","floor":5,"turns":5},{"damage":56,"enemies":"3 Sentries","floor":7,"turns":11},{"damage":9,"enemies":"Looter","floor":10,"turns":4},{"damage":3,"enemies":"Large Slime","floor":13,"turns":8},{"damage":0,"enemies":"3 Louse","floor":14,"turns":4},{"damage":66,"enemies":"Slime Boss","floor":16,"turns":8}],"seed_played":"-4450133111838244697","potions_obtained":[{"floor":10,"key":"EssenceOfSteel"},{"floor":13,"key":"Strength Potion"}],"is_trial":false,"path_per_floor":["M","M","M","?","M","R","E","R","T","M","$","?","M","M","R","B"],"character_chosen":"IRONCLAD","items_purchased":["Warcry","Lantern"],"campfire_rested":1,"item_purchase_floors":[11,11],"current_hp_per_floor":[74,80,80,80,80,80,30,30,30,27,27,27,30,36,60,0],"gold":67,"neow_bonus":"UPGRADE_CARD","is_prod":false,"is_daily":false,"chose_seed":false,"campfire_upgraded":2,"win_rate":0,"timestamp":1570426557,"path_taken":["M","M","M","?","?","R","E","R","T","M","?","?","?","M","R","BOSS"],"build_version":"2019-07-17","purchased_purges":0,"victory":false,"max_hp_per_floor":[80,80,80,80,80,80,80,80,80,80,80,80,80,80,80,80],"card_choices":[{"not_picked":["Twin Strike","Wild Strike"],"picked":"Sword Boomerang","floor":1},{"not_picked":["Clash","Combust"],"picked":"True Grit","floor":2},{"not_picked":["Anger","Carnage"],"picked":"Armaments","floor":3},{"not_picked":["Feed","Blood for Blood"],"picked":"Clothesline","floor":5},{"not_picked":["Twin Strike","Entrench"],"picked":"Shrug It Off","floor":7},{"not_picked":["Clothesline","Heavy Blade"],"picked":"Headbutt","floor":10},{"not_picked":["Wild Strike","Intimidate"],"picked":"Perfected Strike","floor":13},{"not_picked":["Sword Boomerang","Heavy Blade"],"picked":"Pummel","floor":14}],"player_experience":99244,"relics_obtained":[{"floor":7,"key":"War Paint"},{"floor":9,"key":"Potion Belt"}],"event_choices":[{"damage_healed":0,"gold_gain":0,"player_choice":"Forge","damage_taken":0,"max_hp_gain":0,"max_hp_loss":0,"event_name":"Accursed Blacksmith","floor":4,"gold_loss":0,"cards_upgraded":["Armaments"]},{"damage_healed":0,"gold_gain":0,"player_choice":"Upgraded","damage_taken":0,"max_hp_gain":0,"max_hp_loss":0,"event_name":"Upgrade Shrine","floor":12,"gold_loss":0,"cards_upgraded":["Shrug It Off"]}],"is_beta":false,"boss_relics":[],"items_purged_floors":[],"is_endless":false,"potions_floor_spawned":[10,13],"killed_by":"Slime Boss","ascension_level":0}