{"gold_per_floor":[116,116,116,131,131,161,161,178,178,211,211,56,83,100,100,204,204,220,236,248,9,9,35,35,51,75,75,75,75,75,91,91,190,240,255,269,369,415,8,36,36,36,36,63,63,83,83,97,97,97],"floor_reached":51,"playtime":3058,"items_purged":["Strike_B","Strike_B+1"],"score":1165,"play_id":"dca04a0a-e1c5-4903-bf55-849beba35140","local_time":"20190901213259","is_ascension_mode":true,"campfire_choices":[{"data":"Blizzard","floor":7,"key":"SMITH"},{"data":"Seek","floor":11,"key":"SMITH"},{"floor":15,"key":"REST"},{"floor":24,"key":"REST"},{"floor":30,"key":"REST"},{"floor":32,"key":"REST"},{"floor":45,"key":"REST"},{"data":"Defragment","floor":47,"key":"SMITH"},{"data":"Defragment","floor":49,"key":"SMITH"}],"neow_cost":"NONE","seed_source_timestamp":1622028866746294,"circlet_count":0,"master_deck":["Strike_B+1","Strike_B+1","Defend_B+1","Defend_B+1","Defend_B+1","Defend_B+1","Zap","Dualcast","Blizzard+1","Cold Snap","Cold Snap","Barrage","Seek+1","Defragment+1","Cold Snap","Buffer","Conserve Battery","Barrage","Defragment+1","Defragment+1","Biased Cognition","Cold Snap+1","Seek+1","Ghostly","Ghostly","Ghostly","Ghostly","Ghostly","Electrodynamics","Redo+1","Loop+1","Loop","Compile Driver","Master of Strategy","Finesse"],"relics":["Cracked Core","NeowsBlessing","Emotion Chip","The Courier","Potion Belt","Oddly Smooth Stone","Matryoshka","Inserter","DataDisk","Omamori","Symbiotic Virus","Juzu Bracelet","Tiny House","Mango","Pocketwatch","Blood Vial","Bottled Lightning","Vajra","Pantograph","Happy Flower"],"potions_floor_usage":[16,23,23,33,38,50,50],"damage_taken":[{"damage":0,"enemies":"2 Louse","floor":1,"turns":1},{"damage":0,"enemies":"Cultist","floor":4,"turns":1},{"damage":0,"enemies":"Gremlin Nob","floor":6,"turns":1},{"damage":0,"enemies":"Small Slimes","floor":8,"turns":3},{"damage":12,"enemies":"3 Sentries","floor":10,"turns":7},{"damage":11,"enemies":"Gremlin Nob","floor":13,"turns":4},{"damage":5,"enemies":"Blue Slaver","floor":14,"turns":3},{"damage":23,"enemies":"Slime Boss","floor":16,"turns":13},{"damage":4,"enemies":"Spheric Guardian","floor":18,"turns":4},{"damage":7,"enemies":"Shell Parasite","floor":19,"turns":9},{"damage":23,"enemies":"Shelled Parasite and Fungi","floor":20,"turns":8},{"damage":52,"enemies":"Slavers","floor":23,"turns":7},{"damage":25,"enemies":"Snake Plant","floor":25,"turns":4},{"damage":0,"enemies":"Sentry and Sphere","floor":31,"turns":7},{"damage":21,"enemies":"Collector","floor":33,"turns":12},{"damage":3,"enemies":"Orb Walker","floor":35,"turns":4},{"damage":0,"enemies":"3 Shapes","floor":36,"turns":4},{"damage":0,"enemies":"Mind Bloom Boss Battle","floor":37,"turns":7},{"damage":4,"enemies":"2 Orb Walkers","floor":38,"turns":4},{"damage":11,"enemies":"Giant Head","floor":40,"turns":10},{"damage":4,"enemies":"Sphere and 2 Shapes","floor":46,"turns":5},{"damage":2,"enemies":"Transient","floor":48,"turns":5},{"damage":0,"enemies":"Donu and Deca","floor":50,"turns":7}],"seed_played":"-3676913553785079375","potions_obtained":[{"floor":8,"key":"SpeedPotion"},{"floor":14,"key":"SteroidPotion"},{"floor":16,"key":"Poison Potion"},{"floor":25,"key":"FearPotion"},{"floor":31,"key":"Explosive Potion"},{"floor":33,"key":"SteroidPotion"},{"floor":34,"key":"AttackPotion"},{"floor":36,"key":"FocusPotion"},{"floor":38,"key":"Fruit Juice"},{"floor":40,"key":"Block Potion"},{"floor":46,"key":"FocusPotion"}],"is_trial":false,"path_per_floor":["M","?","?","M","?","E","R","M","T","E","R","$","E","M","R","B",null,"M","M","M","$","?","E","R","M","T","?","?","?","R","M","R","B",null,"M","M","?","?","$","E","$","?","T","T","R","M","R","M","R","B",null],"character_chosen":"DEFECT","items_purchased":["Defragment","Oddly Smooth Stone","DataDisk","Defragment","Master of Strategy","Blood Vial","Finesse"],"campfire_rested":5,"item_purchase_floors":[12,12,21,21,39,39,39],"current_hp_per_floor":[68,68,68,68,68,68,68,68,68,56,56,56,45,40,62,39,66,62,55,32,32,57,5,27,2,2,2,2,2,13,13,24,3,34,31,31,45,46,46,37,37,37,37,37,55,53,53,53,53,61],"gold":97,"neow_bonus":"THREE_ENEMY_KILL","is_prod":false,"is_daily":false,"chose_seed":false,"campfire_upgraded":4,"win_rate":0,"timestamp":1567398779,"path_taken":["M","?","?","?","?","E","R","M","T","E","R","$","E","M","R","BOSS","M","M","M","$","?","E","R","M","T","?","?","?","R","M","R","BOSS","M","M","?","?","?","E","$","?","T","?","R","M","R","M","R","BOSS"],"build_version":"2019-07-17","purchased_purges":2,"victory":true,"max_hp_per_floor":[75,75,75,75,75,75,75,75,75,75,75,75,75,75,75,75,75,75,75,75,75,75,75,75,75,75,75,75,37,37,37,37,37,42,42,42,56,61,61,61,61,61,61,61,61,61,61,61,61,61],"card_choices":[{"not_picked":["Hologram","Barrage"],"picked":"Blizzard","floor":1},{"not_picked":["Skim","FTL"],"picked":"Cold Snap","floor":4},{"not_picked":["Redo","Turbo"],"picked":"Cold Snap","floor":6},{"not_picked":["Rip and Tear","Skim"],"picked":"Barrage","floor":8},{"not_picked":["Reinforced Body","Hello World"],"picked":"Seek","floor":10},{"not_picked":["Compile Driver","Recycle","Gash"],"picked":"SKIP","floor":13},{"not_picked":["Sunder","Beam Cell"],"picked":"Cold Snap","floor":14},{"not_picked":["Fission","Reboot"],"picked":"Buffer","floor":16},{"not_picked":["Sweeping Beam","Reprogram"],"picked":"Conserve Battery","floor":18},{"not_picked":["Turbo","Sweeping Beam"],"picked":"Barrage","floor":19},{"not_picked":["Leap","FTL+1"],"picked":"Defragment","floor":20},{"not_picked":["Auto Shields","Turbo"],"picked":"Biased Cognition","floor":23},{"not_picked":["Conserve Battery","White Noise+1"],"picked":"Cold Snap+1","floor":25},{"not_picked":["Sweeping Beam","Cold Snap","Compile Driver"],"picked":"SKIP","floor":31},{"not_picked":["All For One","Multi-Cast"],"picked":"Electrodynamics","floor":33},{"not_picked":["Steam","Barrage"],"picked":"Redo+1","floor":34},{"not_picked":["Heatsinks+1","FTL+1"],"picked":"Loop+1","floor":35},{"not_picked":["Storm","Aggregate"],"picked":"Loop","floor":36},{"not_picked":["Tempest","Go for the Eyes"],"picked":"Compile Driver","floor":37},{"not_picked":["Steam+1","Redo+1","Genetic Algorithm"],"picked":"SKIP","floor":40},{"not_picked":["Steam+1","Redo+1","Genetic Algorithm"],"picked":"SKIP","floor":40},{"not_picked":["Core Surge","Auto Shields","Force Field"],"picked":"SKIP","floor":46},{"not_picked":["Conserve Battery","Go for the Eyes+1","Cold Snap"],"picked":"SKIP","floor":48}],"player_experience":754958,"relics_obtained":[{"floor":6,"key":"Emotion Chip"},{"floor":9,"key":"The Courier"},{"floor":10,"key":"Potion Belt"},{"floor":13,"key":"Matryoshka"},{"floor":23,"key":"Omamori"},{"floor":26,"key":"Symbiotic Virus"},{"floor":26,"key":"Juzu Bracelet"},{"floor":37,"key":"Mango"},{"floor":38,"key":"Pocketwatch"},{"floor":40,"key":"Bottled Lightning"},{"floor":43,"key":"Vajra"},{"floor":43,"key":"Pantograph"},{"floor":44,"key":"Happy Flower"}],"event_choices":[{"damage_healed":0,"gold_gain":0,"player_choice":"Fled","damage_taken":0,"max_hp_gain":0,"max_hp_loss":0,"event_name":"Scrap Ooze","floor":2,"gold_loss":0},{"damage_healed":0,"gold_gain":0,"player_choice":"Bought 0 Potions","damage_taken":0,"max_hp_gain":0,"max_hp_loss":0,"event_name":"The Woman in Blue","floor":3,"gold_loss":0},{"damage_healed":0,"gold_gain":0,"player_choice":"Ignored","damage_taken":0,"max_hp_gain":0,"max_hp_loss":0,"event_name":"Liars Game","floor":5,"gold_loss":0},{"damage_healed":25,"gold_gain":0,"player_choice":"Heal","damage_taken":0,"max_hp_gain":0,"max_hp_loss":0,"event_name":"The Library","floor":22,"gold_loss":0},{"damage_healed":0,"gold_gain":0,"player_choice":"Simplicity","damage_taken":0,"max_hp_gain":0,"max_hp_loss":0,"event_name":"Back to Basics","floor":27,"gold_loss":0,"cards_upgraded":["Strike_B","Strike_B","Strike_B","Defend_B","Defend_B","Defend_B","Defend_B"]},{"damage_healed":0,"gold_gain":0,"player_choice":"Copied","damage_taken":0,"max_hp_gain":0,"max_hp_loss":0,"event_name":"Duplicator","floor":28,"gold_loss":0,"cards_obtained":["Seek"]},{"damage_healed":0,"gold_gain":0,"player_choice":"Became a Ghost","damage_taken":0,"max_hp_gain":0,"max_hp_loss":38,"event_name":"Ghosts","floor":29,"gold_loss":0,"cards_obtained":["Ghostly","Ghostly","Ghostly","Ghostly","Ghostly"]},{"damage_healed":0,"gold_gain":0,"player_choice":"Fight","damage_taken":0,"max_hp_gain":0,"max_hp_loss":0,"event_name":"MindBloom","floor":37,"gold_loss":0},{"damage_healed":0,"gold_gain":0,"player_choice":"Fight","damage_taken":0,"max_hp_gain":0,"max_hp_loss":0,"event_name":"Mysterious Sphere","floor":38,"gold_loss":0},{"damage_healed":0,"gold_gain":0,"player_choice":"Leave","damage_taken":0,"max_hp_gain":0,"max_hp_loss":0,"event_name":"FaceTrader","floor":42,"gold_loss":0}],"is_beta":false,"boss_relics":[{"not_picked":["Empty Cage","White Beast Statue"],"picked":"Inserter"},{"not_picked":["Black Star","Pandora\u0027s Box"],"picked":"Tiny House"}],"items_purged_floors":[21,39],"is_endless":false,"potions_floor_spawned":[8,14,16,25,31,33,36,38,40,46],"ascension_level":8}