{"gold_per_floor":[113,39,52,52,63,63,63,78,102,27,39,54,66,80,80,185,235,175,175,175],"floor_reached":20,"playtime":1118,"items_purged":["Strike_B"],"score":257,"play_id":"8c0c34e0-ccc0-495a-8ad2-b4fcbecf3bd4","local_time":"20190105120919","is_ascension_mode":true,"campfire_choices":[{"data":"Zap","floor":6,"key":"SMITH"},{"data":"Hologram","floor":15,"key":"SMITH"}],"neow_cost":"NONE","seed_source_timestamp":4566090928565,"circlet_count":0,"master_deck":["AscendersBane","Strike_B","Strike_B","Defend_B","Defend_B","Defend_B","Defend_B","Zap+1","Capacitor","Self Repair","Hologram+1","Ball Lightning+1","Chill","Coolheaded","Echo Form","Sunder"],"relics":["Cracked Core","Potion Belt","Orichalcum","Tiny House","MutagenicStrength"],"potions_floor_usage":[5,12,18],"damage_taken":[{"damage":2,"enemies":"Jaw Worm","floor":1,"turns":3},{"damage":13,"enemies":"Small Slimes","floor":3,"turns":4},{"damage":4,"enemies":"Cultist","floor":5,"turns":6},{"damage":10,"enemies":"Large Slime","floor":8,"turns":6},{"damage":6,"enemies":"Blue Slaver","floor":11,"turns":3},{"damage":8,"enemies":"Exordium Thugs","floor":12,"turns":4},{"damage":6,"enemies":"2 Fungi Beasts","floor":13,"turns":3},{"damage":8,"enemies":"Red Slaver","floor":14,"turns":3},{"damage":36,"enemies":"Hexaghost","floor":16,"turns":11},{"damage":19,"enemies":"2 Thieves","floor":18,"turns":4},{"damage":2,"enemies":"3 Byrds","floor":20,"turns":3}],"seed_played":"631161575003457218","potions_obtained":[{"floor":1,"key":"SkillPotion"},{"floor":8,"key":"Fire Potion"},{"floor":11,"key":"Energy Potion"},{"floor":16,"key":"SteroidPotion"},{"floor":17,"key":"Swift Potion"}],"is_trial":false,"path_per_floor":["M","$","M","?","M","R","?","M","T","$","M","M","M","M","R","B",null,"M","?","M"],"character_chosen":"DEFECT","items_purchased":["Self Repair"],"campfire_rested":0,"item_purchase_floors":[2],"current_hp_per_floor":[66,66,60,53,56,56,56,53,53,53,54,53,54,53,53,24,67,55,55,53],"gold":175,"neow_bonus":"RANDOM_COMMON_RELIC","is_prod":false,"is_daily":false,"chose_seed":false,"campfire_upgraded":2,"win_rate":0,"timestamp":1546718959,"path_taken":["M","$","M","?","M","R","?","?","T","$","M","M","M","M","R","BOSS","M","?","M"],"build_version":"2019-01-03v4","purchased_purges":1,"victory":false,"max_hp_per_floor":[75,75,75,75,75,75,75,75,75,75,75,75,75,75,75,75,80,80,80,80],"card_choices":[{"not_picked":["Consume","Redo"],"picked":"Capacitor","floor":1},{"not_picked":["Streamline","Static Discharge"],"picked":"Hologram","floor":3},{"not_picked":["Chaos","Steam Power"],"picked":"Ball Lightning","floor":5},{"not_picked":["Undo","Hologram","Beam Cell"],"picked":"SKIP","floor":8},{"not_picked":["Compile Driver","Biased Cognition"],"picked":"Chill","floor":11},{"not_picked":["Gash","Consume","Redo"],"picked":"SKIP","floor":12},{"not_picked":["Barrage","Redo","Ball Lightning"],"picked":"SKIP","floor":13},{"not_picked":["Streamline","Hologram"],"picked":"Coolheaded","floor":14},{"not_picked":["Seek","Amplify"],"picked":"Echo Form","floor":16},{"not_picked":["Beam Cell","Cold Snap"],"picked":"Sunder","floor":18}],"player_experience":746972,"relics_obtained":[{"floor":9,"key":"Orichalcum"}],"event_choices":[{"cards_removed":["Dualcast"],"damage_healed":0,"gold_gain":0,"player_choice":"Card Removal","damage_taken":7,"max_hp_gain":0,"max_hp_loss":0,"event_name":"Golden Wing","floor":4,"gold_loss":0},{"cards_removed":["Strike_B"],"damage_healed":0,"gold_gain":0,"player_choice":"Purged","damage_taken":0,"max_hp_gain":0,"max_hp_loss":0,"event_name":"Purifier","floor":7,"gold_loss":0},{"damage_healed":0,"gold_gain":0,"player_choice":"Inject Mutagens","damage_taken":0,"relics_obtained":["MutagenicStrength"],"max_hp_gain":0,"max_hp_loss":0,"event_name":"Drug Dealer","floor":19,"gold_loss":0}],"is_beta":false,"boss_relics":[{"not_picked":["White Beast Statue","Fusion Hammer"],"picked":"Tiny House"}],"items_purged_floors":[10],"is_endless":false,"potions_floor_spawned":[1,8,11,16],"killed_by":"3 Byrds","ascension_level":11}