{"path_per_floor":["M","M","?","?","M","?","M","R","T","?","M","R","$","M","R","B",null,"M","$","?","M","M","R","M","$","T","M","?","M","R","$","R","B",null,"M","?","M","M","$","R","M","R","T","M","R"],"character_chosen":"DEFECT","items_purchased":["Redo","Rip and Tear","Defragment","Leap","Reinforced Body","Loop"],"gold_per_floor":[114,124,124,124,136,136,149,149,149,224,239,239,46,64,64,160,160,172,42,42,54,67,67,83,6,77,93,93,105,105,5,5,105,105,120,120,135,155,82,82,100,100,100,111,111,111],"floor_reached":46,"campfire_rested":3,"playtime":8156,"item_purchase_floors":[13,13,19,19,25,39],"current_hp_per_floor":[73,72,72,72,72,77,67,67,67,56,53,53,53,44,44,4,80,80,80,80,78,69,69,61,61,61,50,50,48,48,48,72,3,80,74,74,74,22,22,22,4,28,28,15,39,0],"items_purged":["Strike_B","Dualcast"],"gold":111,"score":414,"play_id":"f5f9341c-7ac7-4ad5-8388-933a36f8732f","local_time":"20180603212605","is_prod":false,"is_daily":false,"chose_seed":false,"is_ascension_mode":false,"campfire_upgraded":6,"win_rate":0.0,"timestamp":1528086365,"campfire_choices":[{"data":"Zap","floor":8,"key":"SMITH"},{"data":"Fusion","floor":12,"key":"SMITH"},{"data":"Glacier","floor":15,"key":"SMITH"},{"data":"Defragment","floor":23,"key":"SMITH"},{"data":"Rainbow","floor":30,"key":"SMITH"},{"floor":32,"key":"REST"},{"data":"Loop","floor":40,"key":"SMITH"},{"floor":42,"key":"REST"},{"floor":45,"key":"REST"}],"path_taken":["M","M","?","?","?","?","M","R","T","?","?","R","?","M","R","BOSS","M","$","?","M","M","R","?","?","T","M","?","M","R","$","R","BOSS","M","?","M","M","$","R","M","R","T","M","R","E"],"build_version":"2018-05-31","seed_source_timestamp":26867427369044,"purchased_purges":2,"victory":false,"master_deck":["Strike_B","Strike_B","Strike_B","Defend_B","Defend_B","Defend_B","Defend_B","Zap+1","Barrage","Fusion+1","Coolheaded","Redo","Hologram","Static Discharge","Redo","Rip and Tear","Glacier+1","Rainbow+1","Defragment+1","Leap","Coolheaded","Barrage","Streamline","Reinforced Body","Chaos","Reprogram","Seek","Rebound+1","Loop+1","Beam Cell+1"],"max_hp_per_floor":[75,75,75,75,75,80,80,80,80,80,80,80,80,80,80,80,80,80,80,80,80,80,80,80,80,80,80,80,80,80,80,80,80,80,80,80,80,80,80,80,80,80,80,80,80,80],"relics":["Cracked Core","Happy Flower","Sozu","Molten Egg 2","Lizard Tail","Pantograph"],"card_choices":[{"not_picked":["Stack","Reprogram"],"picked":"Barrage","floor":0},{"not_picked":["Hologram","Coolheaded"],"picked":"Fusion","floor":1},{"not_picked":["Go for the Eyes","Hologram"],"picked":"Coolheaded","floor":2},{"not_picked":["Sweeping Beam","Chill"],"picked":"Redo","floor":5},{"not_picked":["Stack","Conserve Battery"],"picked":"Hologram","floor":7},{"not_picked":["Lockon","Coolheaded"],"picked":"Static Discharge","floor":11},{"not_picked":["Coolheaded","Thunder Strike"],"picked":"Glacier","floor":14},{"not_picked":["Creative AI","Thunder Strike"],"picked":"Rainbow","floor":16},{"not_picked":["Compile Driver","Fusion","Redo"],"picked":"SKIP","floor":18},{"not_picked":["Gash","Redo"],"picked":"Coolheaded","floor":21},{"not_picked":["Rebound","Sweeping Beam"],"picked":"Barrage","floor":22},{"not_picked":["Barrage","Capacitor+1"],"picked":"Streamline","floor":24},{"not_picked":["Sweeping Beam+1","Skim"],"picked":"Chaos","floor":27},{"not_picked":["Leap","Hologram"],"picked":"Reprogram","floor":29},{"not_picked":["Reboot","Biased Cognition"],"picked":"Seek","floor":33},{"not_picked":["Barrage+1","Conserve Battery+1"],"picked":"Rebound+1","floor":35},{"not_picked":["Rip and Tear+1","Cold Snap+1","Capacitor"],"picked":"SKIP","floor":37},{"not_picked":["Go for the Eyes+1","Hologram+1","Streamline+1"],"picked":"SKIP","floor":38},{"not_picked":["Blizzard+1","Cold Snap+1"],"picked":"Beam Cell+1","floor":41},{"not_picked":["Chaos+1","Beam Cell+1","Reinforced Body"],"picked":"SKIP","floor":44}],"player_experience":345498,"potions_floor_usage":[11,16],"damage_taken":[{"damage":2,"enemies":"Small Slimes","floor":1,"turns":3},{"damage":1,"enemies":"Cultist","floor":2,"turns":4},{"damage":0,"enemies":"Jaw Worm","floor":5,"turns":5},{"damage":10,"enemies":"Blue Slaver","floor":7,"turns":4},{"damage":3,"enemies":"Looter","floor":11,"turns":3},{"damage":9,"enemies":"3 Louse","floor":14,"turns":2},{"damage":40,"enemies":"The Guardian","floor":16,"turns":19},{"damage":0,"enemies":"Shell Parasite","floor":18,"turns":5},{"damage":2,"enemies":"3 Byrds","floor":21,"turns":5},{"damage":9,"enemies":"Centurion and Healer","floor":22,"turns":26},{"damage":8,"enemies":"Snecko","floor":24,"turns":6},{"damage":11,"enemies":"Snake Plant","floor":27,"turns":4},{"damage":2,"enemies":"Sentry and Sphere","floor":29,"turns":8},{"damage":69,"enemies":"Automaton","floor":33,"turns":13},{"damage":6,"enemies":"Orb Walker","floor":35,"turns":4},{"damage":0,"enemies":"3 Shapes","floor":37,"turns":6},{"damage":52,"enemies":"3 Darklings","floor":38,"turns":7},{"damage":18,"enemies":"Sphere and 2 Shapes","floor":41,"turns":7},{"damage":13,"enemies":"Maw","floor":44,"turns":7},{"damage":105,"enemies":"Giant Head","floor":46,"turns":10}],"relics_obtained":[{"floor":9,"key":"Happy Flower"},{"floor":26,"key":"Molten Egg 2"},{"floor":43,"key":"Pantograph"}],"event_choices":[{"event_name":"The Woman in Blue","player_choice":"Bought 0 Potions","floor":3,"damage_taken":0},{"event_name":"Liars Game","player_choice":"disagreed","floor":4,"damage_taken":0},{"event_name":"Big Fish","player_choice":"Donut","floor":6,"damage_taken":0},{"event_name":"World of Goop","player_choice":"Gather Gold","floor":10,"damage_taken":0},{"event_name":"The Mausoleum","player_choice":"No","floor":20,"damage_taken":0},{"event_name":"Vampires","player_choice":"Ignored","floor":28,"damage_taken":0},{"event_name":"SecretPortal","player_choice":"Rejected Portal.","floor":36,"damage_taken":0}],"boss_relics":[{"not_picked":["Astrolabe","Snecko Eye"],"picked":"Sozu"},{"not_picked":["Calling Bell","Orrery"],"picked":"Lizard Tail"}],"items_purged_floors":[13,31],"potions_floor_spawned":[1,14,18,24,35,38,41],"seed_played":"-3092483417211766280","killed_by":"Giant Head","ascension_level":0,"potions_obtained":[{"floor":1,"key":"Energy Potion"},{"floor":14,"key":"Block Potion"}],"is_trial":false}