{"gold_per_floor":[109,120,120,136,149,179,179,208,208,208,227,227,245,257,257,356,356,369,379,396,4,24,55,55,87,87,87,99,109,127,153,153,255,255,265,283,293,129,0,0,34,48,48,48,66,66,66,76,76,76],"floor_reached":51,"playtime":2868,"items_purged":[],"score":865,"play_id":"7b389337-f6f8-4f71-8327-a09060369d70","local_time":"20180826183651","is_ascension_mode":true,"campfire_choices":[{"floor":7,"key":"REST"},{"data":"Armaments","floor":12,"key":"SMITH"},{"data":"Clothesline","floor":15,"key":"SMITH"},{"floor":24,"key":"REST"},{"floor":27,"key":"REST"},{"floor":32,"key":"REST"},{"floor":40,"key":"REST"},{"floor":47,"key":"REST"},{"floor":49,"key":"REST"}],"neow_cost":"NONE","seed_source_timestamp":906009313990427,"circlet_count":0,"master_deck":["Strike_R","Strike_R+1","Strike_R","Strike_R+1","Strike_R","Defend_R","Defend_R","Defend_R","Defend_R","Bash+1","Clothesline+1","Clothesline+1","Armaments+1","Cleave","Blood for Blood","Brutality","Blood for Blood","Clothesline","Shrug It Off+1","Demon Form","Thunderclap","Shockwave+1","Dual Wield+1","Reaper","Whirlwind+1","Blood for Blood","Bludgeon","Carnage","Barricade","Juggernaut","Heavy Blade+1","Apotheosis"],"relics":["Snecko Eye","Red Skull","Darkstone Periapt","Kunai","Fusion Hammer","Bag of Preparation","Toy Ornithopter","Paper Frog","Boot","Whetstone","Sundial","Mark of Pain","Red Mask","War Paint","Art of War"],"potions_floor_usage":[8,13,18,23,23,31,50,50],"damage_taken":[{"damage":0,"enemies":"Small Slimes","floor":1,"turns":2},{"damage":4,"enemies":"Jaw Worm","floor":2,"turns":2},{"damage":0,"enemies":"Cultist","floor":4,"turns":2},{"damage":8,"enemies":"Looter","floor":5,"turns":3},{"damage":15,"enemies":"3 Sentries","floor":6,"turns":8},{"damage":13,"enemies":"Gremlin Nob","floor":8,"turns":3},{"damage":0,"enemies":"2 Fungi Beasts","floor":11,"turns":2},{"damage":0,"enemies":"Blue Slaver","floor":13,"turns":1},{"damage":0,"enemies":"Lots of Slimes","floor":14,"turns":3},{"damage":11,"enemies":"Hexaghost","floor":16,"turns":8},{"damage":3,"enemies":"3 Byrds","floor":18,"turns":4},{"damage":7,"enemies":"Spheric Guardian","floor":19,"turns":3},{"damage":6,"enemies":"3 Cultists","floor":20,"turns":5},{"damage":0,"enemies":"Centurion and Healer","floor":22,"turns":3},{"damage":13,"enemies":"Book of Stabbing","floor":23,"turns":4},{"damage":17,"enemies":"Gremlin Leader","floor":25,"turns":4},{"damage":14,"enemies":"Snake Plant","floor":28,"turns":3},{"damage":0,"enemies":"Snecko","floor":29,"turns":2},{"damage":11,"enemies":"Shelled Parasite and Fungi","floor":30,"turns":4},{"damage":38,"enemies":"Slavers","floor":31,"turns":3},{"damage":43,"enemies":"Collector","floor":33,"turns":4},{"damage":0,"enemies":"Orb Walker","floor":35,"turns":1},{"damage":26,"enemies":"3 Darklings","floor":36,"turns":3},{"damage":28,"enemies":"Flame Bruiser 2 Orb","floor":37,"turns":3},{"damage":9,"enemies":"2 Orb Walkers","floor":41,"turns":3},{"damage":15,"enemies":"4 Shapes","floor":42,"turns":5},{"damage":23,"enemies":"Spire Growth","floor":45,"turns":3},{"damage":19,"enemies":"Sphere and 2 Shapes","floor":48,"turns":4},{"damage":76,"enemies":"Time Eater","floor":50,"turns":7}],"seed_played":"6657639662382792598","potions_obtained":[{"floor":4,"key":"Energy Potion"},{"floor":5,"key":"AttackPotion"},{"floor":8,"key":"EssenceOfSteel"},{"floor":11,"key":"Energy Potion"},{"floor":16,"key":"EntropicBrew"},{"floor":19,"key":"PowerPotion"},{"floor":25,"key":"SpeedPotion"},{"floor":28,"key":"Poison Potion"},{"floor":29,"key":"FearPotion"},{"floor":35,"key":"Ancient Potion"},{"floor":42,"key":"Regen Potion"}],"is_trial":false,"path_per_floor":["M","M","?","M","M","E","R","E","T","?","M","R","M","M","R","B",null,"M","M","M","$","M","E","R","E","T","R","M","M","M","E","R","B",null,"M","M","M","$","?","R","E","M","T","?","M","?","R","M","R","B"],"character_chosen":"IRONCLAD","items_purchased":["Shockwave","Bag of Preparation","Toy Ornithopter","Barricade"],"campfire_rested":7,"item_purchase_floors":[21,21,21,38],"current_hp_per_floor":[80,76,60,60,52,37,61,48,48,48,48,48,48,48,48,37,80,77,70,64,64,64,61,80,63,63,80,66,66,69,36,60,47,80,80,54,53,53,53,77,68,63,63,63,40,40,64,45,69,32],"gold":76,"neow_bonus":"BOSS_RELIC","is_prod":false,"is_daily":false,"chose_seed":false,"campfire_upgraded":2,"win_rate":0,"timestamp":1535333811,"path_taken":["M","M","?","M","M","E","R","E","T","?","M","R","M","M","R","BOSS","M","M","M","$","M","E","R","E","T","R","?","M","M","E","R","BOSS","M","M","M","$","?","R","E","?","T","?","M","?","R","M","R","BOSS"],"build_version":"2018-08-23v2","purchased_purges":0,"victory":true,"max_hp_per_floor":[80,80,80,80,80,80,80,80,80,80,80,80,80,80,80,80,80,80,80,80,80,80,80,80,80,80,80,80,80,80,80,80,80,80,80,80,80,80,80,80,80,80,80,80,80,80,80,80,80,80],"card_choices":[{"not_picked":["Bloodletting","Searing Blow"],"picked":"Clothesline","floor":1},{"not_picked":["Clash","Fire Breathing"],"picked":"Clothesline","floor":2},{"not_picked":["Anger","True Grit"],"picked":"Armaments","floor":4},{"not_picked":["Battle Trance","Iron Wave"],"picked":"Cleave","floor":5},{"not_picked":["Shrug It Off","Thunderclap"],"picked":"Blood for Blood","floor":6},{"not_picked":["Battle Trance","True Grit"],"picked":"Brutality","floor":8},{"not_picked":["Sword Boomerang","Cleave"],"picked":"Blood for Blood","floor":11},{"not_picked":["Pommel Strike","True Grit"],"picked":"Clothesline","floor":13},{"not_picked":["True Grit","Pommel Strike"],"picked":"Shrug It Off","floor":14},{"not_picked":["Juggernaut","Berserk"],"picked":"Demon Form","floor":16},{"not_picked":["Armaments","Clash"],"picked":"Thunderclap","floor":18},{"not_picked":["Havoc+1","Anger","Disarm"],"picked":"SKIP","floor":19},{"not_picked":["Entrench","Sword Boomerang","Battle Trance"],"picked":"SKIP","floor":20},{"not_picked":["Thunderclap","Clash+1"],"picked":"Dual Wield+1","floor":22},{"not_picked":["Warcry","Sword Boomerang","Twin Strike"],"picked":"SKIP","floor":23},{"not_picked":["Warcry+1","Ghostly Armor"],"picked":"Reaper","floor":25},{"not_picked":["Body Slam+1","Second Wind"],"picked":"Whirlwind+1","floor":28},{"not_picked":["Bloodletting","Armaments"],"picked":"Blood for Blood","floor":29},{"not_picked":["Thunderclap+1","Iron Wave+1","Cleave"],"picked":"SKIP","floor":30},{"not_picked":["Warcry","Wild Strike","Rampage"],"picked":"SKIP","floor":31},{"not_picked":["Offering","Reaper"],"picked":"Bludgeon","floor":33},{"not_picked":["Bloodletting+1","Twin Strike+1","Clothesline"],"picked":"SKIP","floor":35},{"not_picked":["Havoc","Perfected Strike+1"],"picked":"Carnage","floor":36},{"not_picked":["Twin Strike","Hemokinesis+1","Perfected Strike"],"picked":"SKIP","floor":37},{"not_picked":["Barricade","Pommel Strike+1"],"picked":"Juggernaut","floor":41},{"not_picked":["Pummel","Warcry+1"],"picked":"Heavy Blade+1","floor":42},{"not_picked":["Jack Of All Trades","Forethought"],"picked":"Apotheosis","floor":44},{"not_picked":["Cleave","Entrench","Iron Wave+1"],"picked":"SKIP","floor":45},{"not_picked":["Searing Blow","Burning Pact","Corruption+1"],"picked":"SKIP","floor":48}],"player_experience":291056,"relics_obtained":[{"floor":6,"key":"Red Skull"},{"floor":8,"key":"Darkstone Periapt"},{"floor":9,"key":"Kunai"},{"floor":23,"key":"Paper Frog"},{"floor":25,"key":"Boot"},{"floor":26,"key":"Whetstone"},{"floor":31,"key":"Sundial"},{"floor":41,"key":"War Paint"},{"floor":43,"key":"Art of War"}],"event_choices":[{"event_name":"Shining Light","player_choice":"Entered Light","floor":3,"damage_taken":0},{"event_name":"Liars Game","player_choice":"disagreed","floor":10,"damage_taken":0},{"event_name":"Tomb of Lord Red Mask","player_choice":"Paid","floor":39,"damage_taken":0},{"event_name":"SensoryStone","player_choice":"Memory 1","floor":44,"damage_taken":0},{"event_name":"Mysterious Sphere","player_choice":"Ignore","floor":46,"damage_taken":0}],"is_beta":false,"boss_relics":[{"not_picked":["Runic Pyramid","Orrery"],"picked":"Fusion Hammer"},{"not_picked":["Empty Cage","Busted Crown"],"picked":"Mark of Pain"}],"items_purged_floors":[],"is_endless":false,"potions_floor_spawned":[4,5,8,11,16,19,20,25,28,29,35,41,42,48],"ascension_level":3}