{"gold_per_floor":[111,111,16,16,34,66,90,103,103,103,103,103,113,131,131,230,280,295,314,80,100,114,145,145,175,175,175,175,175],"floor_reached":29,"playtime":2429,"items_purged":[],"score":288,"play_id":"5c36d934-f135-4738-8f91-c0ad70725c1b","local_time":"20191006181012","is_ascension_mode":false,"campfire_choices":[{"data":"Streamline","floor":10,"key":"SMITH"},{"data":"Dualcast","floor":12,"key":"SMITH"},{"data":"Redo","floor":15,"key":"SMITH"},{"floor":24,"key":"REST"},{"floor":27,"key":"REST"}],"neow_cost":"NONE","seed_source_timestamp":103051988999800,"circlet_count":0,"master_deck":["Strike_B","Strike_B","Strike_B+1","Strike_B","Defend_B","Defend_B","Defend_B","Defend_B","Zap","Dualcast+1","Steam","Redo+1","Streamline+1","FTL","Ball Lightning","Lockon","Darkness","Static Discharge","Rainbow","Tempest","Stack","Compile Driver","Storm","Blizzard+1","Fusion+1","Reinforced Body","Sweeping Beam"],"relics":["Cracked Core","NeowsBlessing","FossilizedHelix","Odd Mushroom","Unceasing Top","Tiny House","Sling","Nunchaku","PreservedInsect","Pantograph"],"potions_floor_usage":[],"damage_taken":[{"damage":0,"enemies":"Jaw Worm","floor":1,"turns":1},{"damage":0,"enemies":"Small Slimes","floor":5,"turns":1},{"damage":0,"enemies":"Lagavulin","floor":6,"turns":1},{"damage":0,"enemies":"The Mushroom Lair","floor":7,"turns":4},{"damage":0,"enemies":"2 Louse","floor":8,"turns":2},{"damage":0,"enemies":"Exordium Thugs","floor":13,"turns":3},{"damage":0,"enemies":"Red Slaver","floor":14,"turns":3},{"damage":47,"enemies":"Hexaghost","floor":16,"turns":5},{"damage":2,"enemies":"Shell Parasite","floor":18,"turns":3},{"damage":0,"enemies":"Chosen","floor":19,"turns":4},{"damage":8,"enemies":"Centurion and Healer","floor":21,"turns":6},{"damage":8,"enemies":"Snecko","floor":22,"turns":4},{"damage":28,"enemies":"Slavers","floor":23,"turns":4},{"damage":52,"enemies":"Gremlin Leader","floor":25,"turns":9},{"damage":45,"enemies":"Shelled Parasite and Fungi","floor":29,"turns":3}],"seed_played":"-5711839016578066951","potions_obtained":[{"floor":1,"key":"Strength Potion"},{"floor":7,"key":"Weak Potion"},{"floor":8,"key":"Explosive Potion"}],"is_trial":false,"path_per_floor":["M","?","$","?","M","E","?","M","T","R","?","R","M","M","R","B",null,"M","M","$","M","M","E","R","E","T","R","?","M"],"character_chosen":"DEFECT","items_purchased":["Redo","Streamline","Sling","Storm"],"campfire_rested":2,"item_purchase_floors":[3,3,20,20],"current_hp_per_floor":[75,80,80,80,80,80,80,80,80,80,80,80,80,80,80,33,85,83,83,83,75,67,39,64,12,12,37,37,0],"gold":175,"neow_bonus":"THREE_ENEMY_KILL","is_prod":false,"is_daily":false,"chose_seed":false,"campfire_upgraded":3,"win_rate":0.0,"timestamp":1570410612,"path_taken":["M","?","$","?","?","E","?","M","T","R","?","R","?","M","R","BOSS","M","M","$","M","M","E","R","E","T","R","?","M"],"build_version":"2019-07-17","purchased_purges":0,"victory":false,"max_hp_per_floor":[75,80,80,80,80,80,80,80,80,80,80,80,80,80,80,80,85,85,85,85,85,85,85,85,85,85,85,85,85],"card_choices":[{"not_picked":["Blizzard","Stack"],"picked":"Steam","floor":1},{"not_picked":["Hello World","Lockon"],"picked":"FTL","floor":5},{"not_picked":["Gash","Capacitor"],"picked":"Ball Lightning","floor":6},{"not_picked":["White Noise","Compile Driver"],"picked":"Lockon","floor":7},{"not_picked":["Go for the Eyes","Chaos"],"picked":"Coolheaded","floor":8},{"not_picked":["Barrage","Coolheaded"],"picked":"Darkness","floor":13},{"not_picked":["Stack","Beam Cell"],"picked":"Static Discharge","floor":14},{"not_picked":["Fission","Machine Learning"],"picked":"Rainbow","floor":16},{"not_picked":["Leap","Storm"],"picked":"Tempest","floor":17},{"not_picked":["Static Discharge","Redo"],"picked":"Stack","floor":18},{"not_picked":["Seek","Leap+1"],"picked":"Compile Driver","floor":19},{"not_picked":["Compile Driver","Steam+1"],"picked":"Blizzard+1","floor":21},{"not_picked":["Compile Driver","Leap"],"picked":"Fusion","floor":22},{"not_picked":["Leap","Stack+1"],"picked":"Reinforced Body","floor":23},{"not_picked":["Force Field","Beam Cell"],"picked":"Sweeping Beam","floor":25}],"player_experience":8467,"relics_obtained":[{"floor":6,"key":"FossilizedHelix"},{"floor":7,"key":"Odd Mushroom"},{"floor":9,"key":"Unceasing Top"},{"floor":23,"key":"Nunchaku"},{"floor":25,"key":"PreservedInsect"},{"floor":26,"key":"Pantograph"}],"event_choices":[{"damage_healed":0,"gold_gain":0,"player_choice":"Donut","damage_taken":0,"max_hp_gain":5,"max_hp_loss":0,"event_name":"Big Fish","floor":2,"gold_loss":0},{"damage_healed":0,"gold_gain":0,"player_choice":"Fled","damage_taken":0,"max_hp_gain":0,"max_hp_loss":0,"event_name":"Scrap Ooze","floor":4,"gold_loss":0},{"damage_healed":0,"gold_gain":0,"player_choice":"Fought Mushrooms","damage_taken":0,"max_hp_gain":0,"max_hp_loss":0,"event_name":"Mushrooms","floor":7,"gold_loss":0},{"cards_removed":["Coolheaded"],"damage_healed":5,"gold_gain":0,"player_choice":"Offered Common","damage_taken":0,"max_hp_gain":0,"max_hp_loss":0,"event_name":"Bonfire Elementals","floor":11,"gold_loss":0},{"cards_removed":["Coolheaded"],"damage_healed":5,"gold_gain":0,"player_choice":"Offered Special","damage_taken":0,"max_hp_gain":0,"max_hp_loss":0,"event_name":"Bonfire Elementals","floor":11,"gold_loss":0},{"damage_healed":0,"gold_gain":0,"player_choice":"Upgraded","damage_taken":0,"max_hp_gain":0,"max_hp_loss":0,"event_name":"Upgrade Shrine","floor":28,"gold_loss":0,"cards_upgraded":["Fusion"]}],"is_beta":false,"boss_relics":[{"not_picked":["Busted Crown","Ectoplasm"],"picked":"Tiny House"}],"items_purged_floors":[],"is_endless":false,"potions_floor_spawned":[1,7,8,18,19,23],"killed_by":"Shelled Parasite and Fungi","ascension_level":0}