{"gold_per_floor":[114,127,145,95,95,122,122,122,122,122,142,153,185,203,203,304,304,314,239,79,94,108,143,143,168,468,468],"floor_reached":27,"playtime":1454,"items_purged":[],"score":329,"play_id":"e5c22550-d2a8-4219-b983-367002e98829","local_time":"20190127185840","is_ascension_mode":true,"campfire_choices":[{"data":"Barrage","floor":8.0,"key":"SMITH"},{"data":"Glacier","floor":15.0,"key":"SMITH"},{"floor":24,"key":"REST"}],"neow_cost":"NONE","seed_source_timestamp":0,"circlet_count":0,"master_deck":["Strike_B","Strike_B","Strike_B+1","Strike_B","Defend_B","Defend_B","Zap","Dualcast+1","Glacier+1","Ball Lightning","Coolheaded","Barrage+1","Capacitor","Glacier","Doom and Gloom+1","Core Surge","Leap","Static Discharge","Jack Of All Trades","Barrage","Self Repair","Blizzard"],"special_seed":0,"relics":["Cracked Core","Bag of Preparation","Pantograph","Regal Pillow","Happy Flower","Whetstone","Inserter","Kunai","Prayer Wheel","Old Coin"],"potions_floor_usage":[23,23,25,27],"damage_taken":[{"damage":0.0,"enemies":"2 Louse","floor":1.0,"turns":1.0},{"damage":0.0,"enemies":"Jaw Worm","floor":2.0,"turns":5.0},{"damage":0.0,"enemies":"Cultist","floor":3.0,"turns":2.0},{"damage":9.0,"enemies":"3 Sentries","floor":6.0,"turns":10.0},{"damage":4.0,"enemies":"Red Slaver","floor":11.0,"turns":3.0},{"damage":6.0,"enemies":"Gremlin Gang","floor":12.0,"turns":6.0},{"damage":16.0,"enemies":"Gremlin Nob","floor":13.0,"turns":5.0},{"damage":1.0,"enemies":"Looter","floor":14.0,"turns":2.0},{"damage":7.0,"enemies":"The Guardian","floor":16.0,"turns":9.0},{"damage":8.0,"enemies":"Chosen","floor":18.0,"turns":5.0},{"damage":2.0,"enemies":"Spheric Guardian","floor":21.0,"turns":3.0},{"damage":22,"enemies":"Snecko","floor":22,"turns":6},{"damage":31,"enemies":"Slavers","floor":23,"turns":3},{"damage":33,"enemies":"Book of Stabbing","floor":25,"turns":5},{"damage":27,"enemies":"Gremlin Leader","floor":27,"turns":5}],"seed_played":"3954070923377953235","potions_obtained":[{"floor":1.0,"key":"Explosive Potion"},{"floor":11.0,"key":"LiquidBronze"},{"floor":13.0,"key":"Fruit Juice"},{"floor":14.0,"key":"GamblersBrew"},{"floor":16.0,"key":"SpeedPotion"},{"floor":22,"key":"SkillPotion"},{"floor":23,"key":"LiquidBronze"}],"is_trial":false,"path_per_floor":["M","M","M","?","?","E","T","R","T","$","M","M","E","M","R","B",null,"M","?","$","M","M","E","R","E","T","E"],"character_chosen":"DEFECT","items_purchased":["Static Discharge","Jack Of All Trades"],"campfire_rested":1,"item_purchase_floors":[20,20],"current_hp_per_floor":[75,75,75,75,75,66,66,66,66,66,62,56,45,44,44,62,76,68,68,68,66,44,20,59,26,26,0],"gold":468,"neow_bonus":"RANDOM_COMMON_RELIC","is_prod":false,"is_daily":false,"chose_seed":false,"campfire_upgraded":2,"win_rate":0,"timestamp":1548644320,"path_taken":["M","M","M","?","?","E","?","R","T","?","M","M","E","M","R","BOSS","M","?","$","M","M","E","R","E","T","E"],"build_version":"2019-01-23","purchased_purges":0,"victory":false,"max_hp_per_floor":[75,75,75,75,75,75,75,75,75,75,75,75,80,80,80,80,80,80,80,80,80,80,80,80,80,80,80],"card_choices":[{"not_picked":["Scrape","Sweeping Beam"],"picked":"Glacier","floor":1.0},{"not_picked":["Chill","Rebound"],"picked":"Ball Lightning","floor":2.0},{"not_picked":["Leap","Self Repair"],"picked":"Coolheaded","floor":3.0},{"not_picked":["Fusion","Stack"],"picked":"Barrage","floor":6.0},{"not_picked":["Consume","Turbo"],"picked":"Capacitor","floor":11.0},{"not_picked":["Barrage","Streamline"],"picked":"Glacier","floor":12.0},{"not_picked":["Melter","Go for the Eyes"],"picked":"Doom and Gloom","floor":13.0},{"not_picked":["Rebound","Go for the Eyes","Gash"],"picked":"SKIP","floor":14.0},{"not_picked":["Meteor Strike","Amplify"],"picked":"Core Surge","floor":16.0},{"not_picked":["Genetic Algorithm","Steam"],"picked":"Leap","floor":18.0},{"not_picked":["Cold Snap","Static Discharge"],"picked":"Barrage","floor":21},{"not_picked":["Beam Cell+1","Ball Lightning"],"picked":"Self Repair","floor":22},{"not_picked":["Gash+1","Compile Driver","Conserve Battery"],"picked":"SKIP","floor":23},{"not_picked":["Hyperbeam","Skim+1"],"picked":"Blizzard","floor":25}],"player_experience":602135,"relics_obtained":[{"floor":6.0,"key":"Pantograph"},{"floor":7.0,"key":"Regal Pillow"},{"floor":9.0,"key":"Happy Flower"},{"floor":13.0,"key":"Whetstone"},{"floor":23,"key":"Kunai"},{"floor":25,"key":"Prayer Wheel"},{"floor":26,"key":"Old Coin"}],"event_choices":[{"cards_removed":["Defend_B"],"damage_healed":0.0,"max_hp_gain":0.0,"max_hp_loss":0.0,"gold_gain":0.0,"event_name":"The Cleric","player_choice":"Card Removal","floor":4.0,"gold_loss":50.0,"damage_taken":0.0},{"damage_healed":0.0,"max_hp_gain":0.0,"max_hp_loss":0.0,"gold_gain":0.0,"event_name":"Living Wall","player_choice":"Grow","floor":5.0,"gold_loss":0.0,"damage_taken":0.0,"cards_upgraded":["Dualcast"]},{"cards_removed":["Defend_B"],"damage_healed":0.0,"max_hp_gain":0.0,"max_hp_loss":0.0,"gold_gain":0.0,"event_name":"Beggar","player_choice":"Gave Gold","floor":19.0,"gold_loss":75.0,"damage_taken":0.0}],"is_beta":false,"boss_relics":[{"not_picked":["Eternal Feather","Black Star"],"picked":"Inserter"}],"items_purged_floors":[],"is_endless":false,"potions_floor_spawned":[1,11,13,14,16,22,23],"killed_by":"Gremlin Leader","ascension_level":5}