{"path_per_floor":["M","M","?","M","M","R","$","M","T","R","M","R","M","M","R","B",null,"M","?","?","M","T","R","M","M","T","M","M","M","R","$","R","B",null,"M","$","M","$","M","M","R","?","T","M","M","?","R","?","R","B"],"character_chosen":"DEFECT","items_purchased":["Defragment","Rainbow","Whetstone"],"gold_per_floor":[116,136,136,151,169,169,60,79,79,79,90,90,104,124,124,225,225,242,242,242,259,259,259,270,283,283,296,314,330,330,152,152,254,254,272,122,141,16,27,37,37,37,37,47,57,57,57,57,57,57],"floor_reached":51,"campfire_rested":2,"playtime":3323,"item_purchase_floors":[7,31,36],"current_hp_per_floor":[74,74,62,61,61,61,61,58,58,58,56,56,54,54,54,54,75,70,70,70,70,70,70,70,56,56,49,49,47,47,47,69,14,75,72,72,68,68,68,63,63,63,63,49,32,32,32,23,45,13],"items_purged":["Strike_B","Strike_B","Defend_B"],"gold":57,"score":672,"play_id":"702a979f-3445-482f-b522-1dc49413a2bc","local_time":"20180605212717","is_prod":false,"is_daily":false,"chose_seed":false,"is_ascension_mode":false,"campfire_upgraded":8,"win_rate":0.0,"timestamp":1528259237,"campfire_choices":[{"data":"Zap","floor":6,"key":"SMITH"},{"data":"Defragment","floor":10,"key":"SMITH"},{"data":"Streamline","floor":12,"key":"SMITH"},{"data":"Hologram","floor":15,"key":"SMITH"},{"data":"Buffer","floor":23,"key":"SMITH"},{"data":"Glacier","floor":30,"key":"SMITH"},{"floor":32,"key":"REST"},{"data":"Rainbow","floor":41,"key":"SMITH"},{"data":"Echo Form","floor":47,"key":"SMITH"},{"floor":49,"key":"REST"}],"path_taken":["M","M","?","M","M","R","$","?","T","R","?","R","M","M","R","BOSS","M","?","?","M","?","R","M","M","T","M","?","M","R","$","R","BOSS","M","$","M","$","M","M","R","?","T","M","M","?","R","?","R","BOSS"],"build_version":"2018-05-31","seed_source_timestamp":105708970500,"purchased_purges":3,"victory":true,"master_deck":["Strike_B","Defend_B","Defend_B","Defend_B","Zap+1","BootSequence","Lockon+1","Rebound","Genetic Algorithm","Defragment+1","Streamline+1","Tempest","Hologram+1","Buffer+1","Chaos","Leap","Beam Cell+1","Redo+1","Reinforced Body+1","Glacier+1","Rainbow+1","Echo Form+1","Chaos+1","Ball Lightning+1","Panache","Madness","Madness"],"max_hp_per_floor":[75,75,75,75,75,75,75,75,75,75,75,75,75,75,75,75,75,75,75,75,75,75,75,75,75,75,75,75,75,75,75,75,75,75,75,75,75,75,75,75,75,75,75,75,75,75,75,75,75,75],"relics":["Cracked Core","Darkstone Periapt","Ice Cream","Nuclear Battery","Pantograph","Vajra","Sozu","Whetstone","Centennial Puzzle"],"card_choices":[{"not_picked":["Coolheaded","Undo"],"picked":"BootSequence","floor":1},{"not_picked":["Ball Lightning","Gash"],"picked":"Lockon","floor":2},{"not_picked":["Compile Driver","Stack"],"picked":"Rebound","floor":4},{"not_picked":["Stack","Leap"],"picked":"Genetic Algorithm","floor":5},{"not_picked":["Hello World","Gash","Stack"],"picked":"SKIP","floor":8},{"not_picked":["Turbo","BootSequence"],"picked":"Streamline","floor":11},{"not_picked":["Reinforced Body","Streamline"],"picked":"Tempest","floor":13},{"not_picked":["Blizzard","Cold Snap"],"picked":"Hologram","floor":14},{"not_picked":["Thunder Strike","All For One"],"picked":"Buffer","floor":16},{"not_picked":["Go for the Eyes","Consume+1"],"picked":"Chaos","floor":18},{"not_picked":["Go for the Eyes","Turbo"],"picked":"Beam Cell","floor":21},{"not_picked":["Sweeping Beam+1","Beam Cell","Leap"],"picked":"SKIP","floor":24},{"not_picked":["BootSequence+1","Reboot"],"picked":"Redo+1","floor":25},{"not_picked":["Steam Power","Hologram+1"],"picked":"Reinforced Body+1","floor":27},{"not_picked":["Coolheaded","Auto Shields"],"picked":"Glacier","floor":28},{"not_picked":["Sweeping Beam","Leap","Glacier+1"],"picked":"SKIP","floor":29},{"not_picked":["Meteor Strike","Amplify"],"picked":"Echo Form","floor":33},{"not_picked":["Go for the Eyes","Leap"],"picked":"Chaos+1","floor":35},{"not_picked":["Doom and Gloom","Redo","Hologram+1"],"picked":"SKIP","floor":37},{"not_picked":["Gash","Redo"],"picked":"Ball Lightning+1","floor":39},{"not_picked":["Coolheaded","Redo","All For One"],"picked":"SKIP","floor":40},{"not_picked":["Beam Cell+1","Rebound+1","Melter"],"picked":"SKIP","floor":44},{"not_picked":["Coolheaded+1","Hologram","Self Repair"],"picked":"SKIP","floor":45},{"not_picked":["Dramatic Entrance","Purity"],"picked":"Panache","floor":46}],"player_experience":356902,"potions_floor_usage":[5,24,50,50,50],"damage_taken":[{"damage":1,"enemies":"Jaw Worm","floor":1,"turns":4},{"damage":0,"enemies":"2 Louse","floor":2,"turns":2},{"damage":1,"enemies":"Cultist","floor":4,"turns":4},{"damage":0,"enemies":"Lots of Slimes","floor":5,"turns":2},{"damage":3,"enemies":"2 Fungi Beasts","floor":8,"turns":3},{"damage":2,"enemies":"Blue Slaver","floor":11,"turns":3},{"damage":2,"enemies":"3 Louse","floor":13,"turns":3},{"damage":0,"enemies":"2 Fungi Beasts","floor":14,"turns":3},{"damage":0,"enemies":"Slime Boss","floor":16,"turns":6},{"damage":5,"enemies":"Shell Parasite","floor":18,"turns":4},{"damage":0,"enemies":"3 Byrds","floor":21,"turns":4},{"damage":0,"enemies":"Snecko","floor":24,"turns":5},{"damage":14,"enemies":"Centurion and Healer","floor":25,"turns":6},{"damage":7,"enemies":"Snake Plant","floor":27,"turns":3},{"damage":0,"enemies":"Snecko","floor":28,"turns":5},{"damage":2,"enemies":"Centurion and Healer","floor":29,"turns":4},{"damage":61,"enemies":"Collector","floor":33,"turns":12},{"damage":3,"enemies":"Orb Walker","floor":35,"turns":4},{"damage":4,"enemies":"3 Shapes","floor":37,"turns":4},{"damage":0,"enemies":"3 Darklings","floor":39,"turns":6},{"damage":5,"enemies":"4 Shapes","floor":40,"turns":4},{"damage":14,"enemies":"Maw","floor":44,"turns":7},{"damage":17,"enemies":"Sphere and 2 Shapes","floor":45,"turns":4},{"damage":57,"enemies":"Donu and Deca","floor":50,"turns":10}],"relics_obtained":[{"floor":9,"key":"Ice Cream"},{"floor":22,"key":"Pantograph"},{"floor":26,"key":"Vajra"},{"floor":43,"key":"Centennial Puzzle"}],"event_choices":[{"event_name":"Scrap Ooze","player_choice":"success","floor":3,"damage_taken":12},{"event_name":"Back to Basics","player_choice":"Elegance","floor":19,"damage_taken":0},{"event_name":"The Library","player_choice":"Read","floor":20,"damage_taken":0},{"event_name":"Mysterious Sphere","player_choice":"Ignore","floor":42,"damage_taken":0},{"event_name":"SensoryStone","player_choice":"Memory 1","floor":46,"damage_taken":0},{"event_name":"Winding Halls","player_choice":"Embrace Madness","floor":48,"damage_taken":0}],"boss_relics":[{"not_picked":["Runic Pyramid","Cursed Key"],"picked":"Nuclear Battery"},{"not_picked":["Runic Dome","White Beast Statue"],"picked":"Sozu"}],"items_purged_floors":[7,31,38],"potions_floor_spawned":[4,11,13,14,21,24,25,37,44,45],"seed_played":"-5798653153350813859","ascension_level":0,"potions_obtained":[{"floor":4,"key":"AttackPotion"},{"floor":11,"key":"Poison Potion"},{"floor":13,"key":"Ancient Potion"},{"floor":14,"key":"GamblersBrew"},{"floor":21,"key":"SkillPotion"},{"floor":24,"key":"LiquidBronze"}],"is_trial":false}