{"path_per_floor":["M","M","M","M","?","R","E","M","T","R","M","?","$","M","R","B",null,"M","T","M","?","M","R","?","R","T","M","R","?","E","?","R","B",null,"M","M","?","?","M","R","E","R","T","R","M","M","R","M","R","B"],"character_chosen":"DEFECT","items_purchased":["Self Repair","FTL"],"gold_per_floor":[118,137,148,161,161,161,187,203,229,229,249,249,65,79,79,175,175,192,192,205,205,216,216,216,216,216,236,236,236,262,262,262,364,364,380,395,395,395,415,415,446,446,470,470,481,496,496,516,516,516],"floor_reached":51,"campfire_rested":6,"playtime":3638,"item_purchase_floors":[13,13],"current_hp_per_floor":[75,75,68,49,46,68,47,24,24,24,24,24,24,22,44,26,75,75,75,39,39,40,40,40,40,40,42,64,64,42,26,48,10,75,64,52,52,52,34,56,48,48,48,48,57,66,66,57,81,43],"items_purged":["Strike_B"],"gold":516,"score":779,"play_id":"e05a86e2-6fe0-4fc7-9e9c-7611c90e6e5a","local_time":"20180609180138","is_prod":false,"is_daily":false,"chose_seed":false,"is_ascension_mode":true,"campfire_upgraded":6,"win_rate":0,"timestamp":1528592498,"campfire_choices":[{"floor":6,"key":"REST"},{"data":"Zap","floor":10,"key":"SMITH"},{"floor":15,"key":"REST"},{"data":"Hologram","floor":23,"key":"SMITH"},{"data":"Fusion","floor":25,"key":"SMITH"},{"floor":28,"key":"REST"},{"floor":32,"key":"REST"},{"floor":40,"key":"REST"},{"data":"Echo Form","floor":42,"key":"SMITH"},{"data":"Buffer","floor":44,"key":"SMITH"},{"data":"Capacitor","floor":47,"key":"SMITH"},{"floor":49,"key":"REST"}],"path_taken":["M","M","M","M","?","R","E","M","T","R","M","?","$","M","R","BOSS","M","?","M","?","M","R","?","R","T","M","R","?","E","?","R","BOSS","M","M","?","?","M","R","E","R","T","R","M","M","R","M","R","BOSS"],"build_version":"2018-06-07v3","seed_source_timestamp":10046431587739,"purchased_purges":1,"victory":true,"master_deck":["Strike_B+1","Strike_B+1","Strike_B+1","Defend_B+1","Defend_B+1","Defend_B+1","Defend_B+1","Zap+1","Storm","Ball Lightning","Leap","Streamline","BootSequence","Loop","Self Repair","FTL","Hologram+1","Seek","Fusion+1","Capacitor+1","Coolheaded","Glacier","Aggregate","Echo Form+1","Zap+1","Buffer+1","Fusion+1"],"max_hp_per_floor":[75,75,75,75,75,75,75,75,75,75,75,75,75,75,75,75,75,75,75,75,75,75,75,75,75,75,75,75,75,75,75,75,75,75,75,75,75,75,75,75,82,82,82,82,82,82,82,82,82,82],"relics":["Cracked Core","DataDisk","Emotion Chip","Juzu Bracelet","Happy Flower","Orrery","Gambling Chip","Potion Belt","Omamori","Enchiridion","Busted Crown","Strawberry","Blood Vial"],"card_choices":[{"not_picked":["Go for the Eyes","Hologram"],"picked":"Storm","floor":1},{"not_picked":["Force Field","Conserve Battery"],"picked":"Ball Lightning","floor":2},{"not_picked":["Conserve Battery","Beam Cell","Coolheaded"],"picked":"SKIP","floor":3},{"not_picked":["Recycle","Creative AI"],"picked":"Leap","floor":4},{"not_picked":["Sweeping Beam","Conserve Battery"],"picked":"Streamline","floor":7},{"not_picked":["Rip and Tear","Steam Power"],"picked":"BootSequence","floor":8},{"not_picked":["Turbo","Coolheaded"],"picked":"Loop","floor":11},{"not_picked":["Beam Cell","Force Field"],"picked":"Hologram","floor":14},{"not_picked":["Hyperbeam","Reboot"],"picked":"Seek","floor":16},{"not_picked":["Storm","Redo"],"picked":"Fusion","floor":17},{"not_picked":["Steam","Darkness"],"picked":"Capacitor","floor":17},{"not_picked":["Conserve Battery","Cold Snap"],"picked":"Coolheaded","floor":17},{"not_picked":["Hologram","Static Discharge"],"picked":"Glacier","floor":17},{"not_picked":["Hologram+1","Lockon+1","Redo"],"picked":"SKIP","floor":18},{"not_picked":["Lockon","Rip and Tear","Recycle"],"picked":"SKIP","floor":20},{"not_picked":["Gash","Fission","Go for the Eyes"],"picked":"SKIP","floor":22},{"not_picked":["Stack+1","Hologram","Streamline"],"picked":"SKIP","floor":27},{"not_picked":["Steam+1","Leap"],"picked":"Aggregate","floor":30},{"not_picked":["Machine Learning","Buffer"],"picked":"Echo Form","floor":33},{"not_picked":["Gash+1"],"picked":"SKIP","floor":35},{"not_picked":["Hello World+1"],"picked":"SKIP","floor":36},{"not_picked":["Stack"],"picked":"SKIP","floor":39},{"not_picked":[],"picked":"Buffer","floor":41},{"not_picked":["Beam Cell+1"],"picked":"SKIP","floor":45},{"not_picked":["Rebound"],"picked":"SKIP","floor":46},{"not_picked":[],"picked":"Fusion+1","floor":48}],"player_experience":404834,"potions_floor_usage":[7,8,22,30,33,39,50,50,50],"damage_taken":[{"damage":0,"enemies":"Small Slimes","floor":1,"turns":2},{"damage":0,"enemies":"2 Louse","floor":2,"turns":4},{"damage":7,"enemies":"Jaw Worm","floor":3,"turns":3},{"damage":19,"enemies":"3 Louse","floor":4,"turns":2},{"damage":21,"enemies":"Lagavulin","floor":7,"turns":4},{"damage":23,"enemies":"Exordium Thugs","floor":8,"turns":4},{"damage":0,"enemies":"Blue Slaver","floor":11,"turns":2},{"damage":9,"enemies":"Red Slaver","floor":14,"turns":3},{"damage":25,"enemies":"Slime Boss","floor":16,"turns":6},{"damage":7,"enemies":"Spheric Guardian","floor":18,"turns":5},{"damage":43,"enemies":"3 Byrds","floor":20,"turns":4},{"damage":6,"enemies":"3 Cultists","floor":22,"turns":5},{"damage":5,"enemies":"Centurion and Healer","floor":27,"turns":9},{"damage":22,"enemies":"Slavers","floor":30,"turns":8},{"damage":45,"enemies":"Automaton","floor":33,"turns":13},{"damage":11,"enemies":"Orb Walker","floor":35,"turns":3},{"damage":26,"enemies":"3 Darklings","floor":36,"turns":8},{"damage":25,"enemies":"Sphere and 2 Shapes","floor":39,"turns":6},{"damage":22,"enemies":"Giant Head","floor":41,"turns":8},{"damage":0,"enemies":"Maw","floor":45,"turns":9},{"damage":0,"enemies":"4 Shapes","floor":46,"turns":6},{"damage":18,"enemies":"Sphere and 2 Shapes","floor":48,"turns":7},{"damage":61,"enemies":"Time Eater","floor":50,"turns":14}],"relics_obtained":[{"floor":7,"key":"Juzu Bracelet"},{"floor":9,"key":"Happy Flower"},{"floor":19,"key":"Gambling Chip"},{"floor":26,"key":"Potion Belt"},{"floor":30,"key":"Omamori"},{"floor":31,"key":"Enchiridion"},{"floor":41,"key":"Strawberry"},{"floor":43,"key":"Blood Vial"}],"event_choices":[{"event_name":"Scrap Ooze","player_choice":"success","floor":5,"damage_taken":3},{"event_name":"Purifier","player_choice":"One Purge","floor":12,"damage_taken":0},{"event_name":"Drug Dealer","player_choice":"Ignored","floor":21,"damage_taken":0},{"event_name":"Back to Basics","player_choice":"Simplicity","floor":24,"damage_taken":0},{"event_name":"Ghosts","player_choice":"Ignored","floor":29,"damage_taken":0},{"event_name":"Cursed Tome","player_choice":"Obtained Book","floor":31,"damage_taken":0},{"event_name":"Duplicator","player_choice":"One dupe","floor":37,"damage_taken":0},{"event_name":"Mysterious Sphere","player_choice":"Ignore","floor":38,"damage_taken":0}],"boss_relics":[{"not_picked":["Pandora\u0027s Box","Philosopher\u0027s Stone"],"picked":"Orrery"},{"not_picked":["Snecko Eye","Black Star"],"picked":"Busted Crown"}],"items_purged_floors":[13],"potions_floor_spawned":[1,7,14,16,18,33,35,39,48],"seed_played":"-6831883040799412306","ascension_level":4,"potions_obtained":[{"floor":1,"key":"Weak Potion"},{"floor":7,"key":"Energy Potion"},{"floor":14,"key":"FocusPotion"},{"floor":16,"key":"Fire Potion"},{"floor":18,"key":"FocusPotion"},{"floor":33,"key":"Swift Potion"},{"floor":35,"key":"Regen Potion"},{"floor":39,"key":"Poison Potion"},{"floor":48,"key":"FocusPotion"}],"is_trial":false}