{"gold_per_floor":[113,113,42,61,81,116,116,136,159,173,186,186,204,228,228,359,359,379,379,393,393],"floor_reached":21,"playtime":1434,"items_purged":[],"score":185,"play_id":"ce4cf42b-c65d-46e5-8936-57d6dec17e31","local_time":"20191013025856","is_ascension_mode":false,"campfire_choices":[{"floor":12.0,"key":"REST"},{"floor":15.0,"key":"REST"}],"neow_cost":"NONE","seed_source_timestamp":0,"circlet_count":0,"master_deck":["Strike_R","Strike_R","Strike_R","Strike_R","Strike_R","Defend_R","Defend_R","Defend_R","Defend_R","Bash","Armaments","Feel No Pain","Anger","Metallicize","Exhume","Injury","Sentinel","Headbutt","Thunderclap","Anger","Perfected Strike","Barricade","Havoc","Corruption","Rage"],"special_seed":0,"relics":["Burning Blood","Pen Nib","Potion Belt","Golden Idol","Smiling Mask","Philosopher\u0027s Stone"],"potions_floor_usage":[],"damage_taken":[{"damage":6.0,"enemies":"2 Louse","floor":1.0,"turns":3.0},{"damage":6.0,"enemies":"Jaw Worm","floor":4.0,"turns":5.0},{"damage":5.0,"enemies":"Small Slimes","floor":5.0,"turns":4.0},{"damage":25.0,"enemies":"Gremlin Nob","floor":6.0,"turns":4.0},{"damage":19.0,"enemies":"Exordium Wildlife","floor":8.0,"turns":6.0},{"damage":39.0,"enemies":"Exordium Thugs","floor":10.0,"turns":8.0},{"damage":10.0,"enemies":"Large Slime","floor":11.0,"turns":7.0},{"damage":23.0,"enemies":"Lots of Slimes","floor":13.0,"turns":4.0},{"damage":8.0,"enemies":"2 Fungi Beasts","floor":14.0,"turns":3.0},{"damage":12.0,"enemies":"Slime Boss","floor":16.0,"turns":12.0},{"damage":37,"enemies":"Shell Parasite","floor":18,"turns":6},{"damage":30,"enemies":"2 Thieves","floor":20,"turns":4},{"damage":36,"enemies":"3 Cultists","floor":21,"turns":4}],"seed_played":"-1482013768537835207","potions_obtained":[{"floor":6.0,"key":"Explosive Potion"},{"floor":8.0,"key":"LiquidBronze"},{"floor":10.0,"key":"EssenceOfSteel"},{"floor":11.0,"key":"SpeedPotion"},{"floor":16.0,"key":"SneckoOil"}],"is_trial":false,"path_per_floor":["M","?","$","M","M","E","?","M","T","M","M","R","M","M","R","B",null,"M","?","M","M"],"character_chosen":"IRONCLAD","items_purchased":["Feel No Pain"],"campfire_rested":2,"item_purchase_floors":[3],"current_hp_per_floor":[80,80,80,80,80,61,61,48,48,15,11,35,18,16,40,34,80,49,49,25,0],"gold":393,"neow_bonus":"RANDOM_COMMON_RELIC","is_prod":false,"is_daily":false,"chose_seed":false,"campfire_upgraded":0,"win_rate":0,"timestamp":1570953536,"path_taken":["M","?","?","M","M","E","?","M","T","M","?","R","M","M","R","BOSS","M","?","M","M"],"build_version":"2019-07-17","purchased_purges":0,"victory":false,"max_hp_per_floor":[80,80,80,80,80,80,80,80,80,80,80,80,80,80,80,80,80,80,80,80,80],"card_choices":[{"not_picked":["True Grit","Ghostly Armor"],"picked":"Armaments","floor":1.0},{"not_picked":["Pommel Strike","Clash"],"picked":"Anger","floor":4.0},{"not_picked":["Sword Boomerang","Ghostly Armor"],"picked":"Metallicize","floor":5.0},{"not_picked":["Havoc","Body Slam"],"picked":"Exhume","floor":6.0},{"not_picked":["Blood for Blood","Perfected Strike"],"picked":"Sentinel","floor":8.0},{"not_picked":["Second Wind","Heavy Blade"],"picked":"Headbutt","floor":10.0},{"not_picked":["Carnage","Feel No Pain"],"picked":"Thunderclap","floor":11.0},{"not_picked":["Reckless Charge","Armaments"],"picked":"Anger","floor":13.0},{"not_picked":["Reckless Charge","Thunderclap"],"picked":"Perfected Strike","floor":14.0},{"not_picked":["Bludgeon","Limit Break"],"picked":"Barricade","floor":16.0},{"not_picked":["Sentinel","Perfected Strike+1"],"picked":"Havoc","floor":18},{"not_picked":["Shockwave","Pommel Strike"],"picked":"Rage","floor":20}],"player_experience":132282,"relics_obtained":[{"floor":6.0,"key":"Potion Belt"},{"floor":9.0,"key":"Smiling Mask"}],"event_choices":[{"damage_healed":0.0,"max_hp_gain":0.0,"max_hp_loss":0.0,"gold_gain":0.0,"event_name":"Liars Game","player_choice":"Ignored","floor":2.0,"gold_loss":0.0,"damage_taken":0.0},{"damage_healed":0.0,"max_hp_gain":0.0,"max_hp_loss":0.0,"gold_gain":0.0,"event_name":"Golden Idol","player_choice":"Take Wound","floor":7.0,"gold_loss":0.0,"damage_taken":0.0,"relics_obtained":["Golden Idol"],"cards_obtained":["Injury"]},{"damage_healed":0,"gold_gain":0,"player_choice":"Read","damage_taken":0,"max_hp_gain":0,"max_hp_loss":0,"event_name":"The Library","floor":19,"gold_loss":0,"cards_obtained":["Corruption"]}],"is_beta":false,"boss_relics":[{"not_picked":["White Beast Statue","Eternal Feather"],"picked":"Philosopher\u0027s Stone"}],"items_purged_floors":[],"is_endless":false,"potions_floor_spawned":[6,8,10,11,16],"killed_by":"3 Cultists","ascension_level":0}