{"gold_per_floor":[111,62,82,94,44,78,78,104,104,129,145,162,175,37,37,133,133,145,157,169,188,201,229,248,248,248,248],"floor_reached":27,"playtime":1791,"items_purged":[],"score":323,"play_id":"2dca16d8-892a-4254-b3d3-a6a28efad822","local_time":"20180822163443","is_ascension_mode":true,"campfire_choices":[{"data":"Double Tap","floor":7,"key":"SMITH"},{"floor":15,"key":"REST"},{"data":"Berserk","floor":25,"key":"SMITH"}],"neow_cost":"PERCENT_DAMAGE","seed_source_timestamp":554174633983825,"circlet_count":0,"master_deck":["Strike_R","Strike_R","Strike_R","Strike_R","Defend_R","Defend_R","Defend_R","Defend_R","Bash","Double Tap+1","Sword Boomerang","Thunderclap","Uppercut","Sword Boomerang","Wild Strike","Ghostly Armor","Power Through","Wild Strike","Intimidate","Armaments","Fiend Fire","Berserk+1","Armaments+1","Inflame","Metallicize+1","Anger+1","Dropkick","Spot Weakness","Exhume"],"relics":["Black Blood","Matryoshka","Happy Flower","Pear","Kunai","Torii","Strawberry","Dream Catcher","Nunchaku"],"potions_floor_usage":[8,10,16,21,21,21,24,27],"damage_taken":[{"damage":2,"enemies":"Jaw Worm","floor":1,"turns":3},{"damage":2,"enemies":"2 Louse","floor":3,"turns":2},{"damage":1,"enemies":"Cultist","floor":4,"turns":3},{"damage":40,"enemies":"Lagavulin","floor":6,"turns":6},{"damage":27,"enemies":"3 Sentries","floor":8,"turns":8},{"damage":20,"enemies":"Lagavulin","floor":10,"turns":4},{"damage":2,"enemies":"2 Fungi Beasts","floor":11,"turns":3},{"damage":1,"enemies":"Looter","floor":12,"turns":3},{"damage":1,"enemies":"Exordium Wildlife","floor":13,"turns":3},{"damage":18,"enemies":"Hexaghost","floor":16,"turns":13},{"damage":21,"enemies":"Chosen","floor":18,"turns":6},{"damage":20,"enemies":"Spheric Guardian","floor":19,"turns":5},{"damage":14,"enemies":"Snake Plant","floor":20,"turns":5},{"damage":0,"enemies":"3 Cultists","floor":21,"turns":3},{"damage":23,"enemies":"Shelled Parasite and Fungi","floor":22,"turns":6},{"damage":24,"enemies":"Gremlin Leader","floor":23,"turns":7},{"damage":3,"enemies":"Snecko","floor":24,"turns":6},{"damage":64,"enemies":"Slavers","floor":27,"turns":5}],"seed_played":"1975203080810179814","potions_obtained":[{"floor":1,"key":"Explosive Potion"},{"floor":3,"key":"Poison Potion"},{"floor":4,"key":"AttackPotion"},{"floor":11,"key":"GamblersBrew"},{"floor":16,"key":"Fire Potion"},{"floor":19,"key":"Fire Potion"},{"floor":22,"key":"SkillPotion"},{"floor":23,"key":"Block Potion"}],"is_trial":false,"path_per_floor":["M","$","M","M","?","E","R","E","T","E","M","M","M","$","R","B",null,"M","M","M","M","M","E","M","R","T"],"character_chosen":"IRONCLAD","items_purchased":["Thunderclap","Fiend Fire"],"campfire_rested":1,"item_purchase_floors":[2,14],"current_hp_per_floor":[60,60,64,69,69,35,35,14,24,10,14,19,24,24,51,39,90,79,69,65,75,62,55,62,62,62,0],"gold":248,"neow_bonus":"THREE_RARE_CARDS","is_prod":false,"is_daily":false,"chose_seed":false,"campfire_upgraded":2,"win_rate":0,"timestamp":1534980883,"path_taken":["M","$","M","M","?","E","R","E","T","E","M","M","M","$","R","BOSS","M","?","M","M","M","E","M","R","T","E"],"build_version":"2018-08-16","purchased_purges":0,"victory":false,"max_hp_per_floor":[80,80,80,80,80,80,80,80,90,90,90,90,90,90,90,90,90,90,90,90,90,90,97,97,97,97,97],"card_choices":[{"not_picked":["Dark Embrace","Reaper"],"picked":"Double Tap","floor":0},{"not_picked":["Intimidate","Anger"],"picked":"Sword Boomerang","floor":1},{"not_picked":["Cleave","Clothesline"],"picked":"Uppercut","floor":3},{"not_picked":["Flex","Fire Breathing"],"picked":"Sword Boomerang","floor":4},{"not_picked":["Body Slam","Pummel"],"picked":"Wild Strike","floor":6},{"not_picked":["Blood for Blood","Intimidate"],"picked":"Ghostly Armor","floor":8},{"not_picked":["Dark Embrace","Intimidate"],"picked":"Power Through","floor":10},{"not_picked":["Warcry","Perfected Strike"],"picked":"Wild Strike","floor":11},{"not_picked":["Body Slam","Hemokinesis"],"picked":"Intimidate","floor":12},{"not_picked":["Hemokinesis","Sword Boomerang"],"picked":"Armaments","floor":13},{"not_picked":["Bludgeon","Reaper"],"picked":"Berserk","floor":16},{"not_picked":["Havoc+1","Thunderclap"],"picked":"Armaments+1","floor":18},{"not_picked":["Bloodletting","Heavy Blade"],"picked":"Inflame","floor":19},{"not_picked":["Dual Wield","Body Slam"],"picked":"Metallicize+1","floor":20},{"not_picked":["Battle Trance","Clash"],"picked":"Anger+1","floor":21},{"not_picked":["Armaments","Entrench"],"picked":"Dropkick","floor":22},{"not_picked":["Warcry","Heavy Blade"],"picked":"Spot Weakness","floor":23},{"not_picked":["Rupture+1","Warcry"],"picked":"Exhume","floor":24}],"player_experience":268225,"relics_obtained":[{"floor":6,"key":"Matryoshka"},{"floor":8,"key":"Happy Flower"},{"floor":9,"key":"Pear"},{"floor":9,"key":"Kunai"},{"floor":10,"key":"Torii"},{"floor":23,"key":"Strawberry"},{"floor":26,"key":"Dream Catcher"},{"floor":26,"key":"Nunchaku"}],"event_choices":[{"event_name":"The Cleric","player_choice":"Card Removal","floor":5,"damage_taken":0}],"is_beta":false,"boss_relics":[{"not_picked":["Runic Cube","Black Star"],"picked":"Black Blood"}],"items_purged_floors":[],"is_endless":false,"potions_floor_spawned":[1,3,4,11,16,19,20,22,23],"killed_by":"Slavers","ascension_level":3}