{"gold_per_floor":[117,128,128,54,54,88,108,133,133,133,83,98,133,133,133,237,237,249,249,249,265,70,97,97,116,116,147,147,161,187,187],"floor_reached":31,"playtime":2499,"items_purged":["Strike_G"],"score":386,"play_id":"7d513255-e735-4cc0-abb7-0cf11192daea","local_time":"20191014111450","is_ascension_mode":false,"campfire_choices":[{"data":"Footwork","floor":10,"key":"SMITH"},{"data":"Neutralize","floor":15,"key":"SMITH"},{"floor":24,"key":"REST"}],"neow_cost":"NONE","seed_source_timestamp":129687518440900,"circlet_count":0,"master_deck":["Strike_G+1","Strike_G+1","Defend_G","Defend_G","Defend_G","Defend_G","Defend_G","Survivor","Neutralize+1","Well Laid Plans","Backflip","Footwork+1","Dodge and Roll","Caltrops","Prepared+1","Dagger Spray+1","Noxious Fumes+1","Bullet Time","Dagger Spray+1","Caltrops","Dagger Spray+1","Bullet Time","Outmaneuver+1","Calculated Gamble+1","RitualDagger+1","Sucker Punch+1","Poisoned Stab+1"],"relics":["Ring of the Snake","NeowsBlessing","Tingsha","Molten Egg 2","Dodecahedron","Pen Nib","Eternal Feather","Whetstone","Strawberry","Boot","Bronze Scales"],"potions_floor_usage":[8,8,13,27,30,30,30],"damage_taken":[{"damage":0,"enemies":"Small Slimes","floor":1,"turns":1},{"damage":0,"enemies":"Jaw Worm","floor":2,"turns":1},{"damage":0,"enemies":"3 Sentries","floor":6,"turns":1},{"damage":0,"enemies":"2 Louse","floor":7,"turns":5},{"damage":21,"enemies":"Lagavulin","floor":8,"turns":11},{"damage":0,"enemies":"Blue Slaver","floor":12,"turns":6},{"damage":1,"enemies":"3 Sentries","floor":13,"turns":7},{"damage":0,"enemies":"Hexaghost","floor":16,"turns":10},{"damage":17,"enemies":"2 Thieves","floor":18,"turns":4},{"damage":9,"enemies":"Spheric Guardian","floor":21,"turns":6},{"damage":14,"enemies":"Book of Stabbing","floor":23,"turns":6},{"damage":22,"enemies":"3 Cultists","floor":25,"turns":5},{"damage":30,"enemies":"Gremlin Leader","floor":27,"turns":7},{"damage":8,"enemies":"Shelled Parasite and Fungi","floor":29,"turns":6},{"damage":7,"enemies":"Slavers","floor":30,"turns":3},{"damage":7,"enemies":"Snecko","floor":31,"turns":2}],"seed_played":"-5551434504546996139","potions_obtained":[{"floor":1,"key":"Explosive Potion"},{"floor":2,"key":"Dexterity Potion"},{"floor":6,"key":"Dexterity Potion"},{"floor":8,"key":"Regen Potion"},{"floor":16,"key":"FearPotion"},{"floor":23,"key":"Dexterity Potion"},{"floor":27,"key":"Ancient Potion"},{"floor":29,"key":"Explosive Potion"}],"is_trial":false,"path_per_floor":["M","M","?","$","?","E","M","E","T","R","?","M","E","?","R","B",null,"M","?","$","M","$","E","R","M","T","E","?","M","E","M"],"character_chosen":"THE_SILENT","items_purchased":["Footwork","Dagger Spray+1","GhostInAJar"],"campfire_rested":1,"item_purchase_floors":[4,22,22],"current_hp_per_floor":[70,70,63,63,68,68,68,47,47,47,47,47,61,46,46,46,75,58,58,58,49,49,35,69,47,54,24,18,10,3,0],"gold":187,"neow_bonus":"THREE_ENEMY_KILL","is_prod":false,"is_daily":false,"chose_seed":false,"campfire_upgraded":2,"win_rate":0.0,"timestamp":1571044490,"path_taken":["M","M","?","$","?","E","M","E","T","R","?","M","E","?","R","BOSS","M","?","?","M","$","E","R","M","T","E","?","?","E","M"],"build_version":"2019-07-17","purchased_purges":1,"victory":false,"max_hp_per_floor":[70,70,70,70,75,75,75,75,75,75,75,75,75,75,75,75,75,75,75,75,75,75,75,75,75,82,82,82,82,82,82],"card_choices":[{"not_picked":["Quick Slash","Dagger Throw"],"picked":"Well Laid Plans","floor":1},{"not_picked":["Skewer","Prepared"],"picked":"Backflip","floor":2},{"not_picked":["Dagger Spray","Skewer"],"picked":"Dodge and Roll","floor":6},{"not_picked":["PiercingWail","Flying Knee"],"picked":"Caltrops","floor":7},{"not_picked":["Dagger Throw","Blade Dance"],"picked":"Prepared","floor":8},{"not_picked":["Distraction","Underhanded Strike+1"],"picked":"Dagger Spray+1","floor":12},{"not_picked":["Quick Slash+1","Flechettes+1"],"picked":"Noxious Fumes","floor":13},{"not_picked":["Unload+1","A Thousand Cuts"],"picked":"Bullet Time","floor":16},{"not_picked":["Prepared+1","Blade Dance"],"picked":"Dagger Spray+1","floor":18},{"not_picked":["Choke+1","PiercingWail"],"picked":"Caltrops","floor":21},{"not_picked":["Escape Plan","Dagger Spray+1"],"picked":"Bullet Time","floor":23},{"not_picked":["Prepared","Flying Knee+1"],"picked":"Outmaneuver+1","floor":25},{"not_picked":["Acrobatics+1","PiercingWail"],"picked":"Calculated Gamble+1","floor":27},{"not_picked":["Finisher+1","Acrobatics"],"picked":"Sucker Punch+1","floor":29},{"not_picked":["Heel Hook+1","Outmaneuver"],"picked":"Poisoned Stab+1","floor":30}],"player_experience":5548,"relics_obtained":[{"floor":6,"key":"Tingsha"},{"floor":8,"key":"Molten Egg 2"},{"floor":9,"key":"Dodecahedron"},{"floor":13,"key":"Pen Nib"},{"floor":23,"key":"Whetstone"},{"floor":26,"key":"Strawberry"},{"floor":27,"key":"Boot"},{"floor":30,"key":"Bronze Scales"}],"event_choices":[{"cards_removed":["Strike_G"],"damage_healed":0,"gold_gain":0,"player_choice":"Card Removal","damage_taken":7,"max_hp_gain":0,"max_hp_loss":0,"event_name":"Golden Wing","floor":3,"gold_loss":0},{"damage_healed":0,"gold_gain":0,"player_choice":"Donut","damage_taken":0,"max_hp_gain":5,"max_hp_loss":0,"event_name":"Big Fish","floor":5,"gold_loss":0},{"cards_removed":["Strike_G"],"damage_healed":0,"gold_gain":0,"player_choice":"Card Removal","damage_taken":0,"max_hp_gain":0,"max_hp_loss":0,"event_name":"The Cleric","floor":11,"gold_loss":50},{"damage_healed":0,"gold_gain":0,"player_choice":"Entered Light","damage_taken":15,"max_hp_gain":0,"max_hp_loss":0,"event_name":"Shining Light","floor":14,"gold_loss":0,"cards_upgraded":["Noxious Fumes","Prepared"]},{"damage_healed":0,"gold_gain":0,"player_choice":"Ignored","damage_taken":0,"max_hp_gain":0,"max_hp_loss":0,"event_name":"NoteForYourself","floor":19,"gold_loss":0},{"damage_healed":0,"gold_gain":0,"player_choice":"Joined the Cult","damage_taken":6,"max_hp_gain":0,"max_hp_loss":0,"event_name":"Nest","floor":28,"gold_loss":0,"cards_obtained":["RitualDagger"]}],"is_beta":false,"boss_relics":[{"not_picked":["Lizard Tail","Ectoplasm"],"picked":"Eternal Feather"}],"items_purged_floors":[22],"is_endless":false,"potions_floor_spawned":[1,2,6,8,16,23,27,29],"killed_by":"Snecko","ascension_level":0}