{"path_per_floor":["M","M","M","?","$","R","M","M","T","E","M","M","M","E","R","B",null,"M","?","M","$","M","E","R","M","T","R","?","$","M","M","R","B",null,"M","$","M","M","M","?","R","?","T","M","$","M","R","M","R"],"character_chosen":"IRONCLAD","items_purchased":["Inflame","Flex","Armaments","Mind Blast","Flash of Steel"],"gold_per_floor":[111,130,146,96,23,23,39,52,52,86,97,111,131,160,160,261,261,275,190,208,42,56,89,89,105,105,105,105,5,15,27,27,128,158,171,75,94,108,121,121,121,121,121,131,28,43,43,60,60,60],"floor_reached":50,"campfire_rested":3,"playtime":5528,"current_hp_per_floor":[77,80,80,80,80,80,74,66,66,60,66,68,74,72,72,7,80,80,80,80,80,68,47,71,42,42,66,66,66,72,67,67,50,85,79,79,75,58,41,41,66,66,66,69,69,66,66,72,72,0],"items_purged":["Defend_R","Bash"],"gold":60,"score":532,"play_id":"2d44ad9c-de82-4a37-b98e-bcc4a52c325c","local_time":"20180327005459","is_prod":false,"is_daily":false,"is_ascension_mode":false,"campfire_upgraded":5,"timestamp":1522137299,"path_taken":["M","M","M","?","$","R","M","M","T","E","M","M","M","E","R","BOSS","M","?","M","$","M","E","R","M","T","R","?","?","M","M","R","BOSS","M","$","M","M","M","?","R","?","T","M","$","M","R","M","R","BOSS"],"build_version":"2018-03-22v2","purchased_purges":3,"victory":false,"master_deck":["Strike_R","Strike_R","Strike_R","Strike_R","Defend_R","Defend_R","Defend_R","Double Tap+1","Flame Barrier+1","Twin Strike","Cleave","Inflame+1","Seeing Red","Thunderclap","Iron Wave","Flex","Limit Break","Bludgeon","Heavy Blade+1","Shockwave+1","Flex","Armaments+1","Perfected Strike+1","Double Tap","Demon Form+1","Finesse","Bash+1","Twin Strike+1","Dropkick+1","Seeing Red+1","Mind Blast+1","Twin Strike+1","Reckless Charge+1","Shrug It Off+1","Sword Boomerang+1","Mind Blast+1","Flash of Steel+1","Offering"],"max_hp_per_floor":[80,80,80,80,80,80,80,80,80,80,80,80,80,80,80,80,80,80,80,80,80,80,80,80,80,80,80,80,80,80,80,80,80,85,85,85,85,85,85,85,85,85,85,85,85,85,85,85,85,85],"relics":["Burning Blood","Bag of Preparation","Oddly Smooth Stone","Lantern","Sozu","Self Forming Clay","Molten Egg 2","Dream Catcher","Tiny House","Matryoshka"],"card_choices":[{"not_picked":["Clothesline","True Grit"],"picked":"Flame Barrier","floor":1},{"not_picked":["Warcry","Sword Boomerang"],"picked":"Twin Strike","floor":2},{"not_picked":["Burning Pact","Pommel Strike"],"picked":"Cleave","floor":3},{"not_picked":["Entrench","Perfected Strike"],"picked":"Seeing Red","floor":8},{"not_picked":["Clothesline","Sword Boomerang"],"picked":"Thunderclap","floor":11},{"not_picked":["Sever Soul","Feel No Pain"],"picked":"Iron Wave","floor":12},{"not_picked":["Bludgeon","Dual Wield"],"picked":"Flex","floor":13},{"not_picked":["Cleave","Thunderclap"],"picked":"Limit Break","floor":14},{"not_picked":["Dark Embrace","Impervious"],"picked":"Bludgeon","floor":16},{"not_picked":["Rampage","Dropkick"],"picked":"Heavy Blade","floor":18},{"not_picked":["Metallicize","Anger"],"picked":"Shockwave","floor":20},{"not_picked":["Flex","Headbutt"],"picked":"Perfected Strike","floor":22},{"not_picked":["Warcry","Body Slam"],"picked":"Double Tap","floor":23},{"not_picked":["Headbutt","Clothesline"],"picked":"Twin Strike","floor":30},{"not_picked":["Carnage","Clothesline"],"picked":"Dropkick","floor":34},{"not_picked":["Clothesline","Infernal Blade"],"picked":"Seeing Red","floor":35},{"not_picked":["Rampage","Clothesline"],"picked":"Twin Strike","floor":37},{"not_picked":["Sever Soul","Heavy Blade"],"picked":"Reckless Charge","floor":38},{"not_picked":["Anger","Heavy Blade"],"picked":"Shrug It Off","floor":39},{"not_picked":["Heavy Blade","Limit Break"],"picked":"Sword Boomerang","floor":41},{"not_picked":["Armaments","Body Slam"],"picked":"Offering","floor":46}],"player_experience":45983,"potions_floor_usage":[16,50,50],"damage_taken":[{"damage":9,"enemies":"Jaw Worm","floor":1,"turns":4},{"damage":1,"enemies":"2 Louse","floor":2,"turns":4},{"damage":6,"enemies":"Cultist","floor":3,"turns":3},{"damage":12,"enemies":"Blue Slaver","floor":7,"turns":5},{"damage":14,"enemies":"Exordium Wildlife","floor":8,"turns":5},{"damage":12,"enemies":"3 Sentries","floor":10,"turns":4},{"damage":0,"enemies":"2 Fungi Beasts","floor":11,"turns":2},{"damage":4,"enemies":"Looter","floor":12,"turns":2},{"damage":0,"enemies":"Exordium Wildlife","floor":13,"turns":4},{"damage":8,"enemies":"Gremlin Nob","floor":14,"turns":3},{"damage":71,"enemies":"Hexaghost","floor":16,"turns":10},{"damage":5,"enemies":"2 Thieves","floor":18,"turns":3},{"damage":0,"enemies":"Chosen","floor":20,"turns":3},{"damage":18,"enemies":"Snake Plant","floor":22,"turns":3},{"damage":27,"enemies":"Book of Stabbing","floor":23,"turns":6},{"damage":35,"enemies":"Slaver and Parasite","floor":25,"turns":3},{"damage":0,"enemies":"3 Cultists","floor":30,"turns":5},{"damage":11,"enemies":"Chosen and Byrds","floor":31,"turns":3},{"damage":23,"enemies":"Collector","floor":33,"turns":5},{"damage":12,"enemies":"3 Shapes","floor":35,"turns":1},{"damage":10,"enemies":"3 Darklings","floor":37,"turns":5},{"damage":23,"enemies":"4 Shapes","floor":38,"turns":2},{"damage":23,"enemies":"Sphere and 2 Shapes","floor":39,"turns":5},{"damage":3,"enemies":"3 Darklings","floor":44,"turns":3},{"damage":9,"enemies":"4 Shapes","floor":46,"turns":2},{"damage":0,"enemies":"Sphere and 2 Shapes","floor":48,"turns":2},{"damage":75,"enemies":"Awakened One","floor":50,"turns":6}],"event_choices":[{"event_name":"The Cleric","player_choice":"Card Removal","floor":4,"damage_taken":0},{"event_name":"Addict","player_choice":"Obtained Relic","floor":19,"damage_taken":0},{"event_name":"Match and Keep!","player_choice":"3 cards matched","floor":28,"damage_taken":0},{"event_name":"Match and Keep!","player_choice":"3 cards matched","floor":28,"damage_taken":0},{"event_name":"The Moai Head","player_choice":"Ignored","floor":40,"damage_taken":0},{"event_name":"Duplicator","player_choice":"One dupe","floor":42,"damage_taken":0}],"boss_relics":[{"not_picked":["White Beast Statue","Question Card"],"picked":"Sozu"},{"not_picked":["Runic Pyramid","Eternal Feather"],"picked":"Tiny House"}],"potions_floor_spawned":[1,10,12,13,16,20,23,25,33,35,38,44],"seed_played":"3415364324035597741","killed_by":"Awakened One","ascension_level":0,"is_trial":false}