{"gold_per_floor":[116,134,134,14,28,28,28,55,55,55,90,102,112,122,122,194,194,205,48,48,60,60],"floor_reached":22,"playtime":3371,"items_purged":[],"score":382,"play_id":"046f1dfa-45ad-433a-9167-637eab147eb4","local_time":"20190726232617","is_ascension_mode":true,"campfire_choices":[{"data":"Zap","floor":6.0,"key":"SMITH"},{"floor":10.0,"key":"REST"},{"floor":15.0,"key":"REST"}],"neow_cost":"NONE","seed_source_timestamp":0,"circlet_count":0,"master_deck":["AscendersBane","Strike_B","Strike_B","Strike_B","Strike_B","Defend_B","Defend_B","Defend_B","Defend_B","Zap+1","Dualcast","Creative AI","Compile Driver","Ball Lightning","Sunder","Turbo","Capacitor","Fusion","Chaos","Skim","Cold Snap","Coolheaded","Biased Cognition","White Noise","Self Repair"],"special_seed":0,"relics":["Cracked Core","Bottled Flame","Darkstone Periapt","Torii","Philosopher\u0027s Stone","DataDisk"],"potions_floor_usage":[],"damage_taken":[{"damage":10.0,"enemies":"Small Slimes","floor":1.0,"turns":4.0},{"damage":0.0,"enemies":"Cultist","floor":2.0,"turns":3.0},{"damage":4.0,"enemies":"2 Louse","floor":5.0,"turns":2.0},{"damage":15.0,"enemies":"Lagavulin","floor":8.0,"turns":5.0},{"damage":20.0,"enemies":"3 Sentries","floor":11.0,"turns":5.0},{"damage":1.0,"enemies":"Blue Slaver","floor":12.0,"turns":2.0},{"damage":12.0,"enemies":"Looter","floor":13.0,"turns":3.0},{"damage":9.0,"enemies":"Red Slaver","floor":14.0,"turns":3.0},{"damage":22.0,"enemies":"Slime Boss","floor":16.0,"turns":8.0},{"damage":15.0,"enemies":"3 Byrds","floor":18.0,"turns":4.0},{"damage":40,"enemies":"2 Thieves","floor":21,"turns":3},{"damage":8,"enemies":"3 Cultists","floor":22,"turns":2}],"seed_played":"-6676974308244184909","potions_obtained":[{"floor":1.0,"key":"Poison Potion"},{"floor":11.0,"key":"PowerPotion"},{"floor":13.0,"key":"Energy Potion"}],"is_trial":false,"path_per_floor":["M","M","?","$","M","R","?","E","T","R","E","M","M","M","R","B",null,"M","$","?","M","M"],"character_chosen":"DEFECT","items_purchased":["Sunder","Turbo","DataDisk"],"campfire_rested":2,"item_purchase_floors":[4,4,19],"current_hp_per_floor":[54,54,54,54,50,50,50,35,35,56,36,35,23,14,35,13,57,42,42,42,2,0],"gold":60,"neow_bonus":"ONE_RANDOM_RARE_CARD","is_prod":false,"is_daily":false,"chose_seed":false,"campfire_upgraded":1,"win_rate":0,"timestamp":1564208777,"path_taken":["M","M","?","$","?","R","?","E","T","R","E","M","M","M","R","BOSS","M","$","?","M","M"],"build_version":"2019-07-17","purchased_purges":0,"victory":false,"max_hp_per_floor":[71,71,71,71,71,71,71,71,71,71,71,71,71,71,71,71,71,71,71,71,71,71],"card_choices":[{"not_picked":["Tempest","Gash"],"picked":"Compile Driver","floor":1.0},{"not_picked":["Lockon","Leap"],"picked":"Ball Lightning","floor":2.0},{"not_picked":["Conserve Battery","Cold Snap"],"picked":"Capacitor","floor":5.0},{"not_picked":["Redo","Turbo","Fusion"],"picked":"SKIP","floor":8.0},{"not_picked":["Redo","Turbo"],"picked":"Fusion","floor":8.0},{"not_picked":["Compile Driver","Streamline"],"picked":"Chaos","floor":11.0},{"not_picked":["Core Surge","Go for the Eyes"],"picked":"Skim","floor":12.0},{"not_picked":["Ball Lightning","Steam Power"],"picked":"Cold Snap","floor":13.0},{"not_picked":["Fusion","Go for the Eyes"],"picked":"Coolheaded","floor":14.0},{"not_picked":["Rainbow","All For One"],"picked":"Biased Cognition","floor":16.0},{"not_picked":["Darkness","Turbo"],"picked":"White Noise","floor":18.0},{"not_picked":["Sweeping Beam+1","Ball Lightning"],"picked":"Self Repair","floor":21}],"player_experience":2332277,"relics_obtained":[{"floor":8.0,"key":"Bottled Flame"},{"floor":9.0,"key":"Darkstone Periapt"},{"floor":11.0,"key":"Torii"}],"event_choices":[{"damage_healed":0.0,"max_hp_gain":0.0,"max_hp_loss":0.0,"gold_gain":0.0,"event_name":"Match and Keep!","player_choice":"0 cards matched","floor":3.0,"gold_loss":0.0,"damage_taken":0.0,"cards_obtained":[]},{"damage_healed":0.0,"max_hp_gain":0.0,"max_hp_loss":0.0,"gold_gain":0.0,"event_name":"Dead Adventurer","player_choice":"Searched \u00270\u0027 times","floor":7.0,"gold_loss":0.0,"damage_taken":0.0},{"damage_healed":0,"gold_gain":0,"player_choice":"Ignored","damage_taken":0,"max_hp_gain":0,"max_hp_loss":0,"event_name":"Cursed Tome","floor":20,"gold_loss":0}],"is_beta":false,"boss_relics":[{"not_picked":["Cursed Key","Fusion Hammer"],"picked":"Philosopher\u0027s Stone"}],"items_purged_floors":[],"is_endless":false,"potions_floor_spawned":[1,11,13,14],"killed_by":"3 Cultists","ascension_level":19}