{"gold_per_floor":[20,39,58,70,86,86,86,104,104,114,129,129,129,144,144,215,215,227,227],"floor_reached":19,"playtime":778,"items_purged":[],"score":305,"play_id":"8cb13c9a-9a5e-4612-b668-39d3ee74178f","local_time":"20191002152857","is_ascension_mode":true,"campfire_choices":[{"floor":6.0,"key":"REST"},{"floor":13,"key":"REST"},{"floor":15,"key":"REST"}],"neow_cost":"NO_GOLD","seed_source_timestamp":79770348662770,"circlet_count":0,"master_deck":["AscendersBane","Strike_B","Strike_B","Strike_B","Defend_B","Defend_B","Defend_B","Zap","Dualcast","Gash","Ball Lightning","Go for the Eyes","FTL","Coolheaded","Leap","Parasite","Compile Driver","Creative AI","Leap"],"special_seed":0,"relics":["Cracked Core","Dodecahedron","Nuclear Battery"],"potions_floor_usage":[16,16],"damage_taken":[{"damage":2.0,"enemies":"Jaw Worm","floor":1.0,"turns":4.0},{"damage":0.0,"enemies":"Small Slimes","floor":2.0,"turns":3.0},{"damage":1.0,"enemies":"Cultist","floor":3.0,"turns":3.0},{"damage":7.0,"enemies":"Large Slime","floor":4.0,"turns":4.0},{"damage":38.0,"enemies":"Gremlin Gang","floor":5.0,"turns":4.0},{"damage":9,"enemies":"Looter","floor":8,"turns":3},{"damage":15,"enemies":"Lots of Slimes","floor":10,"turns":4},{"damage":8,"enemies":"Red Slaver","floor":11,"turns":2},{"damage":12,"enemies":"2 Fungi Beasts","floor":14,"turns":3},{"damage":40,"enemies":"Hexaghost","floor":16,"turns":12},{"damage":47,"enemies":"2 Thieves","floor":18,"turns":5},{"damage":14,"enemies":"Shell Parasite","floor":19,"turns":3}],"seed_played":"516021858397248855","potions_obtained":[{"floor":2.0,"key":"SpeedPotion"},{"floor":8,"key":"LiquidBronze"},{"floor":14,"key":"SkillPotion"},{"floor":16,"key":"SneckoOil"}],"is_trial":false,"path_per_floor":["M","M","M","M","M","R","?","M","T","M","M","?","R","M","R","B",null,"M","M"],"character_chosen":"DEFECT","items_purchased":[],"campfire_rested":3,"item_purchase_floors":[],"current_hp_per_floor":[62,62,61,54,16,37,37,28,28,13,5,22,43,31,52,12,56,9,0],"gold":227,"neow_bonus":"REMOVE_TWO","is_prod":false,"is_daily":false,"chose_seed":false,"campfire_upgraded":0,"win_rate":0,"timestamp":1570055337,"path_taken":["M","M","M","M","M","R","?","M","T","M","M","?","R","M","R","BOSS","M","M"],"build_version":"2019-07-17","purchased_purges":0,"victory":false,"max_hp_per_floor":[71,71,71,71,71,71,71,71,71,71,71,71,71,71,71,71,71,71,71],"card_choices":[{"not_picked":["Consume","Hologram"],"picked":"Gash","floor":1.0},{"not_picked":["Turbo","Redo","Stack"],"picked":"SKIP","floor":2.0},{"not_picked":["Hologram","Darkness"],"picked":"Ball Lightning","floor":3.0},{"not_picked":["Barrage","Double Energy"],"picked":"Go for the Eyes","floor":4.0},{"not_picked":["Hello World","Ball Lightning"],"picked":"FTL","floor":5.0},{"not_picked":["Heatsinks","Steam","Stack"],"picked":"SKIP","floor":8},{"not_picked":["Ball Lightning","Redo"],"picked":"Coolheaded","floor":10},{"not_picked":["Double Energy","Sunder"],"picked":"Leap","floor":11},{"not_picked":["Amplify","Go for the Eyes"],"picked":"Compile Driver","floor":14},{"not_picked":["Amplify","Rainbow"],"picked":"Creative AI","floor":16},{"not_picked":["Stack+1","Steam"],"picked":"Leap","floor":18}],"player_experience":663208,"relics_obtained":[{"floor":9,"key":"Dodecahedron"}],"event_choices":[{"damage_healed":0,"gold_gain":0,"player_choice":"Fled","damage_taken":0,"max_hp_gain":0,"max_hp_loss":0,"event_name":"Scrap Ooze","floor":7,"gold_loss":0},{"damage_healed":17,"gold_gain":0,"player_choice":"Healed and dodged fight","damage_taken":0,"max_hp_gain":0,"max_hp_loss":0,"event_name":"Mushrooms","floor":12,"gold_loss":0,"cards_obtained":["Parasite"]}],"is_beta":false,"boss_relics":[{"not_picked":["Pandora\u0027s Box","Black Star"],"picked":"Nuclear Battery"}],"items_purged_floors":[],"is_endless":false,"potions_floor_spawned":[2,8,10,14,16],"killed_by":"Shell Parasite","ascension_level":17}