{"gold_per_floor":[111,131,151,170,189,224,238,238,261,38,52,64,93,112,112,209,209,209,209,209,209,209,209,209,209,209,209,209,209,11,11,11,11],"floor_reached":33,"playtime":3805,"items_purged":["Strike_G"],"score":322,"play_id":"de6f3a01-33a3-4369-a335-a25a84697d56","local_time":"20180728234400","is_ascension_mode":true,"campfire_choices":[{"floor":15,"key":"REST"},{"floor":24,"key":"REST"},{"floor":32,"key":"REST"}],"neow_cost":"NONE","seed_source_timestamp":255087046377127,"circlet_count":0,"master_deck":["Defend_G+1","Defend_G+1","Defend_G+1","Defend_G+1","Defend_G+1","Strike_G+1","Strike_G+1","Strike_G+1","Strike_G+1","Survivor","Neutralize","Poisoned Stab","Quick Slash","Escape Plan+1","Poisoned Stab","Well Laid Plans","Deadly Poison","PiercingWail","Bane","Madness","Poisoned Stab","Noxious Fumes","Burst","Riddle With Holes","Escape Plan","Catalyst+1","Escape Plan","Glass Knife","Deflect","Dagger Spray","Sucker Punch"],"relics":["Ring of the Snake","War Paint","Anchor","Bag of Marbles","Dodecahedron","Ectoplasm","Bronze Scales","Boot","Dream Catcher","Happy Flower"],"potions_floor_usage":[13,13,23,33,33],"damage_taken":[{"damage":2,"enemies":"Jaw Worm","floor":1,"turns":4},{"damage":0,"enemies":"Cultist","floor":2,"turns":4},{"damage":0,"enemies":"2 Louse","floor":3,"turns":2},{"damage":1,"enemies":"Blue Slaver","floor":4,"turns":3},{"damage":2,"enemies":"3 Louse","floor":5,"turns":3},{"damage":14,"enemies":"3 Sentries","floor":6,"turns":9},{"damage":0,"enemies":"2 Fungi Beasts","floor":7,"turns":3},{"damage":0,"enemies":"Lots of Slimes","floor":11,"turns":4},{"damage":0,"enemies":"Exordium Wildlife","floor":12,"turns":3},{"damage":5,"enemies":"Lagavulin","floor":13,"turns":5},{"damage":0,"enemies":"2 Fungi Beasts","floor":14,"turns":2},{"damage":19,"enemies":"The Guardian","floor":16,"turns":9},{"damage":4,"enemies":"Spheric Guardian","floor":18,"turns":4},{"damage":5,"enemies":"3 Byrds","floor":19,"turns":5},{"damage":15,"enemies":"Snecko","floor":20,"turns":5},{"damage":6,"enemies":"Centurion and Healer","floor":21,"turns":6},{"damage":9,"enemies":"3 Cultists","floor":22,"turns":6},{"damage":13,"enemies":"Slavers","floor":23,"turns":6},{"damage":6,"enemies":"Book of Stabbing","floor":28,"turns":4},{"damage":0,"enemies":"Snake Plant","floor":29,"turns":2},{"damage":6,"enemies":"Snecko","floor":31,"turns":3},{"damage":48,"enemies":"Collector","floor":33,"turns":7}],"seed_played":"-4990499666500567370","potions_obtained":[{"floor":2,"key":"Strength Potion"},{"floor":5,"key":"Fire Potion"},{"floor":6,"key":"Energy Potion"},{"floor":13,"key":"SteroidPotion"},{"floor":16,"key":"Weak Potion"},{"floor":18,"key":"FearPotion"}],"is_trial":false,"path_per_floor":["M","M","M","M","M","E","M","?","T","$","M","M","E","M","R","B",null,"M","M","M","M","M","E","R","?","T","?","E","M","$","M","R"],"character_chosen":"THE_SILENT","items_purchased":["Bane","Madness","Happy Flower","Dagger Spray"],"campfire_rested":3,"item_purchase_floors":[10,10,30,30],"current_hp_per_floor":[68,68,68,67,65,51,51,37,37,37,37,37,32,32,53,34,70,66,61,46,40,31,18,39,39,39,39,33,33,33,27,48,0],"gold":11,"neow_bonus":"RANDOM_COMMON_RELIC","is_prod":false,"is_daily":false,"chose_seed":false,"campfire_upgraded":0,"win_rate":0,"timestamp":1532846640,"path_taken":["M","M","M","M","M","E","M","?","T","$","M","M","E","M","R","BOSS","M","M","M","M","M","E","R","?","T","?","E","M","$","M","R","BOSS"],"build_version":"2018-07-26","purchased_purges":1,"victory":false,"max_hp_per_floor":[70,70,70,70,70,70,70,70,70,70,70,70,70,70,70,70,70,70,70,70,70,70,70,70,70,70,70,70,70,70,70,70,70],"card_choices":[{"not_picked":["Acrobatics","Expertise"],"picked":"Poisoned Stab","floor":1},{"not_picked":["Calculated Gamble","Dash"],"picked":"Quick Slash","floor":2},{"not_picked":["Sucker Punch","Flechettes"],"picked":"Escape Plan","floor":3},{"not_picked":["Dodge and Roll","Deflect"],"picked":"Poisoned Stab","floor":4},{"not_picked":["Dodge and Roll","Deflect"],"picked":"Well Laid Plans","floor":5},{"not_picked":["Sucker Punch","Flying Knee"],"picked":"Deadly Poison","floor":6},{"not_picked":["Acrobatics","Distraction"],"picked":"PiercingWail","floor":7},{"not_picked":["Outmaneuver","After Image"],"picked":"Poisoned Stab","floor":11},{"not_picked":["Bouncing Flask","Escape Plan"],"picked":"Noxious Fumes","floor":12},{"not_picked":["Setup","Flying Knee","Blur"],"picked":"SKIP","floor":13},{"not_picked":["Dodge and Roll","Expertise","Calculated Gamble"],"picked":"SKIP","floor":14},{"not_picked":["A Thousand Cuts","Night Terror"],"picked":"Burst","floor":16},{"not_picked":["Dagger Throw","Deflect","Underhanded Strike"],"picked":"SKIP","floor":18},{"not_picked":["Flying Knee","Reflex"],"picked":"Riddle With Holes","floor":19},{"not_picked":["Dagger Throw","Flying Knee"],"picked":"Escape Plan","floor":20},{"not_picked":["Slice+1","Finisher"],"picked":"Catalyst+1","floor":21},{"not_picked":["Blur","Tactician"],"picked":"Escape Plan","floor":22},{"not_picked":["Finisher","Expertise+1","Slice"],"picked":"SKIP","floor":23},{"not_picked":["Slice+1","Expertise"],"picked":"Glass Knife","floor":28},{"not_picked":["Acrobatics","Footwork"],"picked":"Deflect","floor":29},{"not_picked":["Well Laid Plans","Endless Agony","Distraction"],"picked":"SKIP","floor":31},{"not_picked":["Calculated Gamble","Dagger Throw"],"picked":"Sucker Punch","floor":32}],"player_experience":213041,"relics_obtained":[{"floor":6,"key":"Anchor"},{"floor":9,"key":"Bag of Marbles"},{"floor":13,"key":"Dodecahedron"},{"floor":23,"key":"Bronze Scales"},{"floor":26,"key":"Boot"},{"floor":28,"key":"Dream Catcher"}],"event_choices":[{"event_name":"Shining Light","player_choice":"Entered Light","floor":8,"damage_taken":0},{"event_name":"Back to Basics","player_choice":"Simplicity","floor":25,"damage_taken":0},{"event_name":"Beggar","player_choice":"Ignored","floor":27,"damage_taken":0}],"is_beta":false,"boss_relics":[{"not_picked":["Tiny House","Lizard Tail"],"picked":"Ectoplasm"}],"items_purged_floors":[10],"is_endless":false,"potions_floor_spawned":[2,5,6,7,13,16,18,21,22],"killed_by":"Collector","ascension_level":1}