{"gold_per_floor":[116,128,78,97,97,97,124,140,140,140,173,473,473,491,491,562,562,562,562,562,562,562,562],"floor_reached":23,"playtime":1632,"items_purged":[],"score":338,"play_id":"8ffb54af-0909-4710-9183-39b572de03ce","local_time":"20190614193612","is_ascension_mode":true,"campfire_choices":[{"data":"Shrug It Off","floor":6,"key":"SMITH"},{"data":"Bash","floor":10,"key":"SMITH"},{"floor":13,"key":"REST"},{"data":"Cleave","floor":15,"key":"SMITH"}],"neow_cost":"NONE","seed_source_timestamp":230719795872786,"circlet_count":0,"master_deck":["AscendersBane","Strike_R","Strike_R","Strike_R","Strike_R","Defend_R+1","Defend_R","Defend_R+1","Defend_R","Bash+1","Cleave+1","Shrug It Off+1","Carnage","Headbutt","Iron Wave","Spot Weakness","Sword Boomerang","Feed","Ghostly Armor+1","Hemokinesis","Body Slam","Pommel Strike","Twin Strike"],"relics":["Burning Blood","War Paint","Omamori","Pantograph","Kunai","Old Coin","Ectoplasm"],"potions_floor_usage":[16,20,21],"damage_taken":[{"damage":4,"enemies":"Jaw Worm","floor":1,"turns":6},{"damage":7,"enemies":"2 Louse","floor":2,"turns":2},{"damage":2,"enemies":"Cultist","floor":4,"turns":4},{"damage":16,"enemies":"Gremlin Nob","floor":7,"turns":4},{"damage":11,"enemies":"Gremlin Gang","floor":8,"turns":5},{"damage":35,"enemies":"Lagavulin","floor":11,"turns":8},{"damage":0,"enemies":"Blue Slaver","floor":14,"turns":5},{"damage":47,"enemies":"Slime Boss","floor":16,"turns":10},{"damage":1,"enemies":"Chosen","floor":18,"turns":4},{"damage":8,"enemies":"Spheric Guardian","floor":19,"turns":4},{"damage":7,"enemies":"Snecko","floor":20,"turns":4},{"damage":36,"enemies":"Centurion and Healer","floor":21,"turns":6},{"damage":21,"enemies":"Snake Plant","floor":22,"turns":4},{"damage":51,"enemies":"Gremlin Leader","floor":23,"turns":4}],"seed_played":"-7369419909983813471","potions_obtained":[{"floor":2,"key":"Strength Potion"},{"floor":7,"key":"Ancient Potion"},{"floor":16,"key":"Regen Potion"}],"is_trial":false,"path_per_floor":["M","M","?","M","?","R","E","M","T","R","E","T","R","M","R","B",null,"M","M","M","M","M","E"],"character_chosen":"IRONCLAD","items_purchased":[],"campfire_rested":1,"item_purchase_floors":[],"current_hp_per_floor":[74,73,73,77,77,77,67,62,62,62,33,33,57,63,63,39,70,78,76,75,59,44,0],"gold":562,"neow_bonus":"RANDOM_COMMON_RELIC","is_prod":false,"is_daily":false,"chose_seed":false,"campfire_upgraded":3,"win_rate":0,"timestamp":1560566172,"path_taken":["M","M","?","M","?","R","E","M","T","R","E","?","R","M","R","BOSS","M","M","M","M","M","E"],"build_version":"2019-01-23","purchased_purges":0,"victory":false,"max_hp_per_floor":[80,80,80,80,80,80,80,80,80,80,80,80,80,80,80,80,80,83,83,83,83,83,83],"card_choices":[{"not_picked":["Hemokinesis","Anger"],"picked":"Cleave","floor":1},{"not_picked":["Flex","True Grit"],"picked":"Shrug It Off","floor":2},{"not_picked":["Corruption","Intimidate"],"picked":"Carnage","floor":4},{"not_picked":["Warcry","Pommel Strike"],"picked":"Headbutt","floor":7},{"not_picked":["Rupture","Havoc"],"picked":"Iron Wave","floor":8},{"not_picked":["Clothesline","Perfected Strike"],"picked":"Spot Weakness","floor":11},{"not_picked":["Warcry","Clash"],"picked":"Sword Boomerang","floor":14},{"not_picked":["Fiend Fire","Bludgeon"],"picked":"Feed","floor":16},{"not_picked":["Pummel","Shrug It Off"],"picked":"Ghostly Armor+1","floor":18},{"not_picked":["Feel No Pain","Clash"],"picked":"Hemokinesis","floor":19},{"not_picked":["Cleave","Wild Strike"],"picked":"Body Slam","floor":20},{"not_picked":["Corruption","Anger"],"picked":"Pommel Strike","floor":21},{"not_picked":["Berserk","Thunderclap"],"picked":"Twin Strike","floor":22}],"player_experience":637551,"relics_obtained":[{"floor":7,"key":"Omamori"},{"floor":9,"key":"Pantograph"},{"floor":11,"key":"Kunai"},{"floor":12,"key":"Old Coin"}],"event_choices":[{"cards_removed":["Strike_R"],"damage_healed":0,"gold_gain":0,"player_choice":"Card Removal","damage_taken":0,"max_hp_gain":0,"max_hp_loss":0,"event_name":"The Cleric","floor":3,"gold_loss":50},{"damage_healed":0,"gold_gain":0,"player_choice":"Fled","damage_taken":0,"max_hp_gain":0,"max_hp_loss":0,"event_name":"Scrap Ooze","floor":5,"gold_loss":0}],"is_beta":false,"boss_relics":[{"not_picked":["Fusion Hammer","Astrolabe"],"picked":"Ectoplasm"}],"items_purged_floors":[],"is_endless":false,"potions_floor_spawned":[2,7,8,16,18,19],"killed_by":"Gremlin Leader","ascension_level":13}