{"gold_per_floor":[113,129,143,155,167,167,179,179,206,206],"floor_reached":10,"playtime":810,"items_purged":[],"score":62,"play_id":"83eada2b-0bb8-4bf1-99ae-80f58dc95e7a","local_time":"20191006034137","is_ascension_mode":false,"campfire_choices":[{"data":"Dualcast","floor":6,"key":"SMITH"}],"neow_cost":"NONE","seed_source_timestamp":180883427046100,"circlet_count":0,"master_deck":["Strike_B","Strike_B","Strike_B","Defend_B","Defend_B","Defend_B","Defend_B","Zap","Dualcast+1","Chill","Reinforced Body","Chill","Streamline","Coolheaded","Redo","Capacitor"],"relics":["Cracked Core","Ancient Tea Set"],"potions_floor_usage":[10],"damage_taken":[{"damage":1,"enemies":"Cultist","floor":1,"turns":3},{"damage":4,"enemies":"Small Slimes","floor":2,"turns":3},{"damage":6,"enemies":"Jaw Worm","floor":3,"turns":3},{"damage":0,"enemies":"3 Louse","floor":4,"turns":4},{"damage":16,"enemies":"Large Slime","floor":5,"turns":8},{"damage":12,"enemies":"Exordium Wildlife","floor":7,"turns":6},{"damage":87,"enemies":"Gremlin Nob","floor":10,"turns":6}],"seed_played":"6392073297432305187","potions_obtained":[{"floor":1,"key":"SkillPotion"},{"floor":2,"key":"Ancient Potion"},{"floor":5,"key":"Dexterity Potion"}],"is_trial":false,"path_per_floor":["M","M","M","M","M","R","M","?","T","E"],"character_chosen":"DEFECT","items_purchased":[],"campfire_rested":0,"item_purchase_floors":[],"current_hp_per_floor":[81,77,71,71,55,55,43,43,43,0],"gold":206,"neow_bonus":"TEN_PERCENT_HP_BONUS","is_prod":false,"is_daily":false,"chose_seed":false,"campfire_upgraded":1,"win_rate":0.0,"timestamp":1570351297,"path_taken":["M","M","?","M","M","R","M","?","T","E"],"build_version":"2019-07-17","purchased_purges":0,"victory":false,"max_hp_per_floor":[82,82,82,82,82,82,82,82,82,82],"card_choices":[{"not_picked":["BootSequence","Cold Snap"],"picked":"Chill","floor":1},{"not_picked":["Go for the Eyes","Reprogram"],"picked":"Reinforced Body","floor":2},{"not_picked":["Streamline","Hologram"],"picked":"Chill","floor":3},{"not_picked":["Compile Driver","Beam Cell"],"picked":"Streamline","floor":4},{"not_picked":["FTL","Go for the Eyes"],"picked":"Coolheaded","floor":5},{"not_picked":["Chaos","Rebound"],"picked":"Redo","floor":7}],"player_experience":84061,"relics_obtained":[{"floor":9,"key":"Ancient Tea Set"}],"event_choices":[{"damage_healed":0,"gold_gain":0,"cards_transformed":["Strike_B"],"player_choice":"Transformed","damage_taken":0,"max_hp_gain":0,"max_hp_loss":0,"event_name":"Transmorgrifier","floor":8,"gold_loss":0,"cards_obtained":["Capacitor"]}],"is_beta":false,"boss_relics":[],"items_purged_floors":[],"is_endless":false,"potions_floor_spawned":[1,2,5],"killed_by":"Gremlin Nob","ascension_level":0}