{"gold_per_floor":[116,291,304,316,332,332,361,326,351,185,215,215,243,258,258,360,360,376,386,420,420,438,363,363,363,363,1,1,30,56,84,84,181,181,196,196,418,418,418,418,431,151,151,151,251,286,306,13,13,13],"floor_reached":51,"playtime":3194,"items_purged":["Doubt","Injury","Parasite"],"score":1023,"play_id":"2dbdea20-b42f-48c6-ac1d-82776540dfee","local_time":"20191015192026","is_ascension_mode":true,"campfire_choices":[{"data":"Envenom","floor":6,"key":"SMITH"},{"data":"Bane","floor":12,"key":"SMITH"},{"floor":15,"key":"REST"},{"floor":25,"key":"REST"},{"floor":32,"key":"REST"},{"data":"Cloak And Dagger","floor":40,"key":"SMITH"},{"data":"Storm of Steel","floor":44,"key":"SMITH"},{"floor":49,"key":"REST"}],"neow_cost":"NONE","seed_source_timestamp":497912637648800,"circlet_count":0,"master_deck":["Strike_G+1","Strike_G+1","Strike_G+1","Strike_G+1","Defend_G+1","Defend_G+1","Defend_G+1","Defend_G+1","Defend_G+1","Survivor+1","Neutralize","Envenom+1","Blade Dance","Bane+1","Noxious Fumes","Slice","Skewer","Calculated Gamble","Backflip","Cloak And Dagger+1","Die Die Die","Storm of Steel+1","Noxious Fumes+1","Escape Plan","Backflip+1","Adrenaline+1","Clumsy","Catalyst","Purity","Prepared+1","Decay"],"relics":["Ring of the Snake","Anchor","Bag of Preparation","Juzu Bracelet","Regal Pillow","Cursed Key","Red Mask","PreservedInsect","Pantograph","Kunai","Lantern","Bag of Marbles","Oddly Smooth Stone","Art of War","Happy Flower","Bottled Lightning","Mango","War Paint","Calipers"],"potions_floor_usage":[5,11,13,19,20,20,33,34,46,47],"damage_taken":[{"damage":4,"enemies":"Small Slimes","floor":1,"turns":6},{"damage":1,"enemies":"Jaw Worm","floor":3,"turns":4},{"damage":2,"enemies":"2 Louse","floor":4,"turns":3},{"damage":9,"enemies":"Exordium Wildlife","floor":5,"turns":6},{"damage":30,"enemies":"Gremlin Nob","floor":7,"turns":4},{"damage":0,"enemies":"3 Sentries","floor":11,"turns":4},{"damage":10,"enemies":"Gremlin Nob","floor":13,"turns":3},{"damage":2,"enemies":"2 Fungi Beasts","floor":14,"turns":3},{"damage":18,"enemies":"The Guardian","floor":16,"turns":9},{"damage":26,"enemies":"Shell Parasite","floor":18,"turns":6},{"damage":16,"enemies":"Spheric Guardian","floor":19,"turns":6},{"damage":0,"enemies":"Masked Bandits","floor":20,"turns":2},{"damage":3,"enemies":"Snake Plant","floor":22,"turns":4},{"damage":12,"enemies":"Slavers","floor":29,"turns":4},{"damage":5,"enemies":"Gremlin Leader","floor":31,"turns":3},{"damage":19,"enemies":"Automaton","floor":33,"turns":7},{"damage":0,"enemies":"3 Shapes","floor":35,"turns":4},{"damage":22,"enemies":"Orb Walker","floor":41,"turns":4},{"damage":0,"enemies":"Mind Bloom Boss Battle","floor":45,"turns":7},{"damage":16,"enemies":"Giant Head","floor":46,"turns":6},{"damage":21,"enemies":"Maw","floor":47,"turns":7},{"damage":92,"enemies":"Donu and Deca","floor":50,"turns":9}],"seed_played":"3950871476602912570","potions_obtained":[{"floor":1,"key":"GhostInAJar"},{"floor":4,"key":"Explosive Potion"},{"floor":7,"key":"AttackPotion"},{"floor":11,"key":"Dexterity Potion"},{"floor":16,"key":"GhostInAJar"},{"floor":18,"key":"Explosive Potion"},{"floor":29,"key":"LiquidBronze"},{"floor":33,"key":"Fruit Juice"},{"floor":41,"key":"PowerPotion"},{"floor":45,"key":"FairyPotion"},{"floor":46,"key":"Block Potion"}],"is_trial":false,"path_per_floor":["M","?","M","M","M","R","E","?","T","$","E","R","E","M","R","B",null,"M","M","?","?","M","?","?","R","T","$","?","E","T","E","R","B",null,"M","T","?","?","?","R","M","$","T","R","?","E","M","$","R","B",null],"character_chosen":"THE_SILENT","items_purchased":["Calculated Gamble","Dagger Spray","Kunai","Happy Flower","Calipers"],"campfire_rested":4,"item_purchase_floors":[10,10,27,42,48],"current_hp_per_floor":[59,59,58,56,47,47,17,34,34,34,34,34,24,22,58,40,63,37,21,21,21,18,18,18,54,54,54,54,42,42,37,70,51,70,70,70,70,70,70,70,48,48,48,48,86,70,49,49,86,8],"gold":13,"neow_bonus":"ONE_RANDOM_RARE_CARD","is_prod":false,"is_daily":false,"chose_seed":false,"campfire_upgraded":4,"win_rate":0,"timestamp":1571181626,"path_taken":["M","?","M","M","M","R","E","?","T","$","E","R","E","M","R","BOSS","M","M","?","?","M","?","?","R","T","$","?","E","?","E","R","BOSS","M","?","?","?","?","R","M","?","T","R","?","E","M","$","R","BOSS"],"build_version":"2019-07-17","purchased_purges":3,"victory":true,"max_hp_per_floor":[70,70,70,70,70,70,70,70,70,70,70,70,70,70,70,70,70,70,70,70,70,70,70,70,70,70,70,70,70,70,70,70,70,75,75,75,75,75,75,75,75,72,72,72,86,86,86,86,86,86],"card_choices":[{"not_picked":["Tactician","Finisher"],"picked":"Blade Dance","floor":1},{"not_picked":["Choke","Slice"],"picked":"Bane","floor":3},{"not_picked":["Choke","Concentrate"],"picked":"Noxious Fumes","floor":4},{"not_picked":["Blade Dance","Predator"],"picked":"Slice","floor":5},{"not_picked":["Flying Knee","PiercingWail"],"picked":"Skewer","floor":7},{"not_picked":["Tactician","Escape Plan"],"picked":"Backflip","floor":11},{"not_picked":["Choke","Outmaneuver"],"picked":"Cloak And Dagger","floor":13},{"not_picked":["Outmaneuver","Slice"],"picked":"Die Die Die","floor":14},{"not_picked":["Malaise","Bullet Time"],"picked":"Storm of Steel","floor":16},{"not_picked":["Dagger Throw","Flying Knee"],"picked":"Noxious Fumes+1","floor":18},{"not_picked":["Flying Knee","Sucker Punch"],"picked":"Escape Plan","floor":19},{"not_picked":["Deflect","Quick Slash"],"picked":"Backflip+1","floor":20},{"not_picked":["Masterful Stab","Escape Plan","Backflip"],"picked":"SKIP","floor":22},{"not_picked":["Underhanded Strike+1","Backstab"],"picked":"Adrenaline","floor":29},{"not_picked":["Expertise","Concentrate"],"picked":"Catalyst","floor":31},{"not_picked":["Bane","Blade Dance","Finisher"],"picked":"SKIP","floor":35},{"not_picked":["Metamorphosis","Forethought"],"picked":"Purity","floor":39},{"not_picked":["Endless Agony+1","Expertise"],"picked":"Prepared+1","floor":41},{"not_picked":["Bouncing Flask","Slice","Calculated Gamble"],"picked":"SKIP","floor":46},{"not_picked":["Deflect","Outmaneuver+1","Predator+1"],"picked":"SKIP","floor":47}],"player_experience":402979,"relics_obtained":[{"floor":7,"key":"Anchor"},{"floor":9,"key":"Bag of Preparation"},{"floor":11,"key":"Juzu Bracelet"},{"floor":13,"key":"Regal Pillow"},{"floor":20,"key":"Red Mask"},{"floor":26,"key":"Pantograph"},{"floor":29,"key":"Lantern"},{"floor":30,"key":"Bag of Marbles"},{"floor":31,"key":"Oddly Smooth Stone"},{"floor":36,"key":"Art of War"},{"floor":43,"key":"Bottled Lightning"},{"floor":45,"key":"Mango"},{"floor":46,"key":"War Paint"}],"event_choices":[{"damage_healed":0,"gold_gain":175,"player_choice":"AGREE","damage_taken":0,"max_hp_gain":0,"max_hp_loss":0,"event_name":"Liars Game","floor":2,"gold_loss":0,"cards_obtained":["Doubt"]},{"damage_healed":17,"gold_gain":0,"player_choice":"Healed","damage_taken":0,"max_hp_gain":0,"max_hp_loss":0,"event_name":"The Cleric","floor":8,"gold_loss":35},{"damage_healed":0,"gold_gain":0,"player_choice":"Fought Bandits","damage_taken":0,"max_hp_gain":0,"max_hp_loss":0,"event_name":"Masked Bandits","floor":20,"gold_loss":0},{"damage_healed":0,"gold_gain":0,"player_choice":"Ignored","damage_taken":0,"max_hp_gain":0,"max_hp_loss":0,"event_name":"Cursed Tome","floor":21,"gold_loss":0},{"cards_removed":["Strike_G"],"damage_healed":0,"gold_gain":0,"player_choice":"Gave Gold","damage_taken":0,"max_hp_gain":0,"max_hp_loss":0,"event_name":"Beggar","floor":23,"gold_loss":75},{"damage_healed":0,"gold_gain":0,"player_choice":"Opened","damage_taken":0,"relics_obtained":["PreservedInsect"],"max_hp_gain":0,"max_hp_loss":0,"event_name":"The Mausoleum","floor":24,"gold_loss":0},{"damage_healed":0,"gold_gain":0,"player_choice":"Simplicity","damage_taken":0,"max_hp_gain":0,"max_hp_loss":0,"event_name":"Back to Basics","floor":28,"gold_loss":0,"cards_upgraded":["Strike_G","Strike_G","Strike_G","Strike_G","Defend_G","Defend_G","Defend_G","Defend_G","Defend_G"]},{"damage_healed":0,"gold_gain":222,"player_choice":"Wore Mask","damage_taken":0,"max_hp_gain":0,"max_hp_loss":0,"event_name":"Tomb of Lord Red Mask","floor":37,"gold_loss":0},{"cards_removed":["Dagger Spray"],"damage_healed":0,"gold_gain":0,"player_choice":"Removed Attack","damage_taken":0,"max_hp_gain":0,"max_hp_loss":0,"event_name":"Falling","floor":38,"gold_loss":0},{"damage_healed":0,"gold_gain":0,"player_choice":"Memory 1","damage_taken":0,"max_hp_gain":0,"max_hp_loss":0,"event_name":"SensoryStone","floor":39,"gold_loss":0},{"damage_healed":0,"gold_gain":0,"player_choice":"Fight","damage_taken":0,"max_hp_gain":0,"max_hp_loss":0,"event_name":"MindBloom","floor":45,"gold_loss":0}],"is_beta":false,"boss_relics":[{"not_picked":["Pandora\u0027s Box","Ectoplasm"],"picked":"Cursed Key"},{"not_picked":["HoveringKite","Calling Bell","Sozu"]}],"items_purged_floors":[10,27,42],"is_endless":false,"potions_floor_spawned":[1,4,7,11,16,18,29,33,41,45,46],"ascension_level":7}