{"gold_per_floor":[116,116,116,131,54,87,103,103,103,103,113,113,139,152,152,229,229,248,265,265],"floor_reached":20,"playtime":7810,"items_purged":[],"score":397,"play_id":"dae973ce-141b-4246-b204-63d53cd5ee16","local_time":"20190714161332","is_ascension_mode":true,"campfire_choices":[{"data":"Zap","floor":8,"key":"SMITH"},{"data":"Darkness","floor":10,"key":"SMITH"},{"data":"Biased Cognition","floor":12,"key":"SMITH"},{"data":"Capacitor","floor":15,"key":"SMITH"}],"neow_cost":"NONE","seed_source_timestamp":383952222362695,"circlet_count":0,"master_deck":["AscendersBane","Strike_B","Strike_B","Strike_B","Strike_B","Defend_B","Defend_B","Defend_B","Defend_B","Zap+1","Dualcast","Gash","Darkness+1","Capacitor+1","Biased Cognition+1","Sweeping Beam","Coolheaded","Meteor Strike","Compile Driver","Chaos"],"relics":["Cracked Core","NeowsBlessing","Du-Vu Doll","Singing Bowl","Ice Cream","Lantern","Runic Pyramid"],"potions_floor_usage":[14,14,16,20],"damage_taken":[{"damage":0,"enemies":"Cultist","floor":1,"turns":1},{"damage":0,"enemies":"2 Louse","floor":4,"turns":1},{"damage":0,"enemies":"Gremlin Nob","floor":6,"turns":1},{"damage":12,"enemies":"Jaw Worm","floor":7,"turns":2},{"damage":7,"enemies":"Looter","floor":11,"turns":3},{"damage":10,"enemies":"3 Sentries","floor":13,"turns":5},{"damage":2,"enemies":"Exordium Thugs","floor":14,"turns":4},{"damage":24,"enemies":"Hexaghost","floor":16,"turns":9},{"damage":6,"enemies":"Chosen","floor":18,"turns":5},{"damage":33,"enemies":"3 Byrds","floor":19,"turns":4},{"damage":27,"enemies":"3 Cultists","floor":20,"turns":3}],"seed_played":"6233640246780412526","potions_obtained":[{"floor":1,"key":"Block Potion"},{"floor":6,"key":"Poison Potion"},{"floor":13,"key":"Block Potion"},{"floor":14,"key":"GamblersBrew"},{"floor":19,"key":"SteroidPotion"}],"is_trial":false,"path_per_floor":["M","?","?","M","$","E","M","R","T","R","M","R","E","M","R","B",null,"M","M","M"],"character_chosen":"DEFECT","items_purchased":["Capacitor"],"campfire_rested":0,"item_purchase_floors":[5],"current_hp_per_floor":[64,69,64,64,64,64,52,52,52,52,45,45,37,37,37,13,63,57,24,0],"gold":265,"neow_bonus":"THREE_ENEMY_KILL","is_prod":false,"is_daily":false,"chose_seed":false,"campfire_upgraded":4,"win_rate":0,"timestamp":1563146012,"path_taken":["M","?","?","M","?","E","M","R","T","R","M","R","E","M","R","BOSS","M","M","M"],"build_version":"2019-07-05","purchased_purges":0,"victory":false,"max_hp_per_floor":[71,76,76,76,76,76,76,76,76,76,76,76,78,80,80,80,80,80,80,80],"card_choices":[{"not_picked":["Go for the Eyes","Rebound"],"picked":"Gash","floor":1},{"not_picked":["Scrape","Consume"],"picked":"Darkness","floor":4},{"not_picked":["Streamline","Reinforced Body"],"picked":"Biased Cognition","floor":6},{"not_picked":["Turbo","Streamline"],"picked":"Sweeping Beam","floor":7},{"not_picked":["BootSequence","Turbo"],"picked":"Coolheaded","floor":11},{"not_picked":["Hologram","Leap","Fusion"],"picked":"Singing Bowl","floor":13},{"not_picked":["Auto Shields","Compile Driver","Fission"],"picked":"Singing Bowl","floor":14},{"not_picked":["Rainbow","Hyperbeam"],"picked":"Meteor Strike","floor":16},{"not_picked":["Skim","Ball Lightning"],"picked":"Compile Driver","floor":18},{"not_picked":["Ball Lightning","Aggregate"],"picked":"Chaos","floor":19}],"player_experience":2138509,"relics_obtained":[{"floor":6,"key":"Singing Bowl"},{"floor":9,"key":"Ice Cream"},{"floor":13,"key":"Lantern"}],"event_choices":[{"damage_healed":0,"gold_gain":0,"player_choice":"Donut","damage_taken":0,"max_hp_gain":5,"max_hp_loss":0,"event_name":"Big Fish","floor":2,"gold_loss":0},{"damage_healed":0,"gold_gain":0,"player_choice":"Success","damage_taken":5,"relics_obtained":["Du-Vu Doll"],"max_hp_gain":0,"max_hp_loss":0,"event_name":"Scrap Ooze","floor":3,"gold_loss":0}],"is_beta":false,"boss_relics":[{"not_picked":["Coffee Dripper","Ectoplasm"],"picked":"Runic Pyramid"}],"items_purged_floors":[],"is_endless":false,"potions_floor_spawned":[1,6,13,14,19],"killed_by":"3 Cultists","ascension_level":18}