{"gold_per_floor":[113,123,198,198,212,212,246,246,246,258,258,12,12],"floor_reached":13,"playtime":66429,"items_purged":["Strike_B"],"score":162,"play_id":"bea3e51e-81ed-4cd3-9031-287b92960293","local_time":"20190803110106","is_ascension_mode":true,"campfire_choices":[{"data":"Zap","floor":6,"key":"SMITH"},{"floor":11,"key":"REST"}],"neow_cost":"NONE","seed_source_timestamp":342249197050606,"circlet_count":0,"master_deck":["AscendersBane","Strike_B","Strike_B","Defend_B","Defend_B","Defend_B","Defend_B","Zap+1","Dualcast","Capacitor","Capacitor","Defragment","Blizzard","Chill","Leap"],"relics":["Cracked Core","Smiling Mask","Thread and Needle","Mercury Hourglass","Blood Vial"],"potions_floor_usage":[13],"damage_taken":[{"damage":6,"enemies":"Cultist","floor":1,"turns":3},{"damage":4,"enemies":"2 Louse","floor":2,"turns":3},{"damage":0,"enemies":"Small Slimes","floor":5,"turns":2},{"damage":30,"enemies":"Lagavulin","floor":7,"turns":7},{"damage":0,"enemies":"Blue Slaver","floor":10,"turns":4},{"damage":58,"enemies":"Gremlin Nob","floor":13,"turns":4}],"seed_played":"-3799420757796948840","potions_obtained":[{"floor":1,"key":"Energy Potion"},{"floor":2,"key":"Explosive Potion"}],"is_trial":false,"path_per_floor":["M","M","?","?","M","R","E","?","T","M","R","$","E"],"character_chosen":"DEFECT","items_purchased":["Blood Vial","Leap"],"campfire_rested":1,"item_purchase_floors":[12,12],"current_hp_per_floor":[58,54,43,43,43,43,13,13,13,13,34,34,0],"gold":12,"neow_bonus":"RANDOM_COMMON_RELIC","is_prod":false,"is_daily":false,"chose_seed":false,"campfire_upgraded":1,"win_rate":0,"timestamp":1564855266,"path_taken":["M","M","?","?","?","R","E","?","T","M","R","$","E"],"build_version":"2019-07-17","purchased_purges":1,"victory":false,"max_hp_per_floor":[71,71,71,71,71,71,71,71,71,71,71,71,71],"card_choices":[{"not_picked":["Steam Power","Rebound"],"picked":"Capacitor","floor":1},{"not_picked":["Streamline","Steam Power"],"picked":"Capacitor","floor":2},{"not_picked":["Heatsinks","Cold Snap"],"picked":"Defragment","floor":5},{"not_picked":["Redo","Turbo"],"picked":"Blizzard","floor":7},{"not_picked":["Darkness","Rebound"],"picked":"Chill","floor":10}],"player_experience":2428290,"relics_obtained":[{"floor":7,"key":"Thread and Needle"},{"floor":9,"key":"Mercury Hourglass"}],"event_choices":[{"damage_healed":0,"gold_gain":75,"player_choice":"Gather Gold","damage_taken":11,"max_hp_gain":0,"max_hp_loss":0,"event_name":"World of Goop","floor":3,"gold_loss":0},{"cards_removed":["Strike_B"],"damage_healed":0,"gold_gain":0,"player_choice":"Offered Basic","damage_taken":0,"max_hp_gain":0,"max_hp_loss":0,"event_name":"Bonfire Elementals","floor":4,"gold_loss":0},{"damage_healed":0,"gold_gain":0,"player_choice":"Ignored","damage_taken":0,"max_hp_gain":0,"max_hp_loss":0,"event_name":"Shining Light","floor":8,"gold_loss":0}],"is_beta":false,"boss_relics":[],"items_purged_floors":[12],"is_endless":false,"potions_floor_spawned":[1,2,10],"killed_by":"Gremlin Nob","ascension_level":19}