{"gold_per_floor":[119,4,23,23,39,39,39,115,140,160,160,170,184,184,184,184],"floor_reached":16,"playtime":4413,"items_purged":["Dualcast"],"score":143,"play_id":"83768313-e216-486d-b6ca-e293ff1023ce","local_time":"20190202122855","is_ascension_mode":true,"campfire_choices":[{"data":"Zap","floor":6,"key":"SMITH"},{"data":"Loop","floor":11,"key":"SMITH"},{"data":"Coolheaded","floor":15,"key":"SMITH"}],"neow_cost":"NONE","seed_source_timestamp":60264370815568,"circlet_count":0,"master_deck":["AscendersBane","Strike_B","Strike_B","Strike_B","Defend_B","Defend_B","Defend_B","Defend_B","Zap+1","Coolheaded+1","FTL","Loop+1","Blizzard"],"relics":["Cracked Core","Bottled Tornado","Ancient Tea Set"],"potions_floor_usage":[10,13],"damage_taken":[{"damage":5,"enemies":"Jaw Worm","floor":1,"turns":4},{"damage":1,"enemies":"2 Louse","floor":3,"turns":3},{"damage":0,"enemies":"Small Slimes","floor":5,"turns":3},{"damage":4,"enemies":"2 Fungi Beasts","floor":10,"turns":3},{"damage":1,"enemies":"Looter","floor":12,"turns":3},{"damage":0,"enemies":"3 Louse","floor":13,"turns":1},{"damage":55,"enemies":"Hexaghost","floor":16,"turns":11}],"seed_played":"-3879752066898353128","potions_obtained":[{"floor":3,"key":"SteroidPotion"},{"floor":12,"key":"Explosive Potion"},{"floor":13,"key":"SteroidPotion"}],"is_trial":false,"path_per_floor":["M","$","M","?","M","R","?","T","T","M","R","M","M","?","R","B"],"character_chosen":"DEFECT","items_purchased":["Loop"],"campfire_rested":0,"item_purchase_floors":[2],"current_hp_per_floor":[63,63,62,55,55,55,55,55,55,51,51,50,50,55,55,0],"gold":184,"neow_bonus":"THREE_CARDS","is_prod":false,"is_daily":false,"chose_seed":false,"campfire_upgraded":3,"win_rate":0,"timestamp":1549139335,"path_taken":["M","$","M","?","M","R","?","?","T","M","R","M","M","?","R","BOSS"],"build_version":"2019-01-23","purchased_purges":1,"victory":false,"max_hp_per_floor":[75,75,75,75,75,75,75,75,75,75,75,75,75,80,80,80],"card_choices":[{"not_picked":["Cold Snap","Sweeping Beam"],"picked":"Coolheaded","floor":0},{"not_picked":["Leap","Go for the Eyes"],"picked":"FTL","floor":1},{"not_picked":["FTL","Steam","Consume"],"picked":"SKIP","floor":3},{"not_picked":["Compile Driver","Coolheaded","Go for the Eyes"],"picked":"SKIP","floor":5},{"not_picked":["Streamline","Steam","Sweeping Beam"],"picked":"SKIP","floor":10},{"not_picked":["Redo","Steam Power","Biased Cognition"],"picked":"SKIP","floor":12},{"not_picked":["Heatsinks","Fusion"],"picked":"Blizzard","floor":13}],"player_experience":847545,"relics_obtained":[{"floor":8,"key":"Bottled Tornado"},{"floor":9,"key":"Ancient Tea Set"}],"event_choices":[{"cards_removed":["Strike_B"],"damage_healed":0,"gold_gain":0,"player_choice":"Card Removal","damage_taken":7,"max_hp_gain":0,"max_hp_loss":0,"event_name":"Golden Wing","floor":4,"gold_loss":0},{"damage_healed":0,"gold_gain":0,"player_choice":"Ignored","damage_taken":0,"max_hp_gain":0,"max_hp_loss":0,"event_name":"Liars Game","floor":7,"gold_loss":0},{"damage_healed":0,"gold_gain":0,"player_choice":"Donut","damage_taken":0,"max_hp_gain":5,"max_hp_loss":0,"event_name":"Big Fish","floor":14,"gold_loss":0}],"is_beta":false,"boss_relics":[],"items_purged_floors":[2],"is_endless":false,"potions_floor_spawned":[3,12,13],"killed_by":"Hexaghost","ascension_level":11}