{"gold_per_floor":[110,110,110,130,149,176,176,193,193,228,228,254,254,9,9,114,114,124,49,61,86,106,106,106],"floor_reached":24,"playtime":899,"items_purged":[],"score":289,"play_id":"3becb57c-7707-4fcf-be13-16f65564dc73","local_time":"20190818133845","is_ascension_mode":true,"campfire_choices":[{"floor":7,"key":"REST"},{"floor":11,"key":"REST"},{"floor":13,"key":"REST"},{"data":"Leap","floor":15,"key":"SMITH"},{"data":"Dualcast","floor":23,"key":"SMITH"}],"neow_cost":"NONE","seed_source_timestamp":386168941343515,"circlet_count":0,"master_deck":["Strike_B","Strike_B","Strike_B","Defend_B","Defend_B","Defend_B","Defend_B","Zap","Dualcast+1","Redo","Leap+1","Redo","Genetic Algorithm","Tempest","Cold Snap","Chaos+1","Stack+1","Seek+1","White Noise+1","Chill+1","Sweeping Beam+1"],"relics":["Cracked Core","NeowsBlessing","NlothsMask","Happy Flower","Turnip","Toxic Egg 2","Lee\u0027s Waffle","Velvet Choker","Omamori"],"potions_floor_usage":[10,12],"damage_taken":[{"damage":0,"enemies":"2 Louse","floor":1,"turns":1},{"damage":0,"enemies":"Cultist","floor":4,"turns":1},{"damage":0,"enemies":"Jaw Worm","floor":5,"turns":1},{"damage":38,"enemies":"Gremlin Nob","floor":6,"turns":4},{"damage":7,"enemies":"Red Slaver","floor":8,"turns":4},{"damage":25,"enemies":"Lagavulin","floor":10,"turns":8},{"damage":27,"enemies":"Gremlin Nob","floor":12,"turns":5},{"damage":26,"enemies":"Slime Boss","floor":16,"turns":11},{"damage":0,"enemies":"Spheric Guardian","floor":18,"turns":3},{"damage":9,"enemies":"Shell Parasite","floor":20,"turns":6},{"damage":20,"enemies":"Chosen and Byrds","floor":22,"turns":6},{"damage":58,"enemies":"Gremlin Leader","floor":24,"turns":5}],"seed_played":"2688579573444565396","potions_obtained":[{"floor":8,"key":"Block Potion"},{"floor":10,"key":"Dexterity Potion"},{"floor":16,"key":"Swift Potion"},{"floor":20,"key":"Dexterity Potion"}],"is_trial":false,"path_per_floor":["M","?","?","M","M","E","R","M","T","E","R","E","R","$","R","B",null,"M","?","M","T","M","R","E"],"character_chosen":"DEFECT","items_purchased":["Lee\u0027s Waffle","Stack+1"],"campfire_rested":3,"item_purchase_floors":[14,14],"current_hp_per_floor":[68,73,73,73,73,35,59,52,52,27,51,24,48,87,87,61,81,81,81,72,72,52,52,0],"gold":106,"neow_bonus":"THREE_ENEMY_KILL","is_prod":false,"is_daily":false,"chose_seed":false,"campfire_upgraded":2,"win_rate":0,"timestamp":1566160725,"path_taken":["M","?","?","?","M","E","R","M","T","E","R","E","R","$","R","BOSS","M","?","M","?","M","R","E"],"build_version":"2019-07-17","purchased_purges":0,"victory":false,"max_hp_per_floor":[75,80,80,80,80,80,80,80,80,80,80,80,80,87,87,87,87,87,87,87,87,87,87,87],"card_choices":[{"not_picked":["Beam Cell","Gash"],"picked":"Redo","floor":1},{"not_picked":["Consume","Gash"],"picked":"Leap","floor":4},{"not_picked":["Gash","Force Field"],"picked":"Redo","floor":5},{"not_picked":["Storm","Streamline"],"picked":"Genetic Algorithm","floor":6},{"not_picked":["Rip and Tear","Hologram"],"picked":"Tempest","floor":8},{"not_picked":["Turbo","Genetic Algorithm"],"picked":"Cold Snap","floor":10},{"not_picked":["Gash","Sweeping Beam"],"picked":"Chaos","floor":12},{"not_picked":["Core Surge","Rainbow+1"],"picked":"Seek+1","floor":16},{"not_picked":["Cold Snap+1","Stack+1"],"picked":"White Noise+1","floor":18},{"not_picked":["Streamline","Coolheaded+1"],"picked":"Chill+1","floor":20},{"not_picked":["Cold Snap","Genetic Algorithm+1"],"picked":"Sweeping Beam+1","floor":22}],"player_experience":727986,"relics_obtained":[{"floor":6,"key":"Happy Flower"},{"floor":10,"key":"Turnip"},{"floor":12,"key":"Toxic Egg 2"},{"floor":21,"key":"Omamori"}],"event_choices":[{"damage_healed":0,"gold_gain":0,"player_choice":"Donut","damage_taken":0,"max_hp_gain":5,"max_hp_loss":0,"event_name":"Big Fish","floor":2,"gold_loss":0},{"damage_healed":0,"gold_gain":0,"player_choice":"Trade","damage_taken":0,"relics_obtained":["NlothsMask"],"max_hp_gain":0,"max_hp_loss":0,"event_name":"FaceTrader","floor":3,"gold_loss":0},{"cards_removed":["Strike_B"],"damage_healed":0,"gold_gain":0,"player_choice":"Gave Gold","damage_taken":0,"max_hp_gain":0,"max_hp_loss":0,"event_name":"Beggar","floor":19,"gold_loss":75}],"is_beta":false,"boss_relics":[{"not_picked":["Snecko Eye","Black Star"],"picked":"Velvet Choker"}],"items_purged_floors":[],"is_endless":false,"potions_floor_spawned":[8,10,16,20],"killed_by":"Gremlin Leader","ascension_level":7}