{"path_per_floor":["M","M","$","?","?","R","E","?","T","R","M","M","?","M","R","B",null,"M","?","$","$","M"],"character_chosen":"DEFECT","items_purchased":["Omamori","Streamline"],"gold_per_floor":[219,239,10,10,10,10,38,38,38,38,57,74,24,38,38,133,133,147,147,0,0,18,18],"floor_reached":23,"campfire_rested":0,"playtime":2461,"item_purchase_floors":[3,20],"current_hp_per_floor":[58,57,57,57,50,50,50,50,50,50,50,50,50,50,50,41,67,56,56,56,56,57,0],"items_purged":["Dualcast","Defend_B"],"gold":18,"score":278,"play_id":"5d9e2f86-9147-4ccf-bccb-316aef267c6e","local_time":"20180619221757","is_prod":false,"is_daily":false,"chose_seed":false,"is_ascension_mode":true,"campfire_upgraded":2,"win_rate":0,"timestamp":1529471877,"campfire_choices":[{"data":"Zap","floor":6,"key":"SMITH"},{"floor":10,"key":"DIG"},{"data":"Hologram","floor":15,"key":"SMITH"}],"path_taken":["M","M","$","?","?","R","E","?","T","R","M","?","?","M","R","BOSS","M","?","?","$","M","E"],"build_version":"2018-06-14v2","seed_source_timestamp":11694451362308,"purchased_purges":2,"victory":false,"master_deck":["Strike_B+1","Defend_B","Zap+1","Auto Shields","Sunder+1","Meteor Strike","Self Repair","Beam Cell","Hologram+1","Streamline","Turbo"],"max_hp_per_floor":[75,75,75,75,75,75,75,75,75,75,75,75,75,75,75,75,75,75,75,75,75,75,75],"relics":["Cracked Core","Omamori","Whetstone","Shovel","Cables","Velvet Choker"],"card_choices":[{"not_picked":["Coolheaded","Conserve Battery"],"picked":"Auto Shields","floor":1},{"not_picked":["Double Energy","Barrage"],"picked":"Sunder","floor":2},{"not_picked":["White Noise","Ball Lightning","Steam"],"picked":"SKIP","floor":7},{"not_picked":["Hologram","Aggregate"],"picked":"Self Repair","floor":11},{"not_picked":["Thunder Strike","Gash"],"picked":"Beam Cell","floor":12},{"not_picked":["Ball Lightning","Rebound"],"picked":"Hologram","floor":14},{"not_picked":["Barrage+1","Hologram+1","Undo"],"picked":"SKIP","floor":18},{"not_picked":["Rebound","Steam Power"],"picked":"Turbo","floor":22}],"player_experience":565710,"potions_floor_usage":[7,14,16],"damage_taken":[{"damage":10,"enemies":"Small Slimes","floor":1,"turns":3},{"damage":1,"enemies":"Cultist","floor":2,"turns":3},{"damage":0,"enemies":"3 Sentries","floor":7,"turns":6},{"damage":0,"enemies":"2 Louse","floor":11,"turns":3},{"damage":0,"enemies":"Large Slime","floor":12,"turns":4},{"damage":0,"enemies":"Looter","floor":14,"turns":1},{"damage":16,"enemies":"Slime Boss","floor":16,"turns":7},{"damage":18,"enemies":"Chosen","floor":18,"turns":4},{"damage":6,"enemies":"2 Thieves","floor":22,"turns":2},{"damage":63,"enemies":"Gremlin Leader","floor":23,"turns":6}],"relics_obtained":[{"floor":7,"key":"Whetstone"},{"floor":9,"key":"Shovel"},{"floor":10,"key":"Cables"}],"event_choices":[{"event_name":"Bonfire Elementals","player_choice":"BASIC","floor":4,"damage_taken":0},{"event_name":"Golden Wing","player_choice":"Card Removal","floor":5,"damage_taken":0},{"event_name":"Transmorgrifier","player_choice":"Transform","floor":8,"damage_taken":0},{"event_name":"The Cleric","player_choice":"Card Removal","floor":13,"damage_taken":0},{"event_name":"Back to Basics","player_choice":"Elegance","floor":19,"damage_taken":0}],"boss_relics":[{"not_picked":["Runic Pyramid","Fusion Hammer"],"picked":"Velvet Choker"}],"items_purged_floors":[3,20],"is_endless":false,"potions_floor_spawned":[1,11,12,16,22],"seed_played":"-956875226037215568","killed_by":"Gremlin Leader","ascension_level":6,"potions_obtained":[{"floor":1,"key":"Block Potion"},{"floor":11,"key":"SkillPotion"},{"floor":12,"key":"Fire Potion"},{"floor":16,"key":"SpeedPotion"},{"floor":22,"key":"Ancient Potion"}],"is_trial":false}