{"gold_per_floor":[118,133,148,165,165,165,165,6,6,19,30,30,47,47,47,118,118,128,28,45,45,45,45,62,62,62,62,76,76,76],"floor_reached":30,"playtime":6822,"items_purged":["Strike_B","Strike_B"],"score":414,"play_id":"ee64bebe-95e8-44a3-ab83-89f13c0d2051","local_time":"20190630165956","is_ascension_mode":true,"campfire_choices":[{"data":"Zap","floor":6,"key":"SMITH"},{"data":"Defragment","floor":12,"key":"SMITH"},{"data":"Loop","floor":15,"key":"SMITH"},{"data":"Go for the Eyes","floor":23,"key":"SMITH"},{"data":"FTL","floor":25,"key":"SMITH"}],"neow_cost":"NONE","seed_source_timestamp":340113078515341,"circlet_count":0,"master_deck":["AscendersBane","Strike_B","Strike_B","Defend_B","Defend_B","Defend_B","Defend_B","Zap+1","Sunder","Undo","Go for the Eyes+1","Ball Lightning","Defragment+1","FTL+1","Loop+1","BootSequence","Electrodynamics","Force Field+1"],"relics":["Cracked Core","Art of War","Girya","Sozu"],"potions_floor_usage":[16,28],"damage_taken":[{"damage":0,"enemies":"Cultist","floor":1,"turns":3},{"damage":0,"enemies":"Jaw Worm","floor":2,"turns":3},{"damage":0,"enemies":"2 Louse","floor":3,"turns":2},{"damage":6,"enemies":"Looter","floor":4,"turns":2},{"damage":8,"enemies":"Exordium Thugs","floor":7,"turns":4},{"damage":9,"enemies":"3 Louse","floor":10,"turns":3},{"damage":8,"enemies":"Blue Slaver","floor":11,"turns":4},{"damage":1,"enemies":"Looter","floor":13,"turns":3},{"damage":13,"enemies":"Hexaghost","floor":16,"turns":8},{"damage":9,"enemies":"Chosen","floor":18,"turns":4},{"damage":9,"enemies":"Shell Parasite","floor":20,"turns":5},{"damage":24,"enemies":"Sentry and Sphere","floor":24,"turns":5},{"damage":13,"enemies":"Centurion and Healer","floor":28,"turns":4},{"damage":8,"enemies":"3 Cultists","floor":30,"turns":2}],"seed_played":"4606730257904764285","potions_obtained":[{"floor":2,"key":"AttackPotion"},{"floor":11,"key":"Fire Potion"}],"is_trial":false,"path_per_floor":["M","M","M","M","?","R","M","$","T","M","M","R","M","?","R","B",null,"M","$","M","?","$","R","M","R","T","?","M","$","M"],"character_chosen":"DEFECT","items_purchased":["Defragment"],"campfire_rested":0,"item_purchase_floors":[8],"current_hp_per_floor":[64,64,64,58,51,51,43,43,43,34,26,26,25,48,48,35,62,53,53,44,44,44,44,20,20,20,16,3,3,0],"gold":76,"neow_bonus":"RANDOM_COMMON_RELIC","is_prod":false,"is_daily":false,"chose_seed":false,"campfire_upgraded":5,"win_rate":0,"timestamp":1561939196,"path_taken":["M","M","?","M","?","R","M","$","T","M","M","R","M","?","R","BOSS","M","$","M","?","$","R","M","R","T","?","?","$","M"],"build_version":"2019-01-23","purchased_purges":2,"victory":false,"max_hp_per_floor":[71,71,71,71,71,71,71,71,71,71,71,71,71,71,71,71,71,71,71,71,71,71,71,71,71,71,71,71,71,71],"card_choices":[{"not_picked":["Cold Snap","Redo"],"picked":"Sunder","floor":1},{"not_picked":["Beam Cell","Sweeping Beam"],"picked":"Undo","floor":2},{"not_picked":["Redo","Static Discharge"],"picked":"Go for the Eyes","floor":3},{"not_picked":["Double Energy","Turbo","Force Field"],"picked":"SKIP","floor":4},{"not_picked":["Heatsinks","Go for the Eyes"],"picked":"Ball Lightning","floor":7},{"not_picked":["Stack","Double Energy"],"picked":"FTL","floor":10},{"not_picked":["Steam","Stack"],"picked":"Loop","floor":11},{"not_picked":["Double Energy","Storm"],"picked":"BootSequence","floor":13},{"not_picked":["Hyperbeam","Core Surge"],"picked":"Electrodynamics","floor":16},{"not_picked":["Redo","Go for the Eyes","Steam"],"picked":"SKIP","floor":18},{"not_picked":["FTL","Skim","Undo"],"picked":"SKIP","floor":20},{"not_picked":["Coolheaded","Rainbow"],"picked":"Force Field+1","floor":24},{"not_picked":["Streamline+1","Scrape+1","Beam Cell"],"picked":"SKIP","floor":28}],"player_experience":1561326,"relics_obtained":[{"floor":9,"key":"Girya"}],"event_choices":[{"cards_removed":["Dualcast"],"damage_healed":0,"gold_gain":0,"player_choice":"Card Removal","damage_taken":7,"max_hp_gain":0,"max_hp_loss":0,"event_name":"Golden Wing","floor":5,"gold_loss":0},{"damage_healed":23,"gold_gain":0,"player_choice":"Banana","damage_taken":0,"max_hp_gain":0,"max_hp_loss":0,"event_name":"Big Fish","floor":14,"gold_loss":0},{"damage_healed":0,"gold_gain":0,"player_choice":"Ignored","damage_taken":0,"max_hp_gain":0,"max_hp_loss":0,"event_name":"Beggar","floor":21,"gold_loss":0},{"damage_healed":0,"gold_gain":0,"player_choice":"Bought 0 Potions","damage_taken":0,"max_hp_gain":0,"max_hp_loss":0,"event_name":"The Woman in Blue","floor":27,"gold_loss":0}],"is_beta":false,"boss_relics":[{"not_picked":["Tiny House","Orrery"],"picked":"Sozu"}],"items_purged_floors":[8,19],"is_endless":false,"potions_floor_spawned":[2,11,13,24],"killed_by":"3 Cultists","ascension_level":17}