{"gold_per_floor":[114,114,114,130,130,130,156,179,179,179,193,209,209,209,209,307,307,322,332,345,369,411,54,54,73,73,105,118,134,134,13,13,115,115,127,146,193,206,306,306,322,339,339,339],"floor_reached":44,"playtime":2187,"items_purged":[],"score":430,"play_id":"499fbc3c-4371-4a62-b701-77ae89aef864","local_time":"20191011094251","is_ascension_mode":false,"campfire_choices":[{"floor":6,"key":"REST"},{"floor":10,"key":"REST"},{"floor":13,"key":"REST"},{"floor":15,"key":"REST"},{"floor":24,"key":"REST"},{"floor":30,"key":"REST"},{"floor":32,"key":"REST"},{"floor":40,"key":"REST"}],"neow_cost":"NONE","seed_source_timestamp":262741376612400,"circlet_count":0,"master_deck":["Strike_R+1","Strike_R+1","Strike_R+1","Defend_R","Defend_R","Defend_R","Defend_R","Bash+1","Entrench","Shrug It Off","Iron Wave","Inflame+1","Iron Wave","Double Tap","Battle Trance","Evolve+1","Havoc","Fire Breathing+1","Armaments","Hemokinesis+1","Demon Form+1","True Grit+1","Twin Strike","Double Tap+1","Barricade+1","Intimidate+1","Hemokinesis","Inflame+1","Shrug It Off+1","Havoc+1"],"relics":["Empty Cage","Bronze Scales","Whetstone","Frozen Egg 2","Busted Crown","MawBank","Tiny Chest","Matryoshka","Smiling Mask","Pantograph","Toxic Egg 2","Lizard Tail","Strawberry","Anchor","Bottled Lightning"],"potions_floor_usage":[16,16,25,28,29,33,38,44],"damage_taken":[{"damage":15,"enemies":"Cultist","floor":1,"turns":4},{"damage":10,"enemies":"Small Slimes","floor":4,"turns":5},{"damage":51,"enemies":"Lagavulin","floor":7,"turns":8},{"damage":11,"enemies":"Jaw Worm","floor":11,"turns":2},{"damage":7,"enemies":"2 Fungi Beasts","floor":12,"turns":3},{"damage":44,"enemies":"Hexaghost","floor":16,"turns":11},{"damage":19,"enemies":"Spheric Guardian","floor":18,"turns":4},{"damage":5,"enemies":"Chosen","floor":19,"turns":4},{"damage":22,"enemies":"Snake Plant","floor":20,"turns":3},{"damage":13,"enemies":"Shelled Parasite and Fungi","floor":25,"turns":4},{"damage":28,"enemies":"Slavers","floor":27,"turns":5},{"damage":35,"enemies":"Centurion and Healer","floor":28,"turns":5},{"damage":17,"enemies":"Snecko","floor":29,"turns":6},{"damage":11,"enemies":"Champ","floor":33,"turns":9},{"damage":27,"enemies":"Orb Walker","floor":35,"turns":5},{"damage":49,"enemies":"3 Darklings","floor":36,"turns":7},{"damage":38,"enemies":"Jaw Worm Horde","floor":38,"turns":6},{"damage":21,"enemies":"Transient","floor":41,"turns":5},{"damage":14,"enemies":"Maw","floor":42,"turns":6},{"damage":27,"enemies":"Spire Growth","floor":44,"turns":6}],"seed_played":"6223718057037448708","potions_obtained":[{"floor":4,"key":"SpeedPotion"},{"floor":7,"key":"SneckoOil"},{"floor":12,"key":"BloodPotion"},{"floor":18,"key":"BloodPotion"},{"floor":25,"key":"GamblersBrew"},{"floor":27,"key":"Regen Potion"},{"floor":36,"key":"FearPotion"},{"floor":42,"key":"Ancient Potion"}],"is_trial":false,"path_per_floor":["M","$","?","M","?","R","E","T","T","R","M","M","R","?","R","B",null,"M","M","M","T","?","$","R","M","T","E","M","M","R","$","R","B",null,"M","M","T","M","?","R","M","M","T","M"],"character_chosen":"IRONCLAD","items_purchased":["Fire Breathing+1","Armaments","Matryoshka","Double Tap+1","Strength Potion"],"campfire_rested":8,"item_purchase_floors":[23,23,23,31,31],"current_hp_per_floor":[65,65,70,60,43,68,17,17,17,42,31,24,49,49,74,51,85,66,61,39,39,39,39,64,72,72,44,23,6,31,31,56,70,85,58,9,16,30,30,57,36,22,22,0],"gold":339,"neow_bonus":"BOSS_RELIC","is_prod":false,"is_daily":false,"chose_seed":false,"campfire_upgraded":0,"win_rate":0,"timestamp":1570804971,"path_taken":["M","$","?","M","?","R","E","?","T","R","M","M","R","?","R","BOSS","M","?","M","?","?","?","R","M","T","E","M","?","R","$","R","BOSS","M","M","?","M","?","R","M","?","T","M"],"build_version":"2019-07-17","purchased_purges":0,"victory":false,"max_hp_per_floor":[80,80,85,85,85,85,85,85,85,85,85,85,85,85,85,85,85,85,85,85,85,85,85,85,85,85,85,85,85,85,85,85,85,85,85,85,92,92,92,92,92,92,92,92],"card_choices":[{"not_picked":["Thunderclap","Headbutt"],"picked":"Entrench","floor":1},{"not_picked":["Disarm","Feel No Pain"],"picked":"Shrug It Off","floor":4},{"not_picked":["Pommel Strike","Rupture"],"picked":"Iron Wave","floor":7},{"not_picked":["Sword Boomerang","Wild Strike"],"picked":"Inflame+1","floor":11},{"not_picked":["Sword Boomerang","Headbutt"],"picked":"Iron Wave","floor":12},{"not_picked":["Limit Break","Brutality+1"],"picked":"Double Tap","floor":16},{"not_picked":[],"picked":"Battle Trance","floor":18},{"not_picked":[],"picked":"Evolve+1","floor":19},{"not_picked":[],"picked":"Havoc","floor":20},{"not_picked":[],"picked":"Hemokinesis+1","floor":25},{"not_picked":[],"picked":"Demon Form+1","floor":27},{"not_picked":[],"picked":"True Grit+1","floor":28},{"not_picked":[],"picked":"Twin Strike","floor":29},{"not_picked":[],"picked":"Barricade+1","floor":33},{"not_picked":[],"picked":"Intimidate+1","floor":35},{"not_picked":[],"picked":"Hemokinesis","floor":36},{"not_picked":[],"picked":"Inflame+1","floor":38},{"not_picked":[],"picked":"Shrug It Off+1","floor":41},{"not_picked":[],"picked":"Havoc+1","floor":42}],"player_experience":108483,"relics_obtained":[{"floor":7,"key":"Bronze Scales"},{"floor":8,"key":"Whetstone"},{"floor":9,"key":"Frozen Egg 2"},{"floor":21,"key":"MawBank"},{"floor":26,"key":"Smiling Mask"},{"floor":26,"key":"Pantograph"},{"floor":27,"key":"Toxic Egg 2"},{"floor":37,"key":"Strawberry"},{"floor":37,"key":"Anchor"},{"floor":43,"key":"Bottled Lightning"}],"event_choices":[{"damage_healed":0,"gold_gain":0,"player_choice":"Donut","damage_taken":0,"max_hp_gain":5,"max_hp_loss":0,"event_name":"Big Fish","floor":3,"gold_loss":0},{"damage_healed":0,"gold_gain":0,"player_choice":"Entered Light","damage_taken":17,"max_hp_gain":0,"max_hp_loss":0,"event_name":"Shining Light","floor":5,"gold_loss":0,"cards_upgraded":["Bash","Strike_R"]},{"damage_healed":0,"gold_gain":0,"player_choice":"Ignored","damage_taken":0,"max_hp_gain":0,"max_hp_loss":0,"event_name":"NoteForYourself","floor":14,"gold_loss":0},{"damage_healed":0,"gold_gain":0,"player_choice":"Opened","damage_taken":0,"relics_obtained":["Tiny Chest"],"max_hp_gain":0,"max_hp_loss":0,"event_name":"The Mausoleum","floor":22,"gold_loss":0},{"damage_healed":0,"gold_gain":100,"player_choice":"Pray","damage_taken":0,"max_hp_gain":0,"max_hp_loss":0,"event_name":"Golden Shrine","floor":39,"gold_loss":0}],"is_beta":false,"boss_relics":[{"not_picked":["Runic Dome","Runic Cube"],"picked":"Busted Crown"},{"not_picked":["Calling Bell","Orrery"],"picked":"Lizard Tail"}],"items_purged_floors":[],"is_endless":false,"potions_floor_spawned":[4,7,12,18,25,27,36,42],"killed_by":"Spire Growth","ascension_level":0}