{"gold_per_floor":[111,61,77,92,92,92,127,138,138,172,172,183,196,196,196,291,291,304,304,156,156,156,184,184,198,198,211,222,222,222,248,248,353,403,420,420,520,575,575],"floor_reached":39,"playtime":2624,"items_purged":[],"score":500,"play_id":"aba9f857-7c27-4c08-b5a7-1e2cb3ffa57a","local_time":"20190803112440","is_ascension_mode":true,"campfire_choices":[{"data":"Shrug It Off","floor":6,"key":"SMITH"},{"data":"Limit Break","floor":11,"key":"SMITH"},{"data":"Thunderclap","floor":15,"key":"SMITH"},{"data":"J.A.X.","floor":24,"key":"SMITH"},{"data":"Offering","floor":29,"key":"SMITH"},{"floor":32,"key":"REST"}],"neow_cost":"NONE","seed_source_timestamp":8745542919000,"circlet_count":0,"master_deck":["Strike_R+1","Strike_R","Defend_R","Defend_R","Defend_R","Bash+1","Shrug It Off+1","Cleave","Thunderclap+1","Battle Trance","Clothesline+1","Limit Break+1","Offering+1","Infernal Blade+1","Wild Strike+1","Berserk+1","Dual Wield","J.A.X.+1","Sword Boomerang","Flex+1","Spot Weakness","Necronomicurse","Flame Barrier+1","Pommel Strike","Limit Break+1","Feel No Pain+1","Heavy Blade","Shrug It Off+1"],"relics":["Burning Blood","Boot","Mercury Hourglass","Charon\u0027s Ashes","Astrolabe","Dream Catcher","Blue Candle","Necronomicon","Whetstone","Tiny House","Shovel","Mango"],"potions_floor_usage":[7,27,33,33,35,38,39],"damage_taken":[{"damage":1,"enemies":"Jaw Worm","floor":1,"turns":4},{"damage":0,"enemies":"2 Louse","floor":3,"turns":4},{"damage":0,"enemies":"Small Slimes","floor":4,"turns":3},{"damage":19,"enemies":"Gremlin Nob","floor":7,"turns":4},{"damage":10,"enemies":"Blue Slaver","floor":8,"turns":4},{"damage":16,"enemies":"3 Sentries","floor":10,"turns":5},{"damage":0,"enemies":"3 Louse","floor":12,"turns":2},{"damage":6,"enemies":"Exordium Wildlife","floor":13,"turns":4},{"damage":58,"enemies":"The Guardian","floor":16,"turns":17},{"damage":13,"enemies":"Shell Parasite","floor":18,"turns":5},{"damage":22,"enemies":"Book of Stabbing","floor":23,"turns":4},{"damage":14,"enemies":"Chosen","floor":25,"turns":4},{"damage":6,"enemies":"Snecko","floor":27,"turns":3},{"damage":9,"enemies":"Sentry and Sphere","floor":28,"turns":3},{"damage":9,"enemies":"Gremlin Leader","floor":31,"turns":2},{"damage":45,"enemies":"Champ","floor":33,"turns":5},{"damage":12,"enemies":"Orb Walker","floor":35,"turns":3},{"damage":3,"enemies":"Mind Bloom Boss Battle","floor":37,"turns":4},{"damage":84,"enemies":"2 Orb Walkers","floor":38,"turns":4},{"damage":34,"enemies":"3 Darklings","floor":39,"turns":3}],"seed_played":"-6777838729163059155","potions_obtained":[{"floor":3,"key":"Poison Potion"},{"floor":7,"key":"BloodPotion"},{"floor":12,"key":"GamblersBrew"},{"floor":16,"key":"Regen Potion"},{"floor":27,"key":"SteroidPotion"},{"floor":28,"key":"Regen Potion"},{"floor":33,"key":"Block Potion"},{"floor":34,"key":"Ancient Potion"},{"floor":38,"key":"Energy Potion"}],"is_trial":false,"path_per_floor":["M","?","M","M","?","R","E","M","T","E","R","M","M","?","R","B",null,"M","?","$","?","?","E","R","M","T","M","M","R","?","E","R","B",null,"M","?","?","?","M"],"character_chosen":"IRONCLAD","items_purchased":["Dream Catcher"],"campfire_rested":1,"item_purchase_floors":[20],"current_hp_per_floor":[80,80,80,80,85,85,72,68,68,58,58,64,64,64,64,12,85,78,78,78,78,78,62,62,54,54,63,60,60,44,41,66,48,90,84,84,87,28,0],"gold":575,"neow_bonus":"UPGRADE_CARD","is_prod":false,"is_daily":false,"chose_seed":false,"campfire_upgraded":5,"win_rate":0,"timestamp":1564856680,"path_taken":["M","?","M","M","?","R","E","M","T","E","R","M","M","?","R","BOSS","M","?","$","?","?","E","R","M","T","?","M","R","?","E","R","BOSS","M","?","?","?","M"],"build_version":"2019-07-18","purchased_purges":0,"victory":false,"max_hp_per_floor":[80,80,80,80,85,85,85,85,85,85,85,85,85,85,85,85,85,85,85,85,85,85,85,85,85,85,85,85,85,85,85,85,85,90,90,90,90,104,104],"card_choices":[{"not_picked":["Perfected Strike","Metallicize"],"picked":"Shrug It Off","floor":1},{"not_picked":["Body Slam","Heavy Blade"],"picked":"Cleave","floor":3},{"not_picked":["Clash","Perfected Strike"],"picked":"Thunderclap","floor":4},{"not_picked":["Evolve","Anger"],"picked":"Battle Trance","floor":7},{"not_picked":["Warcry","Fire Breathing"],"picked":"Clothesline","floor":8},{"not_picked":["Anger","Carnage"],"picked":"Limit Break","floor":10},{"not_picked":["Iron Wave","Thunderclap","Headbutt"],"picked":"SKIP","floor":12},{"not_picked":["Perfected Strike","Clothesline","Blood for Blood"],"picked":"SKIP","floor":13},{"not_picked":["Fiend Fire","Brutality"],"picked":"Offering","floor":16},{"not_picked":["Cleave","Armaments"],"picked":"Dual Wield","floor":18},{"not_picked":["Shrug It Off","Infernal Blade"],"picked":"Sword Boomerang","floor":23},{"not_picked":["Iron Wave","Clothesline"],"picked":"Flex+1","floor":25},{"not_picked":["Body Slam","Iron Wave"],"picked":"Spot Weakness","floor":27},{"not_picked":["Sword Boomerang","Carnage","Wild Strike"],"picked":"SKIP","floor":28},{"not_picked":["Bludgeon","Sword Boomerang+1"],"picked":"Flame Barrier+1","floor":31},{"not_picked":["Thunderclap","Body Slam"],"picked":"Pommel Strike","floor":32},{"not_picked":["Dark Embrace","Immolate"],"picked":"Limit Break","floor":33},{"not_picked":["Wild Strike+1","Disarm+1"],"picked":"Feel No Pain+1","floor":34},{"not_picked":["Intimidate","Feel No Pain+1"],"picked":"Heavy Blade","floor":35},{"not_picked":["Inflame","Ghostly Armor"],"picked":"Shrug It Off+1","floor":38}],"player_experience":1362239,"relics_obtained":[{"floor":7,"key":"Boot"},{"floor":9,"key":"Mercury Hourglass"},{"floor":10,"key":"Charon\u0027s Ashes"},{"floor":23,"key":"Blue Candle"},{"floor":30,"key":"Necronomicon"},{"floor":31,"key":"Whetstone"},{"floor":37,"key":"Shovel"},{"floor":38,"key":"Mango"}],"event_choices":[{"cards_removed":["Strike_R"],"damage_healed":0,"gold_gain":0,"player_choice":"Card Removal","damage_taken":0,"max_hp_gain":0,"max_hp_loss":0,"event_name":"The Cleric","floor":2,"gold_loss":50},{"damage_healed":0,"gold_gain":0,"player_choice":"Donut","damage_taken":0,"max_hp_gain":5,"max_hp_loss":0,"event_name":"Big Fish","floor":5,"gold_loss":0},{"damage_healed":0,"gold_gain":0,"player_choice":"Ignored","damage_taken":0,"max_hp_gain":0,"max_hp_loss":0,"event_name":"Liars Game","floor":14,"gold_loss":0},{"damage_healed":0,"gold_gain":0,"player_choice":"Ignored","damage_taken":0,"max_hp_gain":0,"max_hp_loss":0,"event_name":"Vampires","floor":19,"gold_loss":0},{"damage_healed":0,"gold_gain":0,"player_choice":"Obtain J.A.X.","damage_taken":0,"max_hp_gain":0,"max_hp_loss":0,"event_name":"Drug Dealer","floor":21,"gold_loss":0,"cards_obtained":["J.A.X."]},{"damage_healed":0,"gold_gain":0,"player_choice":"Ignored","damage_taken":0,"max_hp_gain":0,"max_hp_loss":0,"event_name":"Ghosts","floor":22,"gold_loss":0},{"damage_healed":0,"gold_gain":0,"player_choice":"Obtained Book","damage_taken":16,"max_hp_gain":0,"max_hp_loss":0,"event_name":"Cursed Tome","floor":30,"gold_loss":0},{"damage_healed":0,"gold_gain":0,"player_choice":"Memory 1","damage_taken":0,"max_hp_gain":0,"max_hp_loss":0,"event_name":"SensoryStone","floor":36,"gold_loss":0},{"damage_healed":0,"gold_gain":0,"player_choice":"Fight","damage_taken":0,"max_hp_gain":0,"max_hp_loss":0,"event_name":"MindBloom","floor":37,"gold_loss":0},{"damage_healed":0,"gold_gain":0,"player_choice":"Fight","damage_taken":0,"max_hp_gain":0,"max_hp_loss":0,"event_name":"Mysterious Sphere","floor":38,"gold_loss":0}],"is_beta":true,"boss_relics":[{"not_picked":["Busted Crown","Lizard Tail"],"picked":"Astrolabe"},{"not_picked":["Eternal Feather","Runic Pyramid"],"picked":"Tiny House"}],"items_purged_floors":[],"is_endless":false,"potions_floor_spawned":[3,7,12,16,27,28,31,33,38],"killed_by":"3 Darklings","ascension_level":1}