{"gold_per_floor":[115,127,302,314,239,270,270,301,301,301,301,336,336,369,369,495,495,511,511,511,544,567,606,606,606,606,640,640,661,661,675,675,804,804,827,852,494,716,782,782,818,839,866,74,74,88,109,150,150,150,150,150,3,34,34],"floor_reached":55,"playtime":4810,"items_purged":["Doubt","Defend_B","Defend_B","Writhe"],"score":851,"play_id":"51208c89-5752-4f47-b473-996b5aa8fd71","local_time":"20190724214331","is_ascension_mode":true,"campfire_choices":[{"data":"Fission","floor":11,"key":"SMITH"},{"floor":13,"key":"REST"},{"floor":15,"key":"RECALL"},{"data":"Defragment","floor":24,"key":"SMITH"},{"data":"Static Discharge","floor":28,"key":"SMITH"},{"data":"Glacier","floor":30,"key":"SMITH"},{"data":"Dualcast","floor":32,"key":"SMITH"},{"data":"Creative AI","floor":40,"key":"SMITH"},{"floor":49,"key":"REST"},{"data":"Machine Learning","floor":52,"key":"SMITH"}],"neow_cost":"NONE","seed_source_timestamp":1133600973367600,"circlet_count":0,"master_deck":["Strike_B+1","Strike_B+1","Defend_B","Defend_B","Zap+1","Dualcast+1","Cold Snap","Leap","Fission+1","Redo","Ball Lightning","Leap","Lockon","Machine Learning+1","Glacier+1","Defragment+1","Static Discharge+1","Glacier+1","Melter","Redo","Skim+1","BootSequence","Coolheaded","Creative AI+1","Loop+1","Blizzard+1","Hologram+1","Multi-Cast","Parasite","White Noise","Echo Form","Storm","Stack"],"relics":["Cracked Core","Pen Nib","Golden Idol","Girya","Darkstone Periapt","Calipers","Cables","Eternal Feather","Symbiotic Virus","Red Mask","DataDisk","Mango","Gremlin Horn","White Beast Statue","Bottled Lightning","Emotion Chip","The Courier","Whetstone","Anchor","Letter Opener","Oddly Smooth Stone","Strawberry","Incense Burner","Bag of Preparation"],"potions_floor_usage":[6,8,16,21,21,24,27,39,39,41,42,50,54,54,55],"damage_taken":[{"damage":2,"enemies":"2 Louse","floor":1,"turns":3},{"damage":0,"enemies":"Small Slimes","floor":2,"turns":2},{"damage":7,"enemies":"Jaw Worm","floor":4,"turns":4},{"damage":6,"enemies":"3 Sentries","floor":6,"turns":10},{"damage":24,"enemies":"Lagavulin","floor":8,"turns":8},{"damage":23,"enemies":"3 Sentries","floor":12,"turns":6},{"damage":18,"enemies":"Lagavulin","floor":14,"turns":7},{"damage":9,"enemies":"Hexaghost","floor":16,"turns":8},{"damage":5,"enemies":"Chosen","floor":18,"turns":4},{"damage":10,"enemies":"Masked Bandits","floor":21,"turns":3},{"damage":2,"enemies":"Spheric Guardian","floor":22,"turns":4},{"damage":23,"enemies":"Slavers","floor":23,"turns":11},{"damage":4,"enemies":"Gremlin Leader","floor":27,"turns":10},{"damage":14,"enemies":"3 Cultists","floor":29,"turns":7},{"damage":0,"enemies":"Snecko","floor":31,"turns":4},{"damage":13,"enemies":"Collector","floor":33,"turns":12},{"damage":0,"enemies":"Orb Walker","floor":35,"turns":4},{"damage":0,"enemies":"3 Darklings","floor":36,"turns":12},{"damage":7,"enemies":"2 Orb Walkers","floor":39,"turns":6},{"damage":62,"enemies":"Giant Head","floor":41,"turns":10},{"damage":1,"enemies":"4 Shapes","floor":42,"turns":6},{"damage":0,"enemies":"Writhing Mass","floor":46,"turns":6},{"damage":5,"enemies":"Maw","floor":47,"turns":8},{"damage":56,"enemies":"Nemesis","floor":48,"turns":11},{"damage":7,"enemies":"Time Eater","floor":50,"turns":11},{"damage":62,"enemies":"Shield and Spear","floor":54,"turns":11},{"damage":71,"enemies":"The Heart","floor":55,"turns":6}],"seed_played":"3673796723115439310","potions_obtained":[{"floor":1,"key":"Energy Potion"},{"floor":6,"key":"Fruit Juice"},{"floor":12,"key":"Explosive Potion"},{"floor":14,"key":"Strength Potion"},{"floor":18,"key":"LiquidBronze"},{"floor":22,"key":"SteroidPotion"},{"floor":23,"key":"Fruit Juice"},{"floor":33,"key":"Explosive Potion"},{"floor":35,"key":"Dexterity Potion"},{"floor":36,"key":"FearPotion"},{"floor":39,"key":"Swift Potion"},{"floor":41,"key":"SpeedPotion"},{"floor":42,"key":"Dexterity Potion"},{"floor":46,"key":"Dexterity Potion"},{"floor":47,"key":"Fire Potion"},{"floor":54,"key":"Regen Potion"}],"is_trial":false,"path_per_floor":["M","M","?","M","$","E","?","E","T","?","R","E","R","E","R","B",null,"M","?","?","?","M","E","R","?","T","E","R","M","R","M","R","B",null,"M","M","$","?","?","R","E","M","T","$","?","M","M","E","R","B",null,"R","$","E","B"],"character_chosen":"DEFECT","items_purchased":["Bottled Lightning","Whetstone","Anchor","Letter Opener","Oddly Smooth Stone","Strawberry","Storm"],"campfire_rested":2,"item_purchase_floors":[37,44,44,44,44,44,53],"current_hp_per_floor":[73,73,73,66,66,60,60,41,41,41,41,18,42,24,24,15,80,75,75,75,65,63,40,57,57,71,67,79,65,77,77,92,79,99,99,99,99,99,92,99,37,36,36,43,76,82,77,21,74,67,118,118,118,56,0],"gold":34,"neow_bonus":"UPGRADE_CARD","is_prod":false,"is_daily":false,"chose_seed":false,"campfire_upgraded":7,"win_rate":0,"timestamp":1564029811,"path_taken":["M","M","?","M","$","E","?","E","T","?","R","E","R","E","R","BOSS","M","?","?","?","M","E","R","?","T","E","R","M","R","M","R","BOSS","M","M","$","?","?","R","E","M","T","$","?","?","M","E","R","BOSS","R","$","E","BOSS"],"build_version":"2019-07-18","purchased_purges":4,"victory":false,"max_hp_per_floor":[75,75,75,75,75,75,75,80,80,80,80,80,80,80,80,80,80,80,80,80,80,80,80,85,85,99,99,99,99,99,99,99,99,99,99,99,99,99,99,99,99,99,99,106,112,118,118,118,118,118,118,118,118,118,118],"card_choices":[{"not_picked":["Reinforced Body","Coolheaded"],"picked":"Cold Snap","floor":1},{"not_picked":["Ball Lightning","Redo"],"picked":"Leap","floor":2},{"not_picked":["BootSequence","FTL"],"picked":"Fission","floor":4},{"not_picked":["Turbo","Melter"],"picked":"Redo","floor":6},{"not_picked":["Cold Snap","Static Discharge"],"picked":"Ball Lightning","floor":8},{"not_picked":["Steam","Hello World"],"picked":"Leap","floor":12},{"not_picked":["Stack","Conserve Battery"],"picked":"Lockon","floor":14},{"not_picked":["Reboot","Hyperbeam"],"picked":"Machine Learning","floor":16},{"not_picked":["Melter+1","Ball Lightning"],"picked":"Glacier","floor":18},{"not_picked":["Auto Shields","Rebound"],"picked":"Static Discharge","floor":21},{"not_picked":["Leap","Turbo+1","Ball Lightning+1"],"picked":"SKIP","floor":22},{"not_picked":["Barrage+1","All For One"],"picked":"Glacier+1","floor":23},{"not_picked":["Cold Snap","Blizzard+1"],"picked":"Skim+1","floor":27},{"not_picked":["Gash+1","Rip and Tear+1"],"picked":"BootSequence","floor":29},{"not_picked":["Turbo","Beam Cell+1"],"picked":"Coolheaded","floor":31},{"not_picked":["Meteor Strike","Amplify"],"picked":"Creative AI","floor":33},{"not_picked":["Blizzard","Steam+1"],"picked":"Loop+1","floor":35},{"not_picked":["Fusion+1","Lockon+1"],"picked":"Blizzard+1","floor":36},{"not_picked":["Consume+1","Sweeping Beam+1"],"picked":"Hologram+1","floor":39},{"not_picked":["Barrage","Gash"],"picked":"Multi-Cast","floor":41},{"not_picked":["Undo+1","Gash+1","Blizzard+1"],"picked":"SKIP","floor":42},{"not_picked":["Beam Cell+1","Gash+1"],"picked":"White Noise","floor":46},{"not_picked":["Go for the Eyes","Steam Power","Barrage+1"],"picked":"SKIP","floor":47},{"not_picked":["Turbo","Leap+1"],"picked":"Echo Form","floor":48},{"not_picked":["Rainbow","Cold Snap+1"],"picked":"Stack","floor":54}],"player_experience":1320562,"relics_obtained":[{"floor":6,"key":"Pen Nib"},{"floor":8,"key":"Girya"},{"floor":9,"key":"Darkstone Periapt"},{"floor":12,"key":"Calipers"},{"floor":14,"key":"Cables"},{"floor":21,"key":"Red Mask"},{"floor":23,"key":"DataDisk"},{"floor":26,"key":"Mango"},{"floor":27,"key":"Gremlin Horn"},{"floor":39,"key":"Emotion Chip"},{"floor":41,"key":"The Courier"},{"floor":48,"key":"Incense Burner"},{"floor":54,"key":"Bag of Preparation"}],"event_choices":[{"damage_healed":0,"gold_gain":175,"player_choice":"AGREE","damage_taken":0,"max_hp_gain":0,"max_hp_loss":0,"event_name":"Liars Game","floor":3,"gold_loss":0,"cards_obtained":["Doubt"]},{"damage_healed":0,"gold_gain":0,"player_choice":"Take Wound","damage_taken":0,"relics_obtained":["Golden Idol"],"max_hp_gain":0,"max_hp_loss":0,"event_name":"Golden Idol","floor":7,"gold_loss":0,"cards_obtained":["Injury"]},{"cards_removed":["Injury"],"damage_healed":0,"gold_gain":0,"player_choice":"Forget","damage_taken":0,"max_hp_gain":0,"max_hp_loss":0,"event_name":"Living Wall","floor":10,"gold_loss":0},{"damage_healed":0,"gold_gain":0,"player_choice":"Opened","damage_taken":0,"relics_obtained":["Symbiotic Virus"],"max_hp_gain":0,"max_hp_loss":0,"event_name":"The Mausoleum","floor":19,"gold_loss":0},{"damage_healed":0,"gold_gain":0,"player_choice":"Read","damage_taken":0,"max_hp_gain":0,"max_hp_loss":0,"event_name":"The Library","floor":20,"gold_loss":0,"cards_obtained":["Defragment"]},{"damage_healed":0,"gold_gain":0,"player_choice":"Fought Bandits","damage_taken":0,"max_hp_gain":0,"max_hp_loss":0,"event_name":"Masked Bandits","floor":21,"gold_loss":0},{"damage_healed":0,"gold_gain":0,"cards_transformed":["Strike_B","Strike_B"],"player_choice":"Became Test Subject","damage_taken":0,"max_hp_gain":0,"max_hp_loss":0,"event_name":"Drug Dealer","floor":25,"gold_loss":0,"cards_obtained":["Melter","Redo"]},{"damage_healed":0,"gold_gain":222,"player_choice":"Wore Mask","damage_taken":0,"max_hp_gain":0,"max_hp_loss":0,"event_name":"Tomb of Lord Red Mask","floor":38,"gold_loss":0},{"damage_healed":0,"gold_gain":0,"player_choice":"Fight","damage_taken":0,"max_hp_gain":0,"max_hp_loss":0,"event_name":"Mysterious Sphere","floor":39,"gold_loss":0},{"damage_healed":27,"gold_gain":0,"player_choice":"Writhe","damage_taken":0,"max_hp_gain":0,"max_hp_loss":0,"event_name":"Winding Halls","floor":45,"gold_loss":0,"cards_obtained":["Writhe"]}],"is_beta":true,"boss_relics":[{"not_picked":["Snecko Eye","Runic Pyramid"],"picked":"Eternal Feather"},{"not_picked":["Coffee Dripper","Calling Bell"],"picked":"White Beast Statue"}],"items_purged_floors":[5,37,44,53],"is_endless":false,"potions_floor_spawned":[1,6,12,14,18,22,23,33,35,36,39,41,42,46,47,48,54],"killed_by":"The Heart","ascension_level":1}