{"gold_per_floor":[119,119,119,69,86,86,86,86,86,5,24,24,43,7,7,109,109,89,89,89,107,107,107,118,138,161,186,186],"floor_reached":28,"playtime":1496,"items_purged":[],"score":350,"play_id":"06238954-5130-4496-8ca8-5cfc757a9637","local_time":"20190104183134","is_ascension_mode":true,"campfire_choices":[{"data":"Leap","floor":6,"key":"SMITH"},{"floor":8,"key":"REST"},{"data":"Defragment","floor":12,"key":"SMITH"},{"data":"Coolheaded","floor":15,"key":"SMITH"},{"data":"Blizzard","floor":23,"key":"SMITH"}],"neow_cost":"NONE","seed_source_timestamp":259652449685850,"circlet_count":0,"master_deck":["AscendersBane","Strike_B","Strike_B","Defend_B","Defend_B","Defend_B","Zap+1","Leap+1","Defragment+1","Blizzard+1","Coolheaded+1","FTL","Cold Snap","Barrage","Loop+1","Echo Form"],"relics":["Cracked Core","Kunai","Inserter","Potion Belt","Bottled Flame"],"potions_floor_usage":[16,27,27],"damage_taken":[{"damage":0,"enemies":"Small Slimes","floor":1,"turns":3},{"damage":0,"enemies":"2 Louse","floor":5,"turns":2},{"damage":2,"enemies":"Jaw Worm","floor":11,"turns":4},{"damage":1,"enemies":"Looter","floor":13,"turns":3},{"damage":10,"enemies":"The Guardian","floor":16,"turns":11},{"damage":14,"enemies":"2 Thieves","floor":18,"turns":5},{"damage":9,"enemies":"Shell Parasite","floor":21,"turns":6},{"damage":6,"enemies":"Sentry and Sphere","floor":24,"turns":6},{"damage":10,"enemies":"3 Cultists","floor":25,"turns":6},{"damage":15,"enemies":"Book of Stabbing","floor":27,"turns":5},{"damage":23,"enemies":"Chosen and Byrds","floor":28,"turns":4}],"seed_played":"-8900618648777979217","potions_obtained":[{"floor":5,"key":"SteroidPotion"},{"floor":11,"key":"Dexterity Potion"},{"floor":13,"key":"AttackPotion"},{"floor":21,"key":"Weak Potion"},{"floor":24,"key":"PowerPotion"},{"floor":27,"key":"Strength Potion"}],"is_trial":false,"path_per_floor":["M","?","?","?","M","R","?","R","T","$","M","R","M","$","R","B",null,"M","?","?","M","?","R","M","M","T","E","M"],"character_chosen":"DEFECT","items_purchased":["Defragment","FTL"],"campfire_rested":1,"item_purchase_floors":[10,14],"current_hp_per_floor":[68,68,61,61,61,61,61,75,75,75,73,73,72,72,72,62,72,58,58,58,49,49,49,43,33,33,18,0],"gold":186,"neow_bonus":"UPGRADE_CARD","is_prod":false,"is_daily":false,"chose_seed":false,"campfire_upgraded":4,"win_rate":0,"timestamp":1546655494,"path_taken":["M","?","?","?","M","R","?","R","T","$","M","R","M","$","R","BOSS","M","?","?","M","?","R","M","M","T","E","M"],"build_version":"2019-01-03v4","purchased_purges":0,"victory":false,"max_hp_per_floor":[75,75,75,75,75,75,75,75,75,75,75,75,75,75,75,75,75,75,75,75,75,75,75,75,75,75,75,75],"card_choices":[{"not_picked":["Sweeping Beam","Conserve Battery","Compile Driver"],"picked":"SKIP","floor":1},{"not_picked":["White Noise","Beam Cell"],"picked":"Leap","floor":5},{"not_picked":["Stack","Double Energy"],"picked":"Blizzard","floor":11},{"not_picked":["Sunder","Stack"],"picked":"Coolheaded","floor":13},{"not_picked":["Streamline+1","Sweeping Beam+1","Redo"],"picked":"SKIP","floor":18},{"not_picked":["Coolheaded","FTL"],"picked":"Barrage","floor":21},{"not_picked":["Cold Snap","Coolheaded","Force Field"],"picked":"SKIP","floor":24},{"not_picked":["Rebound","Steam+1"],"picked":"Loop+1","floor":25},{"not_picked":["Hologram","Rip and Tear"],"picked":"Echo Form","floor":27}],"player_experience":744378,"relics_obtained":[{"floor":9,"key":"Kunai"},{"floor":26,"key":"Potion Belt"},{"floor":27,"key":"Bottled Flame"}],"event_choices":[{"damage_healed":0,"gold_gain":0,"player_choice":"Ignored","damage_taken":0,"max_hp_gain":0,"max_hp_loss":0,"event_name":"Golden Idol","floor":2,"gold_loss":0},{"cards_removed":["Strike_B"],"damage_healed":0,"gold_gain":0,"player_choice":"Card Removal","damage_taken":7,"max_hp_gain":0,"max_hp_loss":0,"event_name":"Golden Wing","floor":3,"gold_loss":0},{"cards_removed":["Strike_B"],"damage_healed":0,"gold_gain":0,"player_choice":"Card Removal","damage_taken":0,"max_hp_gain":0,"max_hp_loss":0,"event_name":"The Cleric","floor":4,"gold_loss":50},{"cards_removed":["Defend_B"],"damage_healed":0,"gold_gain":0,"player_choice":"Forget","damage_taken":0,"max_hp_gain":0,"max_hp_loss":0,"event_name":"Living Wall","floor":7,"gold_loss":0},{"damage_healed":0,"gold_gain":0,"player_choice":"Ignored","damage_taken":0,"max_hp_gain":0,"max_hp_loss":0,"event_name":"Cursed Tome","floor":19,"gold_loss":0},{"damage_healed":0,"gold_gain":0,"player_choice":"Read","damage_taken":0,"max_hp_gain":0,"max_hp_loss":0,"event_name":"The Library","floor":20,"gold_loss":0,"cards_obtained":["Cold Snap"]},{"cards_removed":["Dualcast"],"damage_healed":0,"gold_gain":0,"player_choice":"Elegance","damage_taken":0,"max_hp_gain":0,"max_hp_loss":0,"event_name":"Back to Basics","floor":22,"gold_loss":0}],"is_beta":false,"boss_relics":[{"not_picked":["Empty Cage","Velvet Choker"],"picked":"Inserter"}],"items_purged_floors":[],"is_endless":false,"potions_floor_spawned":[5,11,13,21,24,27],"killed_by":"Chosen and Byrds","ascension_level":11}