{"path_per_floor":["M","M","M","M","?","R","E","R","T","M","E","M","?","M","R","B",null,"M","M","$","M","?","R","E","M","T","M","R","?","M","M","R","B",null,"M","M","$","M","?","R","M","R","T","R","E","M","M","?","R"],"character_chosen":"DEFECT","items_purchased":["Prime","Happy Flower","Streamline","Fusion","Mummified Hand","White Noise","Capacitor"],"gold_per_floor":[115,129,145,162,262,262,291,291,363,381,416,426,426,451,451,579,579,592,611,94,119,119,119,163,176,226,247,247,172,188,201,201,324,324,348,369,26,41,41,41,62,62,62,62,96,117,142,142,142,142],"floor_reached":50,"campfire_rested":6,"playtime":4837,"current_hp_per_floor":[63,62,57,57,57,57,41,41,41,41,39,36,36,36,58,50,75,65,44,44,41,25,47,28,28,28,28,52,52,52,52,76,33,82,60,60,60,50,50,50,32,56,56,56,31,31,9,9,33,0],"items_purged":["Defend_B"],"gold":142,"score":535,"play_id":"669f6882-ae2b-49b0-b825-df4569eedf43","local_time":"20180430222738","is_prod":false,"is_daily":false,"chose_seed":false,"is_ascension_mode":false,"campfire_upgraded":4,"timestamp":1525152458,"path_taken":["M","M","M","M","?","R","E","R","T","M","E","M","?","M","R","BOSS","M","M","$","M","?","R","E","M","T","M","R","?","M","M","R","BOSS","M","M","$","M","?","R","M","R","T","R","E","M","M","?","R","BOSS"],"build_version":"2018-04-27v3","seed_source_timestamp":455538326602649,"purchased_purges":1,"victory":false,"master_deck":["Strike_B","Strike_B","Strike_B","Strike_B","Defend_B","Defend_B","Defend_B","Zap","Dualcast","FTL+1","Chill","Axe Kick","Reinforced Body+1","Auto Shields","Coolheaded","Coolheaded","Doom and Gloom","Chaos+1","Seek","Aggregate","Buffer+1","Prime","Streamline","Fusion","Necronomicurse","Biased Cognition","Defragment+1","Capacitor","Multi-Cast","Go for the Eyes","Loop+1","White Noise+1","Capacitor","Glacier+1","Secret Technique","Blizzard","Beam Cell+1","Go for the Eyes","Decay"],"max_hp_per_floor":[75,75,75,75,75,75,75,75,75,75,75,75,75,75,75,75,75,75,75,75,75,75,75,82,82,82,82,82,82,82,82,82,82,82,82,82,82,82,82,82,82,82,82,82,82,82,82,82,82,82],"relics":["Cracked Core","Gambling Chip","Pantograph","Vajra","Golden Idol","Sozu","Happy Flower","Necronomicon","Strawberry","Bag of Preparation","Runic Pyramid","Mummified Hand","Matryoshka","Bag of Marbles"],"card_choices":[{"not_picked":["Genetic Algorithm","Go for the Eyes"],"picked":"FTL","floor":1},{"not_picked":["Axe Kick","Genetic Algorithm"],"picked":"Chill","floor":2},{"not_picked":["Hello World","Force Field"],"picked":"Axe Kick","floor":3},{"not_picked":["Stack","Blizzard"],"picked":"Reinforced Body","floor":4},{"not_picked":["Blizzard","Chill"],"picked":"Auto Shields","floor":7},{"not_picked":["Gash","Leap"],"picked":"Coolheaded","floor":10},{"not_picked":["Capacitor","Streamline"],"picked":"Coolheaded","floor":11},{"not_picked":["Hologram","Auto Shields"],"picked":"Doom and Gloom","floor":12},{"not_picked":["Force Field","Impulse"],"picked":"Chaos","floor":14},{"not_picked":["Prime","Amplify"],"picked":"Seek","floor":16},{"not_picked":["Axe Kick","Sweeping Beam"],"picked":"Aggregate","floor":18},{"not_picked":["Impulse","Sweeping Beam"],"picked":"Buffer","floor":19},{"not_picked":["Leap","Hello World"],"picked":"Biased Cognition","floor":24},{"not_picked":["Storm","Reinforced Body"],"picked":"Defragment","floor":30},{"not_picked":["Impulse","Streamline"],"picked":"Capacitor","floor":31},{"not_picked":["Biased Cognition","Fusion"],"picked":"Multi-Cast","floor":33},{"not_picked":["Skim","Streamline"],"picked":"Go for the Eyes","floor":35},{"not_picked":["Axe Kick","Steam Power"],"picked":"Loop","floor":36},{"not_picked":["Sweeping Beam","Gash"],"picked":"Glacier","floor":38},{"not_picked":["Dramatic Entrance","Panacea"],"picked":"Secret Technique","floor":39},{"not_picked":["FTL","Self Repair"],"picked":"Blizzard","floor":41},{"not_picked":["Cold Snap","Skim"],"picked":"Beam Cell","floor":46},{"not_picked":["Defragment","Sweeping Beam"],"picked":"Go for the Eyes","floor":47}],"player_experience":4706,"potions_floor_usage":[7,33],"damage_taken":[{"damage":12,"enemies":"Small Slimes","floor":1,"turns":4},{"damage":1,"enemies":"Cultist","floor":2,"turns":3},{"damage":5,"enemies":"2 Louse","floor":3,"turns":2},{"damage":0,"enemies":"2 Fungi Beasts","floor":4,"turns":3},{"damage":16,"enemies":"Gremlin Nob","floor":7,"turns":4},{"damage":0,"enemies":"Large Slime","floor":10,"turns":5},{"damage":2,"enemies":"3 Sentries","floor":11,"turns":8},{"damage":3,"enemies":"Exordium Thugs","floor":12,"turns":6},{"damage":0,"enemies":"Blue Slaver","floor":14,"turns":3},{"damage":25,"enemies":"Slime Boss","floor":16,"turns":12},{"damage":10,"enemies":"Spheric Guardian","floor":18,"turns":5},{"damage":21,"enemies":"3 Byrds","floor":19,"turns":5},{"damage":3,"enemies":"Snecko","floor":21,"turns":5},{"damage":26,"enemies":"Book of Stabbing","floor":24,"turns":6},{"damage":0,"enemies":"Centurion and Healer","floor":25,"turns":8},{"damage":0,"enemies":"Snake Plant","floor":27,"turns":4},{"damage":0,"enemies":"Cultist and Chosen","floor":30,"turns":4},{"damage":0,"enemies":"3 Cultists","floor":31,"turns":3},{"damage":49,"enemies":"Collector","floor":33,"turns":13},{"damage":22,"enemies":"Flame Bruiser 1 Orb","floor":35,"turns":6},{"damage":0,"enemies":"Orb Walker","floor":36,"turns":2},{"damage":10,"enemies":"3 Darklings","floor":38,"turns":4},{"damage":18,"enemies":"4 Shapes","floor":41,"turns":4},{"damage":25,"enemies":"Nemesis","floor":45,"turns":5},{"damage":0,"enemies":"Flame Bruiser 2 Orb","floor":46,"turns":5},{"damage":22,"enemies":"Sphere and 2 Shapes","floor":47,"turns":4},{"damage":67,"enemies":"Awakened One","floor":50,"turns":9}],"event_choices":[{"event_name":"Golden Shrine","player_choice":"Pray","floor":5,"damage_taken":0},{"event_name":"Golden Idol","player_choice":"Take Wound","floor":13,"damage_taken":0},{"event_name":"Cursed Tome","player_choice":"Obtained Book","floor":22,"damage_taken":0},{"event_name":"Beggar","player_choice":"Gave Gold","floor":29,"damage_taken":0},{"event_name":"SensoryStone","player_choice":"Memory 1","floor":39,"damage_taken":0},{"event_name":"Wheel of Change","player_choice":"Curse","floor":48,"damage_taken":0}],"boss_relics":[{"not_picked":["Ectoplasm","Eternal Feather"],"picked":"Sozu"},{"not_picked":["Runic Dome","Philosopher\u0027s Stone"],"picked":"Runic Pyramid"}],"potions_floor_spawned":[1,4,7,14,16,18,24,25,31,33,38,45],"seed_played":"5233218875645121722","killed_by":"Awakened One","ascension_level":0,"is_trial":false}