{"gold_per_floor":[118,135,153,73,73,73,103,103,103,121,136,136,61,96,96,193,193,212,246,265,21,36,36],"floor_reached":23,"playtime":1263,"items_purged":["Strike_G","Strike_G"],"score":281,"play_id":"aff14c8c-0d86-4777-aaf3-553fdb4b7bec","local_time":"20191015225622","is_ascension_mode":true,"campfire_choices":[{"data":"All Out Attack","floor":6.0,"key":"SMITH"},{"data":"Neutralize","floor":8.0,"key":"SMITH"},{"data":"Quick Slash","floor":12.0,"key":"SMITH"},{"data":"Flying Knee","floor":15.0,"key":"SMITH"}],"neow_cost":"NONE","seed_source_timestamp":0,"circlet_count":0,"master_deck":["Strike_G","Strike_G","Strike_G","Defend_G","Defend_G","Defend_G+1","Defend_G","Defend_G","Survivor","Neutralize+1","Footwork","Quick Slash+1","Terror","All Out Attack+1","Cloak And Dagger+1","Flying Knee+1","Tools of the Trade","Escape Plan","Glass Knife","Sucker Punch"],"special_seed":0,"relics":["Ring of the Snake","Sundial","Happy Flower","Paper Crane","War Paint","Lizard Tail","Red Mask"],"potions_floor_usage":[],"damage_taken":[{"damage":0.0,"enemies":"Small Slimes","floor":1.0,"turns":5.0},{"damage":0.0,"enemies":"Cultist","floor":2.0,"turns":5.0},{"damage":1.0,"enemies":"2 Louse","floor":3.0,"turns":3.0},{"damage":26.0,"enemies":"Lagavulin","floor":7.0,"turns":7.0},{"damage":0.0,"enemies":"2 Fungi Beasts","floor":10.0,"turns":2.0},{"damage":0.0,"enemies":"Exordium Thugs","floor":11.0,"turns":2.0},{"damage":10.0,"enemies":"3 Sentries","floor":14.0,"turns":6.0},{"damage":2.0,"enemies":"The Guardian","floor":16.0,"turns":10.0},{"damage":18.0,"enemies":"3 Byrds","floor":18.0,"turns":4.0},{"damage":32.0,"enemies":"Masked Bandits","floor":19.0,"turns":5.0},{"damage":0.0,"enemies":"Chosen","floor":20.0,"turns":5.0},{"damage":29.0,"enemies":"Snecko","floor":22.0,"turns":7.0},{"damage":45,"enemies":"Slavers","floor":23,"turns":3}],"seed_played":"-3476909765691160527","potions_obtained":[{"floor":1.0,"key":"Explosive Potion"},{"floor":2.0,"key":"Energy Potion"},{"floor":16.0,"key":"Fruit Juice"},{"floor":19.0,"key":"Dexterity Potion"}],"is_trial":false,"path_per_floor":["M","M","M","$","?","R","E","R","T","M","M","R","$","E","R","B",null,"M","?","M","$","M","E"],"character_chosen":"THE_SILENT","items_purchased":["All Out Attack","Glass Knife"],"campfire_rested":0,"item_purchase_floors":[4,21],"current_hp_per_floor":[70,70,69,69,69,69,43,43,43,43,43,43,43,33,33,31,66,53,21,21,21,41,0],"gold":36,"neow_bonus":"TEN_PERCENT_HP_BONUS","is_prod":false,"is_daily":false,"chose_seed":false,"campfire_upgraded":4,"win_rate":0,"timestamp":1571194582,"path_taken":["M","M","M","$","?","R","E","R","T","?","M","R","$","E","R","BOSS","M","?","M","$","M","E"],"build_version":"2019-07-17","purchased_purges":2,"victory":false,"max_hp_per_floor":[77,77,77,77,77,77,77,77,77,77,77,77,77,77,77,77,77,82,82,82,82,82,82],"card_choices":[{"not_picked":["Prepared","Distraction"],"picked":"Footwork","floor":1.0},{"not_picked":["Endless Agony","Sucker Punch"],"picked":"Quick Slash","floor":2.0},{"not_picked":["Deflect","Cloak And Dagger"],"picked":"Terror","floor":3.0},{"not_picked":["Deadly Poison","Leg Sweep"],"picked":"Cloak And Dagger","floor":7.0},{"not_picked":["Accuracy","Outmaneuver","Deflect"],"picked":"SKIP","floor":10.0},{"not_picked":["Deflect","Deadly Poison"],"picked":"Flying Knee","floor":11.0},{"not_picked":["Tactician","Dagger Spray","Deadly Poison"],"picked":"SKIP","floor":14.0},{"not_picked":["Night Terror","Malaise"],"picked":"Tools of the Trade","floor":16.0},{"not_picked":["Outmaneuver+1","Eviscerate"],"picked":"Escape Plan","floor":18.0},{"not_picked":["Setup","Reflex+1","Tactician"],"picked":"SKIP","floor":20.0},{"not_picked":["Dagger Throw","Setup+1"],"picked":"Sucker Punch","floor":22}],"player_experience":406173,"relics_obtained":[{"floor":7.0,"key":"Happy Flower"},{"floor":9.0,"key":"Paper Crane"},{"floor":14.0,"key":"War Paint"},{"floor":19.0,"key":"Red Mask"}],"event_choices":[{"damage_healed":0.0,"max_hp_gain":0.0,"max_hp_loss":0.0,"gold_gain":0.0,"event_name":"WeMeetAgain","player_choice":"Gave Potion","floor":5.0,"gold_loss":0.0,"damage_taken":0.0,"relics_obtained":["Sundial"]},{"damage_healed":0.0,"max_hp_gain":0.0,"max_hp_loss":0.0,"gold_gain":0.0,"event_name":"Masked Bandits","player_choice":"Fought Bandits","floor":19.0,"gold_loss":0.0,"damage_taken":0.0}],"is_beta":false,"boss_relics":[{"not_picked":["Runic Dome","Snecko Eye"],"picked":"Lizard Tail"}],"items_purged_floors":[13,21],"is_endless":false,"potions_floor_spawned":[1,2,16,19],"killed_by":"Slavers","ascension_level":8}