{"gold_per_floor":[114,68,68,33,49,49,49,68,68,68,80,80,97,115,115,220,220,231,231,0,20,20,20,40,40,40,40,40,56,86,13,13,118,118,138,152,152,167,167],"floor_reached":39,"playtime":2079,"items_purged":[],"score":391,"play_id":"294d25d4-b951-429f-abfb-c36873e96161","local_time":"20191014172810","is_ascension_mode":false,"campfire_choices":[{"data":"Bouncing Flask","floor":6.0,"key":"SMITH"},{"data":"Dodge and Roll","floor":10.0,"key":"SMITH"},{"data":"PiercingWail","floor":12.0,"key":"SMITH"},{"data":"Crippling Poison","floor":15.0,"key":"SMITH"},{"floor":23,"key":"REST"},{"floor":28,"key":"REST"},{"floor":32,"key":"REST"}],"neow_cost":"NONE","seed_source_timestamp":90683923946700,"circlet_count":0,"master_deck":["Strike_G","Strike_G","Strike_G","Defend_G","Defend_G","Defend_G","Defend_G","Defend_G","Survivor","Neutralize","PiercingWail+1","Bouncing Flask+1","Poisoned Stab","Dodge and Roll+1","Footwork","Crippling Poison+1","Corpse Explosion","A Thousand Cuts","Acrobatics","Poisoned Stab","Catalyst","After Image","Dodge and Roll+1","Dodge and Roll+1"],"special_seed":0,"relics":["Ring of the Snake","NeowsBlessing","Kunai","Sozu","Sundial","Bottled Lightning","WristBlade"],"potions_floor_usage":[16],"damage_taken":[{"damage":0.0,"enemies":"Jaw Worm","floor":1.0,"turns":1.0},{"damage":0.0,"enemies":"2 Louse","floor":5.0,"turns":1.0},{"damage":0.0,"enemies":"Cultist","floor":8.0,"turns":1.0},{"damage":9.0,"enemies":"3 Louse","floor":11.0,"turns":4.0},{"damage":0.0,"enemies":"Looter","floor":13.0,"turns":3.0},{"damage":6.0,"enemies":"Large Slime","floor":14.0,"turns":8.0},{"damage":21,"enemies":"The Guardian","floor":16,"turns":9},{"damage":7,"enemies":"Shell Parasite","floor":18,"turns":6},{"damage":11,"enemies":"2 Thieves","floor":21,"turns":3},{"damage":15,"enemies":"Centurion and Healer","floor":24,"turns":5},{"damage":7,"enemies":"Chosen and Byrds","floor":29,"turns":5},{"damage":13,"enemies":"Book of Stabbing","floor":30,"turns":7},{"damage":25,"enemies":"Automaton","floor":33,"turns":13},{"damage":4,"enemies":"Orb Walker","floor":35,"turns":4},{"damage":32,"enemies":"3 Shapes","floor":36,"turns":3},{"damage":27,"enemies":"Jaw Worm Horde","floor":38,"turns":4},{"damage":26,"enemies":"Spire Growth","floor":39,"turns":5}],"seed_played":"5029848386671424083","potions_obtained":[{"floor":7.0,"key":"GamblersBrew"},{"floor":7.0,"key":"Energy Potion"},{"floor":7.0,"key":"GhostInAJar"},{"floor":8.0,"key":"SteroidPotion"}],"is_trial":false,"path_per_floor":["M","?","?","$","M","R","?","M","T","R","M","R","M","M","R","B",null,"M","?","?","M","?","R","M","?","T","?","R","M","E","$","R","B",null,"M","M","?","M","M"],"character_chosen":"THE_SILENT","items_purchased":["Bouncing Flask","Catalyst"],"campfire_rested":3,"item_purchase_floors":[4,31],"current_hp_per_floor":[70,70,75,75,75,75,75,75,75,75,66,66,66,60,60,39,75,68,68,68,57,57,75,60,60,60,60,75,68,55,55,75,50,75,71,39,39,12,0],"gold":167,"neow_bonus":"THREE_ENEMY_KILL","is_prod":false,"is_daily":false,"chose_seed":false,"campfire_upgraded":4,"win_rate":0.0,"timestamp":1571099290,"path_taken":["M","?","?","$","M","R","?","M","T","R","M","R","M","M","R","BOSS","M","?","?","M","?","R","M","?","T","?","R","M","E","?","R","BOSS","M","M","?","M","?"],"build_version":"2019-07-17","purchased_purges":0,"victory":false,"max_hp_per_floor":[70,70,75,75,75,75,75,75,75,75,75,75,75,75,75,75,75,75,75,75,75,75,75,75,75,75,75,75,75,75,75,75,75,75,75,75,75,75,75],"card_choices":[{"not_picked":["Dagger Spray","Flying Knee"],"picked":"PiercingWail","floor":1.0},{"not_picked":["Flying Knee","Eviscerate"],"picked":"Poisoned Stab","floor":5.0},{"not_picked":["Heel Hook","Slice"],"picked":"Dodge and Roll","floor":8.0},{"not_picked":["Quick Slash","Sucker Punch","Tactician"],"picked":"SKIP","floor":11.0},{"not_picked":["Backflip","Doppelganger"],"picked":"Footwork","floor":13.0},{"not_picked":["Poisoned Stab","Flechettes"],"picked":"Crippling Poison","floor":14.0},{"not_picked":["Bullet Time","After Image"],"picked":"Corpse Explosion","floor":16},{"not_picked":["Blade Dance","Tactician","Dagger Throw+1"],"picked":"SKIP","floor":18},{"not_picked":["Slice","Outmaneuver","Terror"],"picked":"SKIP","floor":21},{"not_picked":["Acrobatics","Skewer","Sucker Punch"],"picked":"SKIP","floor":24},{"not_picked":["Outmaneuver","PiercingWail"],"picked":"Poisoned Stab","floor":29},{"not_picked":["Dagger Spray","Blade Dance","Quick Slash+1"],"picked":"SKIP","floor":30},{"not_picked":["Die Die Die","Corpse Explosion"],"picked":"After Image","floor":33},{"not_picked":["Underhanded Strike+1","Poisoned Stab+1"],"picked":"Dodge and Roll+1","floor":35},{"not_picked":["Quick Slash+1","Dagger Spray","Dagger Throw+1"],"picked":"SKIP","floor":36},{"not_picked":["Poisoned Stab+1","Slice"],"picked":"Dodge and Roll+1","floor":38}],"player_experience":54174,"relics_obtained":[{"floor":9.0,"key":"Kunai"},{"floor":26,"key":"Sundial"},{"floor":30,"key":"Bottled Lightning"}],"event_choices":[{"damage_healed":0.0,"max_hp_gain":0.0,"max_hp_loss":0.0,"gold_gain":0.0,"event_name":"World of Goop","player_choice":"Left Gold","floor":2.0,"gold_loss":46.0,"damage_taken":0.0},{"damage_healed":0.0,"max_hp_gain":5.0,"max_hp_loss":0.0,"gold_gain":0.0,"event_name":"Big Fish","player_choice":"Donut","floor":3.0,"gold_loss":0.0,"damage_taken":0.0},{"damage_healed":0.0,"max_hp_gain":0.0,"max_hp_loss":0.0,"gold_gain":0.0,"event_name":"Lab","player_choice":"Got Potions","floor":7.0,"gold_loss":0.0,"damage_taken":0.0},{"damage_healed":0,"gold_gain":0,"player_choice":"Ignored","damage_taken":0,"max_hp_gain":0,"max_hp_loss":0,"event_name":"Vampires","floor":19,"gold_loss":0},{"damage_healed":0,"gold_gain":0,"player_choice":"Paid Fearfully","damage_taken":0,"max_hp_gain":0,"max_hp_loss":0,"event_name":"Masked Bandits","floor":20,"gold_loss":231},{"damage_healed":0,"gold_gain":0,"cards_transformed":["Strike_G","Strike_G"],"player_choice":"Became Test Subject","damage_taken":0,"max_hp_gain":0,"max_hp_loss":0,"event_name":"Drug Dealer","floor":22,"gold_loss":0,"cards_obtained":["A Thousand Cuts","Acrobatics"]},{"damage_healed":0,"gold_gain":0,"player_choice":"Ignored","damage_taken":0,"max_hp_gain":0,"max_hp_loss":0,"event_name":"Cursed Tome","floor":25,"gold_loss":0},{"damage_healed":0,"gold_gain":0,"player_choice":"Leave","damage_taken":0,"max_hp_gain":0,"max_hp_loss":0,"event_name":"FaceTrader","floor":37,"gold_loss":0}],"is_beta":false,"boss_relics":[{"not_picked":["Tiny House","Runic Dome"],"picked":"Sozu"},{"not_picked":["HoveringKite","Calling Bell"],"picked":"WristBlade"}],"items_purged_floors":[],"is_endless":false,"potions_floor_spawned":[8,11,18,29,33,36,38],"killed_by":"Spire Growth","ascension_level":0}