{"gold_per_floor":[116,135,149,160,171,171,184,184,184,204,16,43,53,53,53,153,153,172,188,188,88,88,88],"floor_reached":23,"playtime":1980,"items_purged":["Defend_G","Shame"],"score":244,"play_id":"fe017327-e2e7-43a1-9b32-8e0a869108a4","local_time":"20181028131253","is_ascension_mode":true,"campfire_choices":[{"data":"Cloak And Dagger","floor":6,"key":"SMITH"},{"data":"Survivor","floor":8,"key":"SMITH"},{"data":"1","floor":15,"key":"LIFT"}],"neow_cost":"NONE","seed_source_timestamp":1190364945185107,"circlet_count":0,"master_deck":["Defend_G","Defend_G","Defend_G","Defend_G","Strike_G","Strike_G","Strike_G","Strike_G","Strike_G","Survivor+1","Neutralize+1","Slice","Dagger Throw","Dagger Throw","Backflip","Cloak And Dagger+1","Escape Plan","Sucker Punch","Finisher","Accuracy","Choke","Cloak And Dagger","Storm of Steel","Leg Sweep"],"relics":["Ring of the Snake","Singing Bowl","Girya","Cursed Key","Vajra"],"potions_floor_usage":[16,16,23],"damage_taken":[{"damage":2,"enemies":"Cultist","floor":1,"turns":4},{"damage":0,"enemies":"2 Louse","floor":2,"turns":3},{"damage":0,"enemies":"Small Slimes","floor":3,"turns":4},{"damage":1,"enemies":"Blue Slaver","floor":4,"turns":4},{"damage":0,"enemies":"Exordium Wildlife","floor":5,"turns":3},{"damage":0,"enemies":"2 Fungi Beasts","floor":7,"turns":3},{"damage":0,"enemies":"Looter","floor":10,"turns":3},{"damage":13,"enemies":"3 Sentries","floor":12,"turns":9},{"damage":1,"enemies":"Blue Slaver","floor":13,"turns":4},{"damage":32,"enemies":"Slime Boss","floor":16,"turns":12},{"damage":0,"enemies":"3 Byrds","floor":18,"turns":3},{"damage":12,"enemies":"2 Thieves","floor":19,"turns":4},{"damage":39,"enemies":"Gremlin Leader","floor":23,"turns":7}],"seed_played":"-2482500962990648298","potions_obtained":[{"floor":1,"key":"Regen Potion"},{"floor":5,"key":"Ancient Potion"},{"floor":10,"key":"Ancient Potion"},{"floor":14,"key":"Weak Potion"},{"floor":18,"key":"SpeedPotion"}],"is_trial":false,"path_per_floor":["M","M","M","M","M","R","M","R","T","M","$","E","M","?","R","B",null,"M","M","?","$","?"],"character_chosen":"THE_SILENT","items_purchased":["Finisher","Accuracy"],"campfire_rested":0,"item_purchase_floors":[11,11],"current_hp_per_floor":[68,68,68,67,67,67,67,67,67,67,67,54,53,53,53,36,62,64,52,52,52,39,0],"gold":88,"neow_bonus":"UPGRADE_CARD","is_prod":false,"is_daily":false,"chose_seed":false,"campfire_upgraded":2,"win_rate":0,"timestamp":1540757573,"path_taken":["M","M","M","M","M","R","M","R","T","?","$","E","M","?","R","BOSS","M","M","?","$","?","E"],"build_version":"2018-10-25v2","purchased_purges":2,"victory":false,"max_hp_per_floor":[70,70,70,70,70,70,70,70,70,70,70,70,70,70,70,70,70,72,72,72,72,77,77],"card_choices":[{"not_picked":["Reflex","Prepared"],"picked":"Slice","floor":1},{"not_picked":["Accuracy","Riddle With Holes"],"picked":"Dagger Throw","floor":2},{"not_picked":["Eviscerate","Slice"],"picked":"Dagger Throw","floor":3},{"not_picked":["Dagger Throw","Bane"],"picked":"Backflip","floor":4},{"not_picked":["Infinite Blades","Underhanded Strike"],"picked":"Cloak And Dagger","floor":5},{"not_picked":["Deadly Poison","Wraith Form v2"],"picked":"Escape Plan","floor":7},{"not_picked":["Poisoned Stab","Quick Slash"],"picked":"Sucker Punch","floor":10},{"not_picked":["Deadly Poison","Dagger Spray"],"picked":"Choke","floor":12},{"not_picked":["Prepared","PiercingWail"],"picked":"Cloak And Dagger","floor":13},{"not_picked":["Grand Finale","Phantasmal Killer"],"picked":"Storm of Steel","floor":16},{"not_picked":["Flying Knee","Outmaneuver","Masterful Stab"],"picked":"Singing Bowl","floor":18},{"not_picked":["Underhanded Strike+1","Flechettes"],"picked":"Leg Sweep","floor":19}],"player_experience":476672,"relics_obtained":[{"floor":9,"key":"Singing Bowl"},{"floor":12,"key":"Girya"}],"event_choices":[{"damage_healed":0,"gold_gain":0,"player_choice":"Got Potions","damage_taken":0,"max_hp_gain":0,"max_hp_loss":0,"event_name":"The Lab","floor":14,"gold_loss":0},{"damage_healed":0,"gold_gain":0,"player_choice":"Stole Relic","damage_taken":0,"relics_obtained":["Vajra"],"max_hp_gain":0,"max_hp_loss":0,"event_name":"Addict","floor":20,"gold_loss":0,"cards_obtained":["Shame"]},{"damage_healed":0,"gold_gain":0,"player_choice":"Shed Blood","damage_taken":18,"max_hp_gain":5,"max_hp_loss":0,"event_name":"Forgotten Altar","floor":22,"gold_loss":0}],"is_beta":false,"boss_relics":[{"not_picked":["Black Star","Pandora\u0027s Box"],"picked":"Cursed Key"}],"items_purged_floors":[11,21],"is_endless":false,"potions_floor_spawned":[1,5,10,18],"killed_by":"Gremlin Leader","ascension_level":5}