{"path_per_floor":["M","M","?","M","M","R","M","M","T","?","R","M","R","$","R","B",null,"M","?","M","M","M","R","?","M","T","R","M","T","$","M","R","B",null,"M","?","$","?","M","R","M","M","T","R","$","M","R","M","R"],"character_chosen":"DEFECT","items_purchased":["Buffer+1","Genetic Algorithm","Ball Lightning","Stack","Art of War","Singing Bowl"],"gold_per_floor":[113,124,224,242,252,252,272,292,292,292,292,305,305,7,7,102,102,113,213,229,246,258,258,258,276,353,353,363,386,289,301,301,396,396,408,408,310,310,328,328,343,363,414,414,64,74,74,88,88,88],"floor_reached":50,"campfire_rested":5,"playtime":3555,"item_purchase_floors":[14,14,30,37,45,45],"current_hp_per_floor":[74,73,73,73,58,58,23,22,22,7,29,20,20,20,42,23,75,67,67,65,44,30,30,30,16,16,38,14,14,14,34,56,34,75,75,66,66,66,72,72,43,38,38,38,38,35,35,47,79,0],"items_purged":["Strike_B","Dualcast","Strike_B","Strike_B"],"gold":88,"score":440,"play_id":"d5e9927d-c291-42a2-ac25-6c5ab2646ac6","local_time":"20180605231809","is_prod":false,"is_daily":false,"chose_seed":false,"is_ascension_mode":false,"campfire_upgraded":6,"win_rate":0,"timestamp":1528265889,"campfire_choices":[{"data":"Defragment","floor":6,"key":"SMITH"},{"floor":11,"key":"REST"},{"data":"Fusion","floor":13,"key":"SMITH"},{"floor":15,"key":"REST"},{"data":"Redo","floor":23,"key":"SMITH"},{"floor":27,"key":"REST"},{"floor":32,"key":"REST"},{"data":"Hologram","floor":40,"key":"SMITH"},{"data":"Seek","floor":44,"key":"SMITH"},{"data":"Mind Blast","floor":47,"key":"SMITH"},{"floor":49,"key":"REST"}],"path_taken":["M","M","?","M","M","R","M","M","T","?","R","?","R","$","R","BOSS","M","?","M","M","M","R","?","M","T","R","M","?","$","M","R","BOSS","M","?","$","?","M","R","M","?","T","R","$","?","R","M","R","BOSS"],"build_version":"2018-05-31","seed_source_timestamp":6558943531349,"purchased_purges":4,"victory":false,"master_deck":["Strike_B+1","Defend_B","Defend_B","Defend_B","Defend_B","Zap+1","Loop+1","Leap","Fusion+1","Defragment+1","Sunder","Redo+1","Defragment+1","Buffer+1","Genetic Algorithm","Echo Form+1","Streamline","White Noise+1","Self Repair+1","Beam Cell","Ball Lightning","Lockon","Seek+1","Hologram+1","Madness","Madness","Stack","Mind Blast+1","Rebound","Chaos+1"],"max_hp_per_floor":[75,75,75,75,75,75,75,75,75,75,75,75,75,75,75,75,75,75,75,75,75,75,75,75,75,75,75,75,75,75,75,75,75,75,75,75,75,75,75,75,75,75,75,75,75,77,77,79,79,79],"relics":["Cracked Core","Frozen Egg 2","Sozu","Smiling Mask","Happy Flower","Nuclear Battery","Regal Pillow","Art of War","Singing Bowl"],"card_choices":[{"not_picked":["Rebound","Go for the Eyes"],"picked":"Loop","floor":1},{"not_picked":["Sweeping Beam","Stack"],"picked":"Leap","floor":2},{"not_picked":["Leap","Hello World"],"picked":"Fusion","floor":4},{"not_picked":["Coolheaded","Doom and Gloom"],"picked":"Defragment","floor":5},{"not_picked":["Compile Driver","Skim"],"picked":"Sunder","floor":7},{"not_picked":["Stack","Reprogram"],"picked":"Redo","floor":8},{"not_picked":["Aggregate","Reprogram"],"picked":"Defragment+1","floor":12},{"not_picked":["Fission","Meteor Strike"],"picked":"Echo Form+1","floor":16},{"not_picked":["Leap+1","Compile Driver+1"],"picked":"Streamline","floor":18},{"not_picked":["Barrage+1","Aggregate"],"picked":"White Noise+1","floor":20},{"not_picked":["Barrage","Streamline","Coolheaded"],"picked":"SKIP","floor":21},{"not_picked":["Double Energy","Go for the Eyes"],"picked":"Self Repair+1","floor":22},{"not_picked":["Stack","Conserve Battery+1"],"picked":"Beam Cell","floor":25},{"not_picked":["Beam Cell+1","Sunder","Reprogram"],"picked":"SKIP","floor":28},{"not_picked":["Coolheaded","Static Discharge+1"],"picked":"Lockon","floor":31},{"not_picked":["Buffer+1","All For One"],"picked":"Seek","floor":33},{"not_picked":["Skim","Gash+1"],"picked":"Hologram","floor":35},{"not_picked":["Trip","Deep Breath"],"picked":"Mind Blast","floor":38},{"not_picked":["Stack","Ball Lightning"],"picked":"Rebound","floor":39},{"not_picked":["Leap+1","Gash+1","Coolheaded"],"picked":"SKIP","floor":41},{"not_picked":["Conserve Battery","Machine Learning+1"],"picked":"Chaos+1","floor":42},{"not_picked":["Go for the Eyes","Beam Cell","White Noise"],"picked":"Singing Bowl","floor":46},{"not_picked":["Sweeping Beam","Barrage+1","Conserve Battery"],"picked":"Singing Bowl","floor":48}],"player_experience":363270,"potions_floor_usage":[7,12,18,22],"damage_taken":[{"damage":1,"enemies":"Jaw Worm","floor":1,"turns":3},{"damage":1,"enemies":"Cultist","floor":2,"turns":3},{"damage":0,"enemies":"Small Slimes","floor":4,"turns":4},{"damage":15,"enemies":"Exordium Thugs","floor":5,"turns":6},{"damage":35,"enemies":"Gremlin Gang","floor":7,"turns":6},{"damage":1,"enemies":"Looter","floor":8,"turns":3},{"damage":9,"enemies":"Exordium Thugs","floor":12,"turns":4},{"damage":19,"enemies":"Hexaghost","floor":16,"turns":8},{"damage":8,"enemies":"3 Byrds","floor":18,"turns":4},{"damage":2,"enemies":"Chosen","floor":20,"turns":5},{"damage":21,"enemies":"Snake Plant","floor":21,"turns":2},{"damage":28,"enemies":"Cultist and Chosen","floor":22,"turns":5},{"damage":24,"enemies":"3 Cultists","floor":25,"turns":6},{"damage":34,"enemies":"Sentry and Sphere","floor":28,"turns":6},{"damage":0,"enemies":"Cultist and Chosen","floor":31,"turns":5},{"damage":32,"enemies":"Champ","floor":33,"turns":8},{"damage":7,"enemies":"3 Shapes","floor":35,"turns":3},{"damage":4,"enemies":"Orb Walker","floor":39,"turns":4},{"damage":39,"enemies":"Maw","floor":41,"turns":8},{"damage":15,"enemies":"3 Darklings","floor":42,"turns":6},{"damage":25,"enemies":"Sphere and 2 Shapes","floor":46,"turns":5},{"damage":0,"enemies":"4 Shapes","floor":48,"turns":6},{"damage":81,"enemies":"Awakened One","floor":50,"turns":11}],"relics_obtained":[{"floor":9,"key":"Frozen Egg 2"},{"floor":26,"key":"Smiling Mask"},{"floor":29,"key":"Happy Flower"},{"floor":43,"key":"Regal Pillow"}],"event_choices":[{"event_name":"Golden Shrine","player_choice":"Pray","floor":3,"damage_taken":0},{"event_name":"Shining Light","player_choice":"Entered Light","floor":10,"damage_taken":0},{"event_name":"Golden Shrine","player_choice":"Pray","floor":19,"damage_taken":0},{"event_name":"Accursed Blacksmith","player_choice":"Ignore","floor":24,"damage_taken":0},{"event_name":"Winding Halls","player_choice":"Embrace Madness","floor":36,"damage_taken":0},{"event_name":"SensoryStone","player_choice":"Memory 1","floor":38,"damage_taken":0}],"boss_relics":[{"not_picked":["Velvet Choker","Black Star"],"picked":"Sozu"},{"not_picked":["Lizard Tail","Astrolabe"],"picked":"Nuclear Battery"}],"items_purged_floors":[14,30,37,45],"potions_floor_spawned":[5,7,8,12,18,21,33,39],"seed_played":"-3172743151732797769","killed_by":"Awakened One","ascension_level":0,"potions_obtained":[{"floor":5,"key":"Energy Potion"},{"floor":7,"key":"Regen Potion"},{"floor":8,"key":"AttackPotion"},{"floor":12,"key":"Fire Potion"}],"is_trial":false}