{"gold_per_floor":[117,42,52,17,17,17,43,57,57,57,74,87,102,127,127,223,223,238,249,249,164,179,210,210,237,237,263,124,144,176,76,76,76],"floor_reached":33,"playtime":1840,"items_purged":["Strike_R","Strike_R"],"score":352,"play_id":"b0e77ba9-47fc-4667-83d4-496ce52ccd80","local_time":"20190812220541","is_ascension_mode":true,"campfire_choices":[{"data":"Inflame","floor":6,"key":"SMITH"},{"data":"Whirlwind","floor":10,"key":"SMITH"},{"data":"Seeing Red","floor":15,"key":"SMITH"},{"data":"Double Tap","floor":24,"key":"SMITH"},{"floor":32,"key":"REST"}],"neow_cost":"NONE","seed_source_timestamp":825608493209900,"circlet_count":0,"master_deck":["Strike_R","Strike_R","Defend_R","Defend_R","Defend_R","Defend_R","Bash","Seeing Red+1","Headbutt","Inflame+1","Whirlwind+1","Battle Trance","Infernal Blade","Thunderclap","Double Tap+1","Sword Boomerang+1","True Grit+1","Shockwave","Shrug It Off+1","Pummel+1","Limit Break"],"relics":["Burning Blood","Blue Candle","Art of War","Dead Branch","Black Star","Shuriken","Mercury Hourglass","Unceasing Top","Molten Egg 2","Bottled Lightning","Bottled Tornado","Gremlin Horn","Prayer Wheel","Question Card","Self Forming Clay"],"potions_floor_usage":[13,16,18,19,23,23,30,33],"damage_taken":[{"damage":6,"enemies":"Jaw Worm","floor":1,"turns":4},{"damage":4,"enemies":"2 Louse","floor":3,"turns":4},{"damage":30,"enemies":"Lagavulin","floor":7,"turns":7},{"damage":3,"enemies":"Small Slimes","floor":8,"turns":3},{"damage":5,"enemies":"Looter","floor":11,"turns":2},{"damage":0,"enemies":"2 Fungi Beasts","floor":12,"turns":1},{"damage":0,"enemies":"Exordium Thugs","floor":13,"turns":2},{"damage":14,"enemies":"Gremlin Nob","floor":14,"turns":3},{"damage":21,"enemies":"The Guardian","floor":16,"turns":9},{"damage":9,"enemies":"Chosen","floor":18,"turns":6},{"damage":20,"enemies":"2 Thieves","floor":19,"turns":3},{"damage":5,"enemies":"Cultist and Chosen","floor":22,"turns":4},{"damage":18,"enemies":"Gremlin Leader","floor":23,"turns":5},{"damage":11,"enemies":"Book of Stabbing","floor":25,"turns":4},{"damage":37,"enemies":"Slavers","floor":27,"turns":3},{"damage":6,"enemies":"Centurion and Healer","floor":29,"turns":4},{"damage":16,"enemies":"Book of Stabbing","floor":30,"turns":3},{"damage":58,"enemies":"Automaton","floor":33,"turns":6}],"seed_played":"-3603003500869383950","potions_obtained":[{"floor":1,"key":"SteroidPotion"},{"floor":7,"key":"Regen Potion"},{"floor":11,"key":"Dexterity Potion"},{"floor":13,"key":"Block Potion"},{"floor":18,"key":"Energy Potion"},{"floor":22,"key":"Fire Potion"},{"floor":29,"key":"PowerPotion"},{"floor":30,"key":"Explosive Potion"}],"is_trial":false,"path_per_floor":["M","$","M","$","?","R","E","M","T","R","M","M","M","E","R","B",null,"M","M","?","?","M","E","R","E","T","E","$","M","E","$","R","B"],"character_chosen":"IRONCLAD","items_purchased":["Inflame","Limit Break"],"campfire_rested":1,"item_purchase_floors":[4,28],"current_hp_per_floor":[88,88,88,88,81,81,57,60,60,60,61,67,73,65,65,50,88,85,71,71,71,72,69,69,64,64,33,33,33,23,23,49,0],"gold":76,"neow_bonus":"TEN_PERCENT_HP_BONUS","is_prod":false,"is_daily":false,"chose_seed":false,"campfire_upgraded":4,"win_rate":0,"timestamp":1565672741,"path_taken":["M","$","M","$","?","R","E","M","T","R","M","M","M","E","R","BOSS","M","M","?","?","M","E","R","E","T","E","$","M","E","$","R","BOSS"],"build_version":"2019-07-18","purchased_purges":2,"victory":false,"max_hp_per_floor":[88,88,88,88,88,88,88,88,88,88,88,88,88,88,88,88,88,88,88,88,88,88,88,88,88,88,88,88,88,88,88,88,88],"card_choices":[{"not_picked":["Sever Soul","Twin Strike"],"picked":"Seeing Red","floor":1},{"not_picked":["Flex","Armaments"],"picked":"Headbutt","floor":3},{"not_picked":["Sentinel","Corruption"],"picked":"Whirlwind","floor":7},{"not_picked":["Anger","Iron Wave"],"picked":"Battle Trance","floor":8},{"not_picked":["Rampage","Reckless Charge"],"picked":"Infernal Blade","floor":11},{"not_picked":["Combust","Rage"],"picked":"Thunderclap","floor":12},{"not_picked":["Anger","Blood for Blood","Searing Blow"],"picked":"SKIP","floor":13},{"not_picked":["Flex","Heavy Blade","Thunderclap"],"picked":"SKIP","floor":14},{"not_picked":["Berserk","Feed"],"picked":"Double Tap","floor":16},{"not_picked":["Cleave","Uppercut"],"picked":"Sword Boomerang+1","floor":18},{"not_picked":["Perfected Strike+1","Cleave+1"],"picked":"True Grit+1","floor":19},{"not_picked":["Flex","Cleave","Pommel Strike"],"picked":"SKIP","floor":22},{"not_picked":["Clash","Pommel Strike"],"picked":"Shockwave","floor":23},{"not_picked":["Blood for Blood","Pommel Strike"],"picked":"Shrug It Off+1","floor":25},{"not_picked":["Disarm+1","Headbutt+1"],"picked":"Pummel+1","floor":27},{"not_picked":["Thunderclap+1","Hemokinesis+1","Body Slam+1"],"picked":"SKIP","floor":29},{"not_picked":["Sever Soul+1","Sword Boomerang+1","Cleave+1"],"picked":"SKIP","floor":29},{"not_picked":["Rupture","Sentinel","Searing Blow+1"],"picked":"SKIP","floor":30}],"player_experience":1383679,"relics_obtained":[{"floor":7,"key":"Blue Candle"},{"floor":9,"key":"Art of War"},{"floor":14,"key":"Dead Branch"},{"floor":23,"key":"Mercury Hourglass"},{"floor":23,"key":"Unceasing Top"},{"floor":25,"key":"Molten Egg 2"},{"floor":25,"key":"Bottled Lightning"},{"floor":26,"key":"Bottled Tornado"},{"floor":27,"key":"Gremlin Horn"},{"floor":27,"key":"Prayer Wheel"},{"floor":30,"key":"Question Card"},{"floor":30,"key":"Self Forming Clay"}],"event_choices":[{"cards_removed":["Strike_R"],"damage_healed":0,"gold_gain":0,"player_choice":"Card Removal","damage_taken":7,"max_hp_gain":0,"max_hp_loss":0,"event_name":"Golden Wing","floor":5,"gold_loss":0},{"damage_healed":0,"gold_gain":0,"player_choice":"Ignored","damage_taken":0,"max_hp_gain":0,"max_hp_loss":0,"event_name":"Vampires","floor":20,"gold_loss":0},{"damage_healed":0,"gold_gain":0,"player_choice":"Obtained Relic","damage_taken":0,"relics_obtained":["Shuriken"],"max_hp_gain":0,"max_hp_loss":0,"event_name":"Addict","floor":21,"gold_loss":85}],"is_beta":true,"boss_relics":[{"not_picked":["Ectoplasm","Cursed Key"],"picked":"Black Star"}],"items_purged_floors":[2,31],"is_endless":false,"potions_floor_spawned":[1,7,11,13,18,22,29,30],"killed_by":"Automaton","ascension_level":1}