{"path_per_floor":["M","M","?","M","?","R","M","R","T","E","M","$","R","M","R","B",null,"M","?","?","$","?","R","M"],"character_chosen":"DEFECT","items_purchased":["Cold Snap"],"gold_per_floor":[112,125,200,213,213,213,229,229,277,308,324,198,198,214,214,312,312,330,330,330,230,145,145,164,164],"floor_reached":25,"campfire_rested":2,"playtime":1262,"item_purchase_floors":[12],"current_hp_per_floor":[72,68,57,56,56,56,46,68,68,35,35,35,35,35,57,27,63,52,52,52,52,52,52,30,0],"items_purged":["Strike_B","Defend_B"],"gold":164,"score":251,"play_id":"5fd3d330-a676-4393-91ee-27d5355c41ba","local_time":"20180616181246","is_prod":false,"is_daily":false,"chose_seed":false,"is_ascension_mode":true,"campfire_upgraded":3,"win_rate":0,"timestamp":1529197966,"campfire_choices":[{"data":"Zap","floor":6,"key":"SMITH"},{"floor":8,"key":"REST"},{"data":"Machine Learning","floor":13,"key":"SMITH"},{"floor":15,"key":"REST"},{"data":"Reinforced Body","floor":23,"key":"SMITH"}],"path_taken":["BOSS","M","M","?","M","?","R","M","R","T","E","M","$","R","M","R","BOSS","M","?","?","$","?","R","M","M"],"build_version":"2018-06-14v2","seed_source_timestamp":0,"purchased_purges":2,"victory":false,"master_deck":["Defend_B","Defend_B","Defend_B","Zap+1","Ball Lightning","Machine Learning+1","Leap","Coolheaded","Cold Snap","Streamline","Reinforced Body+1","Reboot","White Noise+1","Capacitor+1","Seek+1","Capacitor","Darkness"],"max_hp_per_floor":[75,75,75,75,75,75,75,75,75,75,75,75,75,75,75,75,75,75,75,75,75,75,75,75,75],"special_seed":0,"relics":["Cracked Core","Dream Catcher","Juzu Bracelet","Astrolabe","Omamori"],"card_choices":[{"not_picked":["Beam Cell","Go for the Eyes","Rebound"],"picked":"SKIP","floor":1},{"not_picked":["Gash","Steam Power","Stack"],"picked":"SKIP","floor":2},{"not_picked":["Compile Driver","Fusion"],"picked":"Ball Lightning","floor":4},{"not_picked":["Compile Driver","FTL"],"picked":"Machine Learning","floor":7},{"not_picked":["Static Discharge","Rebound"],"picked":"Leap","floor":10},{"not_picked":["Turbo","Beam Cell"],"picked":"Coolheaded","floor":11},{"not_picked":["Rebound","Stack"],"picked":"Streamline","floor":14},{"not_picked":["Conserve Battery","Gash"],"picked":"Reinforced Body","floor":15},{"not_picked":["Amplify","Machine Learning"],"picked":"Reboot","floor":16},{"not_picked":["Conserve Battery+1","Barrage"],"picked":"Capacitor","floor":18},{"not_picked":["Streamline","Ball Lightning"],"picked":"Darkness","floor":24}],"player_experience":536243,"potions_floor_usage":[10,24],"damage_taken":[{"damage":3,"enemies":"2 Louse","floor":1,"turns":3},{"damage":4,"enemies":"Small Slimes","floor":2,"turns":3},{"damage":1,"enemies":"Cultist","floor":4,"turns":3},{"damage":10,"enemies":"Large Slime","floor":7,"turns":6},{"damage":33,"enemies":"Gremlin Nob","floor":10,"turns":4},{"damage":0,"enemies":"Exordium Wildlife","floor":11,"turns":3},{"damage":0,"enemies":"Blue Slaver","floor":14,"turns":5},{"damage":30,"enemies":"Hexaghost","floor":16,"turns":11},{"damage":11,"enemies":"Spheric Guardian","floor":18,"turns":5},{"damage":22,"enemies":"2 Thieves","floor":24,"turns":5},{"damage":33,"enemies":"Centurion and Healer","floor":25,"turns":4}],"relics_obtained":[{"floor":9,"key":"Dream Catcher"},{"floor":10,"key":"Juzu Bracelet"}],"event_choices":[{"event_name":"World of Goop","player_choice":"Gather Gold","floor":3,"damage_taken":0},{"event_name":"Purifier","player_choice":"One Purge","floor":5,"damage_taken":0},{"event_name":"Ghosts","player_choice":"Ignored","floor":19,"damage_taken":0},{"event_name":"The Mausoleum","player_choice":"No","floor":20,"damage_taken":0},{"event_name":"Addict","player_choice":"Obtained Relic","floor":22,"damage_taken":0}],"boss_relics":[{"not_picked":["Coffee Dripper","Philosopher\u0027s Stone"],"picked":"Astrolabe"}],"items_purged_floors":[12,21],"is_endless":false,"potions_floor_spawned":[7,10,11,16,18],"seed_played":"9033009640444476450","killed_by":"Centurion and Healer","ascension_level":5,"potions_obtained":[{"floor":7,"key":"SkillPotion"},{"floor":10,"key":"SteroidPotion"},{"floor":11,"key":"Strength Potion"},{"floor":16,"key":"FearPotion"},{"floor":18,"key":"AttackPotion"}],"is_trial":false}