{"gold_per_floor":[116,116,31,31,31,56,56,66,66,86,102,129,141,153],"floor_reached":14,"playtime":3488,"items_purged":[],"score":240,"play_id":"ca4ee493-a11d-4e83-b59d-18429ea91c8b","local_time":"20190728135324","is_ascension_mode":true,"campfire_choices":[{"data":"Zap","floor":7,"key":"SMITH"},{"floor":13,"key":"REST"}],"neow_cost":"NONE","seed_source_timestamp":1018747316737542,"circlet_count":0,"master_deck":["AscendersBane","Strike_B","Strike_B","Strike_B","Defend_B","Defend_B","Defend_B","Defend_B","Zap+1","Dualcast","Compile Driver","Melter","Ball Lightning","Stack","White Noise","Sweeping Beam","Chill"],"relics":["Cracked Core","NeowsBlessing","Mummified Hand","Bronze Scales","StoneCalendar","MawBank"],"potions_floor_usage":[11],"damage_taken":[{"damage":0,"enemies":"2 Louse","floor":1,"turns":1},{"damage":0,"enemies":"3 Sentries","floor":6,"turns":1},{"damage":0,"enemies":"Small Slimes","floor":8,"turns":1},{"damage":6,"enemies":"Cultist","floor":10,"turns":3},{"damage":3,"enemies":"3 Louse","floor":11,"turns":2},{"damage":35,"enemies":"Lagavulin","floor":12,"turns":4},{"damage":50,"enemies":"Gremlin Nob","floor":14,"turns":4}],"seed_played":"8014129918274636355","potions_obtained":[{"floor":6,"key":"Dexterity Potion"},{"floor":8,"key":"Explosive Potion"},{"floor":12,"key":"Strength Potion"}],"is_trial":false,"path_per_floor":["M","?","$","?","?","E","R","M","T","M","M","E","R","E"],"character_chosen":"DEFECT","items_purchased":["Melter"],"campfire_rested":1,"item_purchase_floors":[3],"current_hp_per_floor":[64,57,57,57,57,57,57,57,57,51,48,13,34,0],"gold":153,"neow_bonus":"THREE_ENEMY_KILL","is_prod":false,"is_daily":false,"chose_seed":false,"campfire_upgraded":1,"win_rate":0,"timestamp":1564347204,"path_taken":["M","?","$","?","?","E","R","M","T","?","M","E","R","E"],"build_version":"2019-07-17","purchased_purges":0,"victory":false,"max_hp_per_floor":[71,71,71,71,71,71,71,71,71,71,71,71,71,71],"card_choices":[{"not_picked":["Rebound","Gash"],"picked":"Compile Driver","floor":1},{"not_picked":["Chill","Streamline"],"picked":"Ball Lightning","floor":6},{"not_picked":["Reinforced Body","Rip and Tear"],"picked":"Stack","floor":8},{"not_picked":["Rebound","FTL"],"picked":"White Noise","floor":10},{"not_picked":["Go for the Eyes","Coolheaded"],"picked":"Sweeping Beam","floor":11},{"not_picked":["Heatsinks","Sweeping Beam"],"picked":"Chill","floor":12}],"player_experience":2397627,"relics_obtained":[{"floor":5,"key":"Mummified Hand"},{"floor":6,"key":"Bronze Scales"},{"floor":9,"key":"StoneCalendar"},{"floor":12,"key":"MawBank"}],"event_choices":[{"cards_removed":["Strike_B"],"damage_healed":0,"gold_gain":0,"player_choice":"Card Removal","damage_taken":7,"max_hp_gain":0,"max_hp_loss":0,"event_name":"Golden Wing","floor":2,"gold_loss":0},{"damage_healed":0,"gold_gain":0,"player_choice":"Ignored","damage_taken":0,"max_hp_gain":0,"max_hp_loss":0,"event_name":"Liars Game","floor":4,"gold_loss":0},{"damage_healed":0,"gold_gain":0,"player_choice":"Relic","damage_taken":0,"max_hp_gain":0,"max_hp_loss":0,"event_name":"Wheel of Change","floor":5,"gold_loss":0}],"is_beta":false,"boss_relics":[],"items_purged_floors":[],"is_endless":false,"potions_floor_spawned":[6,8,12],"killed_by":"Gremlin Nob","ascension_level":19}