{"gold_per_floor":[110,127,146,146,160,193,193,208,208,219,231,231,135,150,150,247,247,260,12,29,41,54,82,96,110,110,110,124,138,158,173,173,276,326,337,350,364,135,147,147,182,182,205,205,224,224,238,250,250,250],"floor_reached":50,"playtime":3167,"items_purged":["Strike_R"],"score":719,"play_id":"384b0289-b699-4976-a68b-9ef9e255acb1","local_time":"20180829143801","is_ascension_mode":true,"campfire_choices":[{"floor":7,"key":"REST"},{"data":"Perfected Strike","floor":12,"key":"SMITH"},{"floor":15,"key":"REST"},{"data":"Double Tap","floor":27,"key":"SMITH"},{"data":"Metallicize","floor":32,"key":"SMITH"},{"data":"Second Wind","floor":40,"key":"SMITH"},{"data":"Battle Trance","floor":44,"key":"SMITH"},{"floor":46,"key":"REST"},{"floor":49,"key":"REST"}],"neow_cost":"TEN_PERCENT_HP_LOSS","seed_source_timestamp":1150581722242008,"circlet_count":0,"master_deck":["Strike_R+1","Strike_R","Strike_R","Strike_R","Defend_R","Defend_R","Defend_R","Defend_R","Bash+1","Battle Trance+1","Thunderclap","Clothesline","Feed","Metallicize+1","Iron Wave","Flame Barrier","Perfected Strike+1","Dramatic Entrance","Dropkick","Double Tap+1","Inflame+1","Perfected Strike+1","Shrug It Off+1","Uppercut+1","Combust+1","Headbutt+1","Perfected Strike+1","True Grit","Rupture+1","Second Wind+1","Impervious","Shrug It Off","Whirlwind+1","Heavy Blade+1","Uppercut+1","Bludgeon+1","Armaments","Armaments+1","Ghostly Armor+1"],"relics":["Burning Blood","Gambling Chip","Dodecahedron","Question Card","Snecko Eye","Molten Egg 2","Kunai","Boot","Tiny House","Red Skull","Ornamental Fan","Blood Vial"],"potions_floor_usage":[6,6,16,18,35,35,39,48,48,48],"damage_taken":[{"damage":11,"enemies":"Small Slimes","floor":1,"turns":4},{"damage":3,"enemies":"Jaw Worm","floor":2,"turns":5},{"damage":1,"enemies":"Cultist","floor":3,"turns":3},{"damage":16,"enemies":"Gremlin Gang","floor":5,"turns":6},{"damage":35,"enemies":"Lagavulin","floor":6,"turns":5},{"damage":10,"enemies":"Exordium Thugs","floor":8,"turns":5},{"damage":5,"enemies":"Blue Slaver","floor":10,"turns":6},{"damage":20,"enemies":"Gremlin Gang","floor":11,"turns":6},{"damage":4,"enemies":"Red Slaver","floor":14,"turns":4},{"damage":20,"enemies":"The Guardian","floor":16,"turns":15},{"damage":0,"enemies":"Chosen","floor":18,"turns":1},{"damage":1,"enemies":"Spheric Guardian","floor":20,"turns":3},{"damage":0,"enemies":"3 Cultists","floor":21,"turns":4},{"damage":7,"enemies":"Centurion and Healer","floor":22,"turns":4},{"damage":0,"enemies":"Gremlin Leader","floor":23,"turns":5},{"damage":2,"enemies":"Snake Plant","floor":24,"turns":3},{"damage":2,"enemies":"Chosen and Byrds","floor":25,"turns":2},{"damage":0,"enemies":"Snecko","floor":28,"turns":1},{"damage":0,"enemies":"Cultist and Chosen","floor":29,"turns":3},{"damage":0,"enemies":"Sentry and Sphere","floor":30,"turns":2},{"damage":0,"enemies":"3 Cultists","floor":31,"turns":3},{"damage":47,"enemies":"Champ","floor":33,"turns":8},{"damage":16,"enemies":"Flame Bruiser 1 Orb","floor":35,"turns":4},{"damage":22,"enemies":"3 Darklings","floor":36,"turns":4},{"damage":5,"enemies":"Sphere and 2 Shapes","floor":37,"turns":3},{"damage":15,"enemies":"Transient","floor":39,"turns":5},{"damage":12,"enemies":"Nemesis","floor":41,"turns":5},{"damage":14,"enemies":"Flame Bruiser 2 Orb","floor":45,"turns":4},{"damage":29,"enemies":"Sphere and 2 Shapes","floor":47,"turns":5},{"damage":48,"enemies":"Transient","floor":48,"turns":5},{"damage":65,"enemies":"Donu and Deca","floor":50,"turns":6}],"seed_played":"-3900706162445301538","potions_obtained":[{"floor":1,"key":"LiquidBronze"},{"floor":3,"key":"BloodPotion"},{"floor":8,"key":"SkillPotion"},{"floor":10,"key":"SteroidPotion"},{"floor":22,"key":"Strength Potion"},{"floor":24,"key":"Block Potion"},{"floor":25,"key":"PowerPotion"},{"floor":31,"key":"AttackPotion"},{"floor":37,"key":"Explosive Potion"},{"floor":41,"key":"Explosive Potion"},{"floor":45,"key":"Dexterity Potion"}],"is_trial":false,"path_per_floor":["M","M","M","?","M","E","R","M","T","M","M","R","$","M","R","B",null,"M","$","M","M","M","E","M","M","T","R","M","M","M","M","R","B",null,"M","M","M","$","M","R","E","?","T","R","M","R","M","M","R"],"character_chosen":"IRONCLAD","items_purchased":["Dramatic Entrance","Molten Egg 2","Red Skull"],"campfire_rested":4,"item_purchase_floors":[13,19,38],"current_hp_per_floor":[67,70,72,72,62,43,65,64,64,68,57,57,57,62,87,76,87,90,90,90,93,92,93,93,93,93,93,93,96,96,99,99,58,94,84,68,69,69,60,60,54,54,54,54,48,79,61,21,53,0],"gold":250,"neow_bonus":"ONE_RARE_RELIC","is_prod":false,"is_daily":false,"chose_seed":false,"campfire_upgraded":5,"win_rate":0,"timestamp":1535578681,"path_taken":["M","M","M","?","M","E","R","M","T","M","M","R","$","M","R","BOSS","M","$","M","M","M","E","M","M","T","R","?","M","M","M","R","BOSS","M","M","M","$","M","R","E","?","T","R","M","R","M","M","R","BOSS"],"build_version":"2018-08-23v2","purchased_purges":1,"victory":false,"max_hp_per_floor":[72,72,72,72,72,75,75,78,78,81,84,84,84,87,87,90,90,90,90,90,93,93,93,93,93,93,93,93,96,96,99,99,99,104,104,104,104,104,104,104,104,104,104,104,104,104,107,107,107,107],"card_choices":[{"not_picked":["Evolve","Sentinel"],"picked":"Battle Trance","floor":1},{"not_picked":["Twin Strike","Havoc"],"picked":"Thunderclap","floor":2},{"not_picked":["Entrench","Thunderclap"],"picked":"Clothesline","floor":3},{"not_picked":["Twin Strike","Warcry"],"picked":"Feed","floor":5},{"not_picked":["Clash","Battle Trance"],"picked":"Metallicize","floor":6},{"not_picked":["Clash","Thunderclap"],"picked":"Iron Wave","floor":8},{"not_picked":["Wild Strike","Reckless Charge","Armaments"],"picked":"Flame Barrier","floor":10},{"not_picked":["Headbutt","Burning Pact","Havoc"],"picked":"Perfected Strike","floor":11},{"not_picked":["Thunderclap","Anger","True Grit"],"picked":"Dropkick","floor":14},{"not_picked":["Brutality","Juggernaut","Limit Break"],"picked":"Double Tap","floor":16},{"not_picked":["Rampage","Blood for Blood+1","Sever Soul"],"picked":"Inflame+1","floor":18},{"not_picked":["Clothesline+1","Shockwave","Headbutt+1"],"picked":"Perfected Strike+1","floor":20},{"not_picked":["Cleave+1","Sword Boomerang+1","Flex+1"],"picked":"Shrug It Off+1","floor":21},{"not_picked":["Warcry","Bloodletting","Anger+1"],"picked":"Uppercut+1","floor":22},{"not_picked":["Wild Strike+1","Rage","Limit Break"],"picked":"Combust+1","floor":23},{"not_picked":["Thunderclap+1","Armaments","Havoc"],"picked":"Headbutt+1","floor":24},{"not_picked":["Sword Boomerang+1","Flex","Whirlwind+1"],"picked":"Perfected Strike+1","floor":25},{"not_picked":["Thunderclap+1","Metallicize","Headbutt+1"],"picked":"True Grit","floor":28},{"not_picked":["Clash+1","Reckless Charge+1","Wild Strike+1"],"picked":"Rupture+1","floor":29},{"not_picked":["Body Slam+1","Warcry","Wild Strike+1"],"picked":"Cleave+1","floor":30},{"not_picked":["Headbutt+1","Wild Strike+1","Sword Boomerang+1"],"picked":"Second Wind","floor":31},{"not_picked":["Juggernaut","Brutality","Double Tap"],"picked":"Impervious","floor":33},{"not_picked":["Iron Wave+1","Power Through","Anger+1"],"picked":"Shrug It Off","floor":34},{"not_picked":["Havoc+1","Anger+1","Disarm+1"],"picked":"Whirlwind+1","floor":35},{"not_picked":["Wild Strike+1","Iron Wave+1","Seeing Red","Clash+1"],"picked":"SKIP","floor":36},{"not_picked":["Flex","Headbutt+1","Havoc"],"picked":"Heavy Blade+1","floor":37},{"not_picked":["Dark Embrace","Bloodletting","Twin Strike+1"],"picked":"Uppercut+1","floor":39},{"not_picked":["Whirlwind+1","Infernal Blade+1","Cleave+1"],"picked":"Bludgeon+1","floor":41},{"not_picked":["Twin Strike+1","Rampage+1","Feel No Pain+1"],"picked":"Armaments","floor":45},{"not_picked":["Headbutt+1","Anger+1","Rampage+1"],"picked":"Armaments+1","floor":47},{"not_picked":["Armaments","Corruption","Dual Wield+1"],"picked":"Ghostly Armor+1","floor":48}],"player_experience":312180,"relics_obtained":[{"floor":6,"key":"Dodecahedron"},{"floor":9,"key":"Question Card"},{"floor":23,"key":"Kunai"},{"floor":26,"key":"Boot"},{"floor":41,"key":"Ornamental Fan"},{"floor":43,"key":"Blood Vial"}],"event_choices":[{"event_name":"Living Wall","player_choice":"Grow","floor":4,"damage_taken":0},{"event_name":"Falling","player_choice":"Removed Attack","floor":42,"damage_taken":0}],"is_beta":false,"boss_relics":[{"not_picked":["Lizard Tail","Runic Cube"],"picked":"Snecko Eye"},{"not_picked":["Philosopher\u0027s Stone","Coffee Dripper"],"picked":"Tiny House"}],"items_purged_floors":[38],"is_endless":false,"potions_floor_spawned":[1,3,8,10,22,24,25,29,31,37,41,45,47],"killed_by":"Donu and Deca","ascension_level":5}