{"gold_per_floor":[113,127,142,152,170,203,215,215,239,254,280,280,57,88,88,192,192,212,228,239,258,275,275],"floor_reached":23,"playtime":1266,"items_purged":[],"score":241,"play_id":"92c3b8ee-e322-49b8-8016-69c3612f9763","local_time":"20180821213302","is_ascension_mode":true,"campfire_choices":[{"data":"Catalyst","floor":8,"key":"SMITH"},{"floor":12,"key":"REST"},{"floor":15,"key":"REST"}],"neow_cost":"NONE","seed_source_timestamp":486202111986984,"circlet_count":0,"master_deck":["Defend_G","Defend_G","Defend_G","Defend_G","Strike_G","Strike_G","Strike_G","Strike_G","Survivor","Neutralize","Crippling Poison","Blade Dance","Predator","All Out Attack","Bouncing Flask","Catalyst+1","Dagger Throw","Acrobatics","Endless Agony","Bouncing Flask","PiercingWail","Wraith Form v2","Dodge and Roll+1","Poisoned Stab+1","Sucker Punch","Dagger Throw+1","Bane+1"],"relics":["Ring of the Snake","Bronze Scales","Letter Opener","Happy Flower","Bag of Preparation","Bag of Marbles","Juzu Bracelet","Empty Cage"],"potions_floor_usage":[6,16,16,21,21],"damage_taken":[{"damage":2,"enemies":"Jaw Worm","floor":1,"turns":5},{"damage":0,"enemies":"2 Louse","floor":2,"turns":2},{"damage":2,"enemies":"Cultist","floor":3,"turns":4},{"damage":4,"enemies":"Blue Slaver","floor":4,"turns":4},{"damage":1,"enemies":"2 Fungi Beasts","floor":5,"turns":3},{"damage":22,"enemies":"Lagavulin","floor":6,"turns":6},{"damage":3,"enemies":"Looter","floor":7,"turns":3},{"damage":4,"enemies":"Blue Slaver","floor":10,"turns":3},{"damage":17,"enemies":"3 Sentries","floor":11,"turns":5},{"damage":8,"enemies":"Lagavulin","floor":14,"turns":4},{"damage":11,"enemies":"Hexaghost","floor":16,"turns":5},{"damage":0,"enemies":"Shell Parasite","floor":18,"turns":3},{"damage":21,"enemies":"2 Thieves","floor":19,"turns":4},{"damage":29,"enemies":"Snake Plant","floor":20,"turns":4},{"damage":12,"enemies":"Centurion and Healer","floor":21,"turns":6},{"damage":7,"enemies":"Chosen and Byrds","floor":22,"turns":4},{"damage":1,"enemies":"Slavers","floor":23,"turns":1}],"seed_played":"-2370417092016961344","potions_obtained":[{"floor":1,"key":"AttackPotion"},{"floor":4,"key":"SpeedPotion"},{"floor":5,"key":"PowerPotion"},{"floor":6,"key":"Block Potion"},{"floor":11,"key":"Block Potion"},{"floor":16,"key":"SkillPotion"},{"floor":18,"key":"LiquidBronze"}],"is_trial":false,"path_per_floor":["M","M","M","M","M","E","M","R","T","M","E","R","$","E","R","B",null,"M","M","M","M","M"],"character_chosen":"THE_SILENT","items_purchased":["Bag of Marbles","Bouncing Flask"],"campfire_rested":2,"item_purchase_floors":[13,13],"current_hp_per_floor":[68,68,66,62,61,39,36,36,36,32,15,36,36,28,49,38,70,70,49,20,8,1,0],"gold":275,"neow_bonus":"RANDOM_COMMON_RELIC","is_prod":false,"is_daily":false,"chose_seed":false,"campfire_upgraded":1,"win_rate":0,"timestamp":1534912382,"path_taken":["M","M","M","M","M","E","M","R","T","M","E","R","$","E","R","BOSS","M","M","M","M","M","E"],"build_version":"2018-08-16","purchased_purges":0,"victory":false,"max_hp_per_floor":[70,70,70,70,70,70,70,70,70,70,70,70,70,70,70,70,70,70,70,70,70,70,70],"card_choices":[{"not_picked":["Well Laid Plans","Setup"],"picked":"Crippling Poison","floor":1},{"not_picked":["Acrobatics","Accuracy"],"picked":"Blade Dance","floor":2},{"not_picked":["Prepared","PiercingWail"],"picked":"Predator","floor":3},{"not_picked":["Deadly Poison","Riddle With Holes"],"picked":"All Out Attack","floor":4},{"not_picked":["Flying Knee","Outmaneuver"],"picked":"Bouncing Flask","floor":5},{"not_picked":["Poisoned Stab","Dodge and Roll"],"picked":"Catalyst","floor":6},{"not_picked":["Underhanded Strike","Prepared"],"picked":"Dagger Throw","floor":7},{"not_picked":["Footwork","Underhanded Strike"],"picked":"Acrobatics","floor":10},{"not_picked":["Dodge and Roll","Grand Finale"],"picked":"Endless Agony","floor":11},{"not_picked":["Riddle With Holes","Skewer"],"picked":"PiercingWail","floor":14},{"not_picked":["Unload","Malaise"],"picked":"Wraith Form v2","floor":16},{"not_picked":["Flechettes","Quick Slash"],"picked":"Dodge and Roll+1","floor":18},{"not_picked":["Catalyst","Cloak And Dagger"],"picked":"Poisoned Stab+1","floor":19},{"not_picked":["Underhanded Strike","Deadly Poison"],"picked":"Sucker Punch","floor":20},{"not_picked":["Outmaneuver+1","Expertise"],"picked":"Dagger Throw+1","floor":21},{"not_picked":["Sucker Punch+1","Backflip"],"picked":"Bane+1","floor":22}],"player_experience":264223,"relics_obtained":[{"floor":6,"key":"Letter Opener"},{"floor":9,"key":"Happy Flower"},{"floor":11,"key":"Bag of Preparation"},{"floor":14,"key":"Juzu Bracelet"}],"event_choices":[],"is_beta":false,"boss_relics":[{"not_picked":["Runic Dome","White Beast Statue"],"picked":"Empty Cage"}],"items_purged_floors":[],"is_endless":false,"potions_floor_spawned":[1,4,5,6,11,16,18,19,20],"killed_by":"Slavers","ascension_level":2}