{"gold_per_floor":[216,231,250,269,280,310,310,337,337,367,53,83,96,128,128,224,224,240,330,34,47,60,89,89,414,414,428,428,428,445,475,475,575,575,593,203,219,219,239,239,271,290,290,317,329,329,329,26,26,26,26,26,26,61,61],"floor_reached":55,"playtime":3499,"items_purged":["Strike_B","Strike_B"],"score":972,"play_id":"2df3dc6f-a4d9-461a-9c70-bb48d6400bb6","local_time":"20190730161839","is_ascension_mode":true,"campfire_choices":[{"floor":15,"key":"RECALL"},{"data":"Echo Form","floor":28,"key":"SMITH"},{"floor":32,"key":"REST"},{"floor":40,"key":"REST"},{"data":"Defend_B","floor":46,"key":"PURGE"},{"data":"Defend_B","floor":47,"key":"PURGE"},{"floor":49,"key":"REST"},{"data":"Sweeping Beam","floor":52,"key":"PURGE"}],"neow_cost":"NONE","seed_source_timestamp":89315852235000,"circlet_count":0,"master_deck":["Zap","Dualcast","Leap","Glacier","Genetic Algorithm","Ball Lightning","Gash","Hologram","Echo Form+1","Blind","Core Surge+1","Beam Cell+1","Skim","All For One+1","Sweeping Beam+1","Conserve Battery+1","White Noise","Gash+1","Electrodynamics","Gash+1","Buffer","Coolheaded+1","Go for the Eyes+1"],"relics":["Cracked Core","Thread and Needle","Gremlin Horn","Molten Egg 2","Boot","Lantern","WingedGreaves","Astrolabe","Oddly Smooth Stone","Happy Flower","Calipers","Old Coin","Pear","Ancient Tea Set","Fusion Hammer","Turnip","Peace Pipe","StoneCalendar","Regal Pillow","Gambling Chip","Ornamental Fan"],"potions_floor_usage":[6,6,8,12,13,22,23,23,31,31,39,55],"damage_taken":[{"damage":1,"enemies":"Cultist","floor":1,"turns":3},{"damage":0,"enemies":"Small Slimes","floor":2,"turns":3},{"damage":0,"enemies":"2 Louse","floor":3,"turns":2},{"damage":0,"enemies":"Exordium Wildlife","floor":4,"turns":3},{"damage":7,"enemies":"Lots of Slimes","floor":5,"turns":4},{"damage":9,"enemies":"Gremlin Nob","floor":6,"turns":4},{"damage":15,"enemies":"3 Sentries","floor":8,"turns":7},{"damage":6,"enemies":"Gremlin Nob","floor":10,"turns":4},{"damage":7,"enemies":"3 Sentries","floor":12,"turns":7},{"damage":0,"enemies":"2 Fungi Beasts","floor":13,"turns":2},{"damage":0,"enemies":"Gremlin Nob","floor":14,"turns":3},{"damage":0,"enemies":"Slime Boss","floor":16,"turns":8},{"damage":3,"enemies":"Shell Parasite","floor":18,"turns":6},{"damage":0,"enemies":"Chosen","floor":21,"turns":5},{"damage":5,"enemies":"Centurion and Healer","floor":22,"turns":4},{"damage":0,"enemies":"Gremlin Leader","floor":23,"turns":5},{"damage":11,"enemies":"Book of Stabbing","floor":25,"turns":5},{"damage":0,"enemies":"Snake Plant","floor":27,"turns":4},{"damage":0,"enemies":"Shelled Parasite and Fungi","floor":30,"turns":5},{"damage":20,"enemies":"Gremlin Leader","floor":31,"turns":5},{"damage":28,"enemies":"Collector","floor":33,"turns":7},{"damage":3,"enemies":"3 Shapes","floor":35,"turns":4},{"damage":0,"enemies":"Orb Walker","floor":37,"turns":4},{"damage":26,"enemies":"3 Darklings","floor":39,"turns":3},{"damage":4,"enemies":"Nemesis","floor":41,"turns":5},{"damage":0,"enemies":"Transient","floor":42,"turns":5},{"damage":0,"enemies":"Giant Head","floor":44,"turns":6},{"damage":10,"enemies":"Jaw Worm Horde","floor":45,"turns":2},{"damage":4,"enemies":"Donu and Deca","floor":50,"turns":8},{"damage":29,"enemies":"Shield and Spear","floor":54,"turns":5},{"damage":58,"enemies":"The Heart","floor":55,"turns":2}],"seed_played":"-2386214872456910952","potions_obtained":[{"floor":1,"key":"Block Potion"},{"floor":3,"key":"Regen Potion"},{"floor":6,"key":"LiquidBronze"},{"floor":8,"key":"Dexterity Potion"},{"floor":10,"key":"SteroidPotion"},{"floor":12,"key":"Dexterity Potion"},{"floor":18,"key":"Fire Potion"},{"floor":21,"key":"SteroidPotion"},{"floor":27,"key":"Swift Potion"},{"floor":30,"key":"Explosive Potion"},{"floor":33,"key":"Dexterity Potion"},{"floor":37,"key":"PowerPotion"}],"is_trial":false,"path_per_floor":["M","M","M","M","M","E","T","E","T","E","$","E","M","E","R","B",null,"M","?","$","M","M","E","$","E","T","M","R","?","M","E","R","B",null,"M","$","M","?","M","R","E","M","T","E","M","R","R","$","R","B",null,"R","$","E","B"],"character_chosen":"DEFECT","items_purchased":["Echo Form","Blind","Oddly Smooth Stone","Happy Flower","Turnip","Gambling Chip"],"campfire_rested":3,"item_purchase_floors":[11,11,20,20,36,48],"current_hp_per_floor":[74,74,74,74,67,67,67,52,52,46,46,39,39,39,39,39,75,72,58,58,58,53,53,53,42,52,52,52,52,52,32,57,29,85,82,82,82,82,56,81,77,77,77,77,67,67,67,67,85,81,85,85,85,56,0],"gold":61,"neow_bonus":"HUNDRED_GOLD","is_prod":false,"is_daily":false,"chose_seed":false,"campfire_upgraded":1,"win_rate":0,"timestamp":1564528719,"path_taken":["M","M","M","M","?","E","?","E","T","E","$","E","M","E","R","BOSS","M","?","$","M","M","E","?","E","T","M","R","?","?","E","R","BOSS","M","$","?","?","M","R","E","M","T","E","?","R","R","?","R","BOSS","R","$","E","BOSS"],"build_version":"2019-07-18","purchased_purges":2,"victory":false,"max_hp_per_floor":[75,75,75,75,75,75,75,75,75,75,75,75,75,75,75,75,75,75,75,75,75,75,75,75,75,85,85,85,85,85,85,85,85,85,85,85,85,85,85,85,85,85,85,85,85,85,85,85,85,85,85,85,85,85,85],"card_choices":[{"not_picked":["Heatsinks","Double Energy"],"picked":"Sweeping Beam","floor":1},{"not_picked":["Compile Driver","Sweeping Beam"],"picked":"Leap","floor":2},{"not_picked":["Sweeping Beam","Static Discharge"],"picked":"Glacier","floor":3},{"not_picked":["Compile Driver","Turbo"],"picked":"Genetic Algorithm","floor":4},{"not_picked":["Genetic Algorithm","Beam Cell"],"picked":"Ball Lightning","floor":5},{"not_picked":["Hologram","Conserve Battery"],"picked":"Gash","floor":6},{"not_picked":["Leap","Ball Lightning"],"picked":"Hologram","floor":8},{"not_picked":["Consume","Blizzard+1","Redo"],"picked":"SKIP","floor":10},{"not_picked":["Aggregate","Streamline+1"],"picked":"Core Surge+1","floor":12},{"not_picked":["Self Repair","Coolheaded"],"picked":"Beam Cell+1","floor":13},{"not_picked":["Rebound+1","Coolheaded"],"picked":"Skim","floor":14},{"not_picked":["Ball Lightning+1","Undo","Conserve Battery"],"picked":"SKIP","floor":18},{"not_picked":["Chill+1","Beam Cell+1"],"picked":"White Noise","floor":21},{"not_picked":["Barrage+1","Double Energy","Compile Driver+1"],"picked":"SKIP","floor":22},{"not_picked":["Hyperbeam+1","Turbo","Ball Lightning+1"],"picked":"SKIP","floor":23},{"not_picked":["Lockon+1","Ball Lightning+1"],"picked":"Gash+1","floor":25},{"not_picked":["Rebound+1","Consume","Conserve Battery"],"picked":"SKIP","floor":27},{"not_picked":["Turbo","Loop+1","Fusion+1"],"picked":"SKIP","floor":30},{"not_picked":["Rainbow","Capacitor","Reprogram"],"picked":"SKIP","floor":31},{"not_picked":["Meteor Strike+1","Hyperbeam+1"],"picked":"Electrodynamics","floor":33},{"not_picked":["Force Field+1","Conserve Battery","Chaos+1"],"picked":"SKIP","floor":35},{"not_picked":["Skim","Turbo"],"picked":"Gash+1","floor":37},{"not_picked":["Redo+1","Rip and Tear+1"],"picked":"Buffer","floor":39},{"not_picked":["Recycle+1","Doom and Gloom+1"],"picked":"Coolheaded+1","floor":41},{"not_picked":["Conserve Battery+1","Steam Power+1","Ball Lightning+1"],"picked":"SKIP","floor":42},{"not_picked":["Rebound+1","Conserve Battery+1"],"picked":"Go for the Eyes+1","floor":44},{"not_picked":["Reprogram","Ball Lightning+1","Streamline+1"],"picked":"SKIP","floor":45},{"not_picked":["Undo+1","Tempest","Ball Lightning+1"],"picked":"SKIP","floor":54}],"player_experience":1348764,"relics_obtained":[{"floor":6,"key":"Thread and Needle"},{"floor":7,"key":"Gremlin Horn"},{"floor":8,"key":"Molten Egg 2"},{"floor":10,"key":"Boot"},{"floor":12,"key":"Lantern"},{"floor":14,"key":"WingedGreaves"},{"floor":23,"key":"Calipers"},{"floor":25,"key":"Old Coin"},{"floor":26,"key":"Pear"},{"floor":31,"key":"Ancient Tea Set"},{"floor":41,"key":"Peace Pipe"},{"floor":43,"key":"StoneCalendar"},{"floor":44,"key":"Regal Pillow"},{"floor":54,"key":"Ornamental Fan"}],"event_choices":[{"damage_healed":0,"gold_gain":90,"player_choice":"GOLD ","damage_taken":14,"max_hp_gain":0,"max_hp_loss":0,"event_name":"Knowing Skull","floor":19,"potions_obtained":[],"gold_loss":0,"cards_obtained":[]},{"cards_removed":["Defend_B"],"damage_healed":0,"gold_gain":0,"player_choice":"Elegance","damage_taken":0,"max_hp_gain":0,"max_hp_loss":0,"event_name":"Back to Basics","floor":29,"gold_loss":0},{"damage_healed":0,"gold_gain":0,"player_choice":"0 cards matched","damage_taken":0,"max_hp_gain":0,"max_hp_loss":0,"event_name":"Match and Keep!","floor":38,"gold_loss":0,"cards_obtained":[]}],"is_beta":true,"boss_relics":[{"not_picked":["Calling Bell","Orrery"],"picked":"Astrolabe"},{"not_picked":["Velvet Choker","Coffee Dripper"],"picked":"Fusion Hammer"}],"items_purged_floors":[11,36],"is_endless":false,"potions_floor_spawned":[1,3,6,8,10,12,18,21,27,30,33,37],"killed_by":"The Heart","ascension_level":1}