{"gold_per_floor":[109,109,73,85,99,99,127,143,143,170,170,170,190,207,207,308,308,320,330,330,347,126,126,161,161,184,204,218,118,128,53,53,53],"floor_reached":33,"playtime":2445,"items_purged":["Strike_G","Defend_G"],"score":279,"play_id":"1ade9889-73f9-42c1-a9d7-53069a18d0c2","local_time":"20191015001415","is_ascension_mode":false,"campfire_choices":[{"data":"Bouncing Flask","floor":6,"key":"SMITH"},{"floor":11,"key":"REST"},{"floor":12,"key":"REST"},{"floor":15,"key":"REST"},{"floor":23,"key":"REST"},{"floor":25,"key":"REST"},{"floor":32,"key":"REST"}],"neow_cost":"NONE","seed_source_timestamp":114711164933200,"circlet_count":0,"master_deck":["Strike_G","Strike_G","Strike_G","Defend_G","Defend_G","Defend_G","Defend_G","Survivor","Neutralize","Bouncing Flask+1","Well Laid Plans","Dodge and Roll","Bouncing Flask","Poisoned Stab","After Image","Leg Sweep","Crippling Poison","Backflip","Skewer+1","Dodge and Roll+1","Catalyst"],"relics":["Ring of the Snake","Mercury Hourglass","WingedGreaves","Ice Cream","Philosopher\u0027s Stone","Dream Catcher","Prayer Wheel","Snake Skull"],"potions_floor_usage":[16,24,33,33,33],"damage_taken":[{"damage":2,"enemies":"Small Slimes","floor":1,"turns":4},{"damage":0,"enemies":"Cultist","floor":4,"turns":3},{"damage":2,"enemies":"Jaw Worm","floor":5,"turns":4},{"damage":21,"enemies":"3 Sentries","floor":7,"turns":11},{"damage":8,"enemies":"Looter","floor":8,"turns":4},{"damage":31,"enemies":"Gremlin Nob","floor":10,"turns":4},{"damage":7,"enemies":"Blue Slaver","floor":13,"turns":3},{"damage":3,"enemies":"Red Slaver","floor":14,"turns":4},{"damage":44,"enemies":"Slime Boss","floor":16,"turns":10},{"damage":3,"enemies":"Shell Parasite","floor":18,"turns":5},{"damage":0,"enemies":"Chosen","floor":19,"turns":4},{"damage":11,"enemies":"3 Cultists","floor":21,"turns":6},{"damage":62,"enemies":"Slavers","floor":24,"turns":7},{"damage":3,"enemies":"Snecko","floor":27,"turns":4},{"damage":0,"enemies":"Centurion and Healer","floor":28,"turns":6},{"damage":31,"enemies":"Shelled Parasite and Fungi","floor":30,"turns":5},{"damage":38,"enemies":"Champ","floor":33,"turns":7}],"seed_played":"5024481144796454313","potions_obtained":[{"floor":4,"key":"SkillPotion"},{"floor":7,"key":"Energy Potion"},{"floor":8,"key":"Swift Potion"},{"floor":18,"key":"LiquidBronze"},{"floor":19,"key":"Fire Potion"},{"floor":27,"key":"Energy Potion"}],"is_trial":false,"path_per_floor":["M","?","$","M","M","R","E","M","T","E","R","R","M","M","R","B",null,"M","M","?","M","$","R","E","R","T","M","M","$","M","?","R","B"],"character_chosen":"THE_SILENT","items_purchased":["Bouncing Flask","Dream Catcher"],"campfire_rested":6,"item_purchase_floors":[3,22],"current_hp_per_floor":[75,75,75,75,73,73,52,44,44,13,36,59,52,49,72,28,77,74,74,60,49,49,73,11,35,35,32,32,32,1,1,25,0],"gold":53,"neow_bonus":"TEN_PERCENT_HP_BONUS","is_prod":false,"is_daily":false,"chose_seed":false,"campfire_upgraded":1,"win_rate":0.0,"timestamp":1571123655,"path_taken":["M","?","?","M","M","R","E","M","T","E","R","R","M","M","R","BOSS","M","M","?","M","$","R","E","R","T","M","M","$","M","?","R","BOSS"],"build_version":"2019-07-17","purchased_purges":2,"victory":false,"max_hp_per_floor":[77,77,77,77,77,77,77,77,77,77,77,77,77,77,77,77,77,77,77,82,82,82,82,82,82,82,82,82,82,82,82,82,82],"card_choices":[{"not_picked":["Sucker Punch","Flechettes","Quick Slash"],"picked":"SKIP","floor":1},{"not_picked":["Predator","Crippling Poison"],"picked":"Well Laid Plans","floor":4},{"not_picked":["Sucker Punch","Blade Dance"],"picked":"Dodge and Roll","floor":5},{"not_picked":["Flechettes","Bane","Quick Slash"],"picked":"SKIP","floor":7},{"not_picked":["Tools of the Trade","Deflect"],"picked":"Bouncing Flask","floor":8},{"not_picked":["Wraith Form v2","Riddle With Holes","Infinite Blades"],"picked":"SKIP","floor":10},{"not_picked":["Dagger Throw","All Out Attack"],"picked":"Poisoned Stab","floor":13},{"not_picked":["PiercingWail","Expertise","Terror"],"picked":"SKIP","floor":14},{"not_picked":["Malaise","Venomology"],"picked":"After Image","floor":16},{"not_picked":["Slice","PiercingWail+1","Flying Knee"],"picked":"SKIP","floor":18},{"not_picked":["Finisher+1","Quick Slash"],"picked":"Leg Sweep","floor":19},{"not_picked":["Finisher","Outmaneuver","Cloak And Dagger"],"picked":"SKIP","floor":21},{"not_picked":["Acrobatics","Noxious Fumes"],"picked":"Crippling Poison","floor":24},{"not_picked":["Flying Knee","Venomology"],"picked":"Backflip","floor":27},{"not_picked":["Endless Agony","Deflect","Bane+1"],"picked":"SKIP","floor":27},{"not_picked":["Bane","Masterful Stab"],"picked":"Skewer+1","floor":28},{"not_picked":["Accuracy","Dash"],"picked":"Dodge and Roll+1","floor":28},{"not_picked":["Backflip","Slice","Deflect"],"picked":"SKIP","floor":30},{"not_picked":["Unload","Blade Dance","Quick Slash"],"picked":"SKIP","floor":30},{"not_picked":["Caltrops","Crippling Poison"],"picked":"Catalyst","floor":32}],"player_experience":62795,"relics_obtained":[{"floor":7,"key":"Mercury Hourglass"},{"floor":9,"key":"WingedGreaves"},{"floor":10,"key":"Ice Cream"},{"floor":24,"key":"Prayer Wheel"},{"floor":26,"key":"Snake Skull"}],"event_choices":[{"damage_healed":0,"gold_gain":0,"player_choice":"Ignored","damage_taken":0,"max_hp_gain":0,"max_hp_loss":0,"event_name":"NoteForYourself","floor":2,"gold_loss":0},{"damage_healed":0,"gold_gain":0,"player_choice":"Shed Blood","damage_taken":19,"max_hp_gain":5,"max_hp_loss":0,"event_name":"Forgotten Altar","floor":20,"gold_loss":0},{"cards_removed":["Strike_G"],"damage_healed":0,"gold_gain":0,"player_choice":"Gave Gold","damage_taken":0,"max_hp_gain":0,"max_hp_loss":0,"event_name":"Beggar","floor":31,"gold_loss":75}],"is_beta":false,"boss_relics":[{"not_picked":["Coffee Dripper","Calling Bell"],"picked":"Philosopher\u0027s Stone"}],"items_purged_floors":[22,29],"is_endless":false,"potions_floor_spawned":[4,7,8,14,16,18,19,27,28],"killed_by":"Champ","ascension_level":0}