{"gold_per_floor":[113,130,205,205,4,33,33,53,77,177,192,192,192,215,215,314,364,346,363,382,96,113,113,123,123],"floor_reached":25,"playtime":4371,"items_purged":["Strike_G"],"score":228,"play_id":"df434ef0-c95f-4554-b882-3514b9492874","local_time":"20191002230448","is_ascension_mode":false,"campfire_choices":[{"floor":7,"key":"REST"},{"data":"Noxious Fumes","floor":12,"key":"SMITH"},{"data":"Infinite Blades","floor":15,"key":"SMITH"},{"floor":23,"key":"REST"}],"neow_cost":"NONE","seed_source_timestamp":277422070163999,"circlet_count":0,"master_deck":["Strike_G+1","Strike_G","Strike_G+1","Strike_G","Defend_G","Defend_G","Defend_G","Defend_G","Defend_G","Survivor+1","Neutralize","Noxious Fumes+1","Deadly Poison","Backflip","Caltrops","Infinite Blades+1","Burst","Outmaneuver","Crippling Poison","Blade Dance","Blur+1","Terror","Choke","Deadly Poison","Dagger Throw","Terror","Well Laid Plans+1"],"relics":["Ring of the Snake","NeowsBlessing","Strange Spoon","Orichalcum","Pen Nib","Odd Mushroom","Tiny House"],"potions_floor_usage":[11,14,16,18,19],"damage_taken":[{"damage":0,"enemies":"Jaw Worm","floor":1,"turns":1},{"damage":0,"enemies":"Small Slimes","floor":2,"turns":1},{"damage":0,"enemies":"Lagavulin","floor":6,"turns":1},{"damage":0,"enemies":"Cultist","floor":8,"turns":4},{"damage":0,"enemies":"2 Fungi Beasts","floor":11,"turns":5},{"damage":13,"enemies":"The Mushroom Lair","floor":14,"turns":5},{"damage":5,"enemies":"Hexaghost","floor":16,"turns":8},{"damage":19,"enemies":"2 Thieves","floor":18,"turns":4},{"damage":10,"enemies":"Chosen","floor":19,"turns":5},{"damage":16,"enemies":"Snecko","floor":20,"turns":6},{"damage":25,"enemies":"Centurion and Healer","floor":22,"turns":7},{"damage":28,"enemies":"Snake Plant","floor":24,"turns":5}],"seed_played":"-2504124457438940371","potions_obtained":[{"floor":1,"key":"GamblersBrew"},{"floor":2,"key":"Block Potion"},{"floor":6,"key":"LiquidBronze"},{"floor":11,"key":"FearPotion"},{"floor":16,"key":"PowerPotion"},{"floor":17,"key":"Dexterity Potion"},{"floor":19,"key":"SmokeBomb"},{"floor":20,"key":"Poison Potion"}],"is_trial":false,"path_per_floor":["M","M","?","?","$","E","R","M","T","?","M","R","?","?","R","B",null,"M","M","M","$","M","R","M","?"],"character_chosen":"THE_SILENT","items_purchased":["Strange Spoon","Terror","Choke","Deadly Poison","Dagger Throw"],"campfire_rested":2,"item_purchase_floors":[5,21,21,21,21],"current_hp_per_floor":[70,70,59,45,45,45,66,66,66,66,66,66,71,58,58,53,80,61,51,35,35,10,34,6,0],"gold":123,"neow_bonus":"THREE_ENEMY_KILL","is_prod":false,"is_daily":false,"chose_seed":false,"campfire_upgraded":2,"win_rate":0.0,"timestamp":1570053888,"path_taken":["M","M","?","?","$","E","R","M","T","?","?","R","?","?","R","BOSS","M","M","M","$","M","R","M","?"],"build_version":"2019-07-17","purchased_purges":1,"victory":false,"max_hp_per_floor":[70,70,70,70,70,70,70,70,70,70,70,70,75,75,75,75,80,80,80,80,80,80,80,80,80],"card_choices":[{"not_picked":["Flying Knee","Caltrops"],"picked":"Noxious Fumes","floor":1},{"not_picked":["Flying Knee","Acrobatics"],"picked":"Deadly Poison","floor":2},{"not_picked":["Deadly Poison","Underhanded Strike"],"picked":"Backflip","floor":6},{"not_picked":["Sucker Punch","Endless Agony"],"picked":"Caltrops","floor":8},{"not_picked":["Dagger Throw","Calculated Gamble","Heel Hook"],"picked":"SKIP","floor":11},{"not_picked":["Sucker Punch","Eviscerate"],"picked":"Infinite Blades","floor":14},{"not_picked":["Wraith Form v2","Unload"],"picked":"Burst","floor":16},{"not_picked":["Underhanded Strike","Dodge and Roll"],"picked":"Outmaneuver","floor":17},{"not_picked":["Skewer","Dodge and Roll"],"picked":"Crippling Poison","floor":18},{"not_picked":["Eviscerate","Backflip"],"picked":"Blade Dance","floor":19},{"not_picked":["Dagger Spray+1","Infinite Blades"],"picked":"Blur+1","floor":20},{"not_picked":["Quick Slash","Dagger Spray"],"picked":"Terror","floor":22},{"not_picked":["Doppelganger","Slice"],"picked":"Well Laid Plans+1","floor":24}],"player_experience":22033,"relics_obtained":[{"floor":6,"key":"Orichalcum"},{"floor":9,"key":"Pen Nib"},{"floor":14,"key":"Odd Mushroom"}],"event_choices":[{"damage_healed":0,"gold_gain":75,"player_choice":"Gather Gold","damage_taken":11,"max_hp_gain":0,"max_hp_loss":0,"event_name":"World of Goop","floor":3,"gold_loss":0},{"damage_healed":0,"gold_gain":0,"player_choice":"Entered Light","damage_taken":14,"max_hp_gain":0,"max_hp_loss":0,"event_name":"Shining Light","floor":4,"gold_loss":0,"cards_upgraded":["Strike_G","Strike_G"]},{"damage_healed":0,"gold_gain":100,"player_choice":"Gold","damage_taken":0,"max_hp_gain":0,"max_hp_loss":0,"event_name":"Wheel of Change","floor":10,"gold_loss":0},{"damage_healed":0,"gold_gain":0,"player_choice":"Donut","damage_taken":0,"max_hp_gain":5,"max_hp_loss":0,"event_name":"Big Fish","floor":13,"gold_loss":0},{"damage_healed":0,"gold_gain":0,"player_choice":"Fought Mushrooms","damage_taken":0,"max_hp_gain":0,"max_hp_loss":0,"event_name":"Mushrooms","floor":14,"gold_loss":0}],"is_beta":false,"boss_relics":[{"not_picked":["Fusion Hammer","Ectoplasm"],"picked":"Tiny House"}],"items_purged_floors":[21],"is_endless":false,"potions_floor_spawned":[1,2,6,11,16,19,20,24],"ascension_level":0}