{"gold_per_floor":[110,126,126,47,65,65,93,108,108,120,195,205,205,222,222,325,325,340,439,439,439,14,348,348,382,454,469,489,501,516,516],"floor_reached":31,"playtime":1315,"items_purged":[],"score":293,"play_id":"cb263ee8-5cb4-4420-9168-b26a51ca7257","local_time":"20190823183750","is_ascension_mode":true,"campfire_choices":[{"data":"Noxious Fumes","floor":6,"key":"SMITH"},{"floor":13,"key":"REST"},{"data":"Burst","floor":15,"key":"SMITH"},{"floor":24,"key":"REST"}],"neow_cost":"NONE","seed_source_timestamp":73604419909600,"circlet_count":0,"master_deck":["Strike_G","Strike_G","Strike_G","Strike_G","Strike_G","Defend_G","Defend_G","Defend_G","Defend_G","Defend_G","Survivor","Neutralize+1","Poisoned Stab+1","Blade Dance","Noxious Fumes+1","Flying Knee","Flying Knee","Deadly Poison","Burst+1","Corpse Explosion","Choke","Riddle With Holes","Master of Strategy","Caltrops","Well Laid Plans","Backflip","Catalyst+1","Leg Sweep"],"relics":["Ring of the Snake","Ice Cream","Incense Burner","Sozu","Shuriken","The Courier","Ninja Scroll","Old Coin","Art of War"],"potions_floor_usage":[7,12,16,16,23],"damage_taken":[{"damage":1,"enemies":"Jaw Worm","floor":1,"turns":4},{"damage":1,"enemies":"Cultist","floor":2,"turns":4},{"damage":2,"enemies":"Small Slimes","floor":5,"turns":3},{"damage":19,"enemies":"3 Sentries","floor":7,"turns":8},{"damage":5,"enemies":"3 Louse","floor":8,"turns":3},{"damage":2,"enemies":"Blue Slaver","floor":10,"turns":3},{"damage":5,"enemies":"Exordium Thugs","floor":12,"turns":4},{"damage":2,"enemies":"Large Slime","floor":14,"turns":5},{"damage":41,"enemies":"Slime Boss","floor":16,"turns":9},{"damage":5,"enemies":"3 Byrds","floor":18,"turns":3},{"damage":25,"enemies":"Slavers","floor":23,"turns":4},{"damage":31,"enemies":"Gremlin Leader","floor":25,"turns":5},{"damage":10,"enemies":"Shell Parasite","floor":27,"turns":4},{"damage":11,"enemies":"Snake Plant","floor":28,"turns":4},{"damage":1,"enemies":"Centurion and Healer","floor":29,"turns":2},{"damage":1,"enemies":"Chosen and Byrds","floor":30,"turns":3},{"damage":20,"enemies":"Cultist and Chosen","floor":31,"turns":4}],"seed_played":"-7700220801840878770","potions_obtained":[{"floor":2,"key":"Strength Potion"},{"floor":7,"key":"Fire Potion"},{"floor":8,"key":"Swift Potion"},{"floor":12,"key":"Regen Potion"},{"floor":14,"key":"SpeedPotion"}],"is_trial":false,"path_per_floor":["M","M","?","$","M","R","E","M","T","M","?","M","R","M","R","B",null,"M","?","?","T","$","E","R","E","T","M","M","M","M","M"],"character_chosen":"THE_SILENT","items_purchased":["Noxious Fumes","Ninja Scroll","Riddle With Holes","Master of Strategy","Caltrops"],"campfire_rested":2,"item_purchase_floors":[4,22,22,22,22],"current_hp_per_floor":[69,68,68,68,66,66,47,42,42,40,29,24,45,43,43,17,70,65,65,65,65,65,40,61,30,30,20,9,8,7,0],"gold":516,"neow_bonus":"UPGRADE_CARD","is_prod":false,"is_daily":false,"chose_seed":false,"campfire_upgraded":2,"win_rate":0,"timestamp":1566610670,"path_taken":["M","M","?","$","M","R","E","M","T","?","?","M","R","M","R","BOSS","M","?","?","?","$","E","R","E","T","?","M","M","M","M"],"build_version":"2019-08-15","purchased_purges":0,"victory":false,"max_hp_per_floor":[70,70,70,70,70,70,70,70,70,70,70,70,70,70,70,70,70,70,70,70,70,70,70,70,70,70,70,70,70,70,70],"card_choices":[{"not_picked":["Concentrate","Slice"],"picked":"Poisoned Stab","floor":1},{"not_picked":["PiercingWail","Underhanded Strike"],"picked":"Blade Dance","floor":2},{"not_picked":["Setup","Acrobatics"],"picked":"Flying Knee","floor":5},{"not_picked":["Caltrops","Reflex"],"picked":"Flying Knee","floor":7},{"not_picked":["Sucker Punch","Expertise"],"picked":"Deadly Poison","floor":8},{"not_picked":["Quick Slash","Acrobatics","Finisher"],"picked":"SKIP","floor":10},{"not_picked":["Acrobatics","Flying Knee","Blade Dance"],"picked":"SKIP","floor":12},{"not_picked":["Outmaneuver","Backflip"],"picked":"Burst","floor":14},{"not_picked":["Phantasmal Killer","Bullet Time"],"picked":"Corpse Explosion","floor":16},{"not_picked":["Riddle With Holes","Calculated Gamble"],"picked":"Choke","floor":18},{"not_picked":["Outmaneuver","Underhanded Strike+1"],"picked":"Well Laid Plans","floor":23},{"not_picked":["Underhanded Strike","Dagger Throw","Quick Slash"],"picked":"SKIP","floor":25},{"not_picked":["Poisoned Stab","Cloak And Dagger"],"picked":"Backflip","floor":27},{"not_picked":["Predator","PiercingWail"],"picked":"Catalyst+1","floor":28},{"not_picked":["Prepared","Underhanded Strike+1"],"picked":"Leg Sweep","floor":29},{"not_picked":["Dodge and Roll","Cloak And Dagger","Flechettes"],"picked":"SKIP","floor":30}],"player_experience":1419134,"relics_obtained":[{"floor":7,"key":"Ice Cream"},{"floor":9,"key":"Incense Burner"},{"floor":21,"key":"The Courier"},{"floor":23,"key":"Old Coin"},{"floor":25,"key":"Art of War"}],"event_choices":[{"damage_healed":0,"gold_gain":0,"player_choice":"Forge","damage_taken":0,"max_hp_gain":0,"max_hp_loss":0,"event_name":"Accursed Blacksmith","floor":3,"gold_loss":0,"cards_upgraded":["Poisoned Stab"]},{"damage_healed":0,"gold_gain":75,"player_choice":"Gather Gold","damage_taken":11,"max_hp_gain":0,"max_hp_loss":0,"event_name":"World of Goop","floor":11,"gold_loss":0},{"damage_healed":0,"gold_gain":99,"player_choice":"Stole From Cult","damage_taken":0,"max_hp_gain":0,"max_hp_loss":0,"event_name":"Nest","floor":19,"gold_loss":0},{"damage_healed":0,"gold_gain":0,"player_choice":"Opened","damage_taken":0,"relics_obtained":["Shuriken"],"max_hp_gain":0,"max_hp_loss":0,"event_name":"The Mausoleum","floor":20,"gold_loss":0}],"is_beta":true,"boss_relics":[{"not_picked":["Empty Cage","White Beast Statue"],"picked":"Sozu"}],"items_purged_floors":[],"is_endless":false,"potions_floor_spawned":[2,7,8,12,14,23,27,29],"killed_by":"Cultist and Chosen","ascension_level":1}