{"gold_per_floor":[111,129,140,158,158,187,187,187,256,289,301,320,320,320,320,320],"floor_reached":16,"playtime":788,"items_purged":[],"score":112,"play_id":"4eb47137-60ad-4ed6-9cd4-47b8b9a3e50a","local_time":"20191011215356","is_ascension_mode":false,"campfire_choices":[{"floor":7,"key":"REST"},{"floor":13,"key":"REST"},{"floor":15,"key":"REST"}],"neow_cost":"NONE","seed_source_timestamp":245636353987800,"circlet_count":0,"master_deck":["Strike_G","Strike_G","Strike_G","Strike_G","Strike_G","Defend_G","Defend_G","Defend_G","Defend_G","Defend_G","Survivor","Neutralize","Acrobatics","Deflect","Dagger Spray","Poisoned Stab","Quick Slash","Endless Agony","Flying Knee","Leg Sweep"],"relics":["Ring of the Snake","Calipers","Frozen Egg 2","Juzu Bracelet","Letter Opener"],"potions_floor_usage":[6,11],"damage_taken":[{"damage":4,"enemies":"Cultist","floor":1,"turns":5},{"damage":0,"enemies":"Jaw Worm","floor":2,"turns":6},{"damage":0,"enemies":"2 Louse","floor":3,"turns":3},{"damage":18,"enemies":"Exordium Thugs","floor":4,"turns":6},{"damage":49,"enemies":"Lagavulin","floor":6,"turns":12},{"damage":32,"enemies":"3 Sentries","floor":10,"turns":8},{"damage":4,"enemies":"3 Louse","floor":11,"turns":3},{"damage":0,"enemies":"Lots of Slimes","floor":12,"turns":1},{"damage":58,"enemies":"The Guardian","floor":16,"turns":13}],"seed_played":"-6068848155208264861","potions_obtained":[{"floor":2,"key":"SkillPotion"},{"floor":6,"key":"SkillPotion"},{"floor":10,"key":"Regen Potion"},{"floor":12,"key":"Energy Potion"}],"is_trial":false,"path_per_floor":["M","M","M","M","?","E","R","?","T","E","M","M","R","?","R","B"],"character_chosen":"THE_SILENT","items_purchased":[],"campfire_rested":3,"item_purchase_floors":[],"current_hp_per_floor":[73,73,73,55,60,11,35,35,35,3,8,8,32,32,56,0],"gold":320,"neow_bonus":"TEN_PERCENT_HP_BONUS","is_prod":false,"is_daily":false,"chose_seed":false,"campfire_upgraded":0,"win_rate":0.0,"timestamp":1570856036,"path_taken":["M","M","M","M","?","E","R","?","T","E","M","M","R","?","R","BOSS"],"build_version":"2019-07-17","purchased_purges":0,"victory":false,"max_hp_per_floor":[77,77,77,77,82,82,82,82,82,82,82,82,82,82,82,82],"card_choices":[{"not_picked":["Prepared","Bane"],"picked":"Acrobatics","floor":1},{"not_picked":["Distraction","Tactician"],"picked":"Deflect","floor":2},{"not_picked":["Slice","Dash"],"picked":"Dagger Spray","floor":3},{"not_picked":["Caltrops","PiercingWail"],"picked":"Poisoned Stab","floor":4},{"not_picked":["Flechettes","Dagger Spray"],"picked":"Quick Slash","floor":6},{"not_picked":["Night Terror","Dagger Throw"],"picked":"Endless Agony","floor":10},{"not_picked":["Quick Slash","Acrobatics"],"picked":"Flying Knee","floor":11},{"not_picked":["Acrobatics","Reflex"],"picked":"Leg Sweep","floor":12}],"player_experience":53333,"relics_obtained":[{"floor":6,"key":"Calipers"},{"floor":9,"key":"Frozen Egg 2"},{"floor":10,"key":"Juzu Bracelet"}],"event_choices":[{"damage_healed":0,"gold_gain":0,"player_choice":"Donut","damage_taken":0,"max_hp_gain":5,"max_hp_loss":0,"event_name":"Big Fish","floor":5,"gold_loss":0},{"damage_healed":0,"gold_gain":0,"player_choice":"Ignored","damage_taken":0,"max_hp_gain":0,"max_hp_loss":0,"event_name":"Shining Light","floor":8,"gold_loss":0},{"damage_healed":0,"gold_gain":0,"player_choice":"Searched \u00272\u0027 times","damage_taken":0,"relics_obtained":["Letter Opener"],"max_hp_gain":0,"max_hp_loss":0,"event_name":"Dead Adventurer","floor":14,"gold_loss":0}],"is_beta":false,"boss_relics":[],"items_purged_floors":[],"is_endless":false,"potions_floor_spawned":[2,6,10,12],"killed_by":"The Guardian","ascension_level":0}