{"gold_per_floor":[114,133,133,151,178,209,209,237,237,157,232,0,16,35,35,139,139,157,172,172,185,196,228,228,255,306,187,187,187,219,231,231,331,331,348,348,40,50,60,89,105,105,105,119,151,251,279,0,0,0],"floor_reached":51,"playtime":5548,"items_purged":["Strike_R+1"],"score":795,"play_id":"5b139eb2-a4ba-4b3a-b7f6-b1476585534a","local_time":"20191013221907","is_ascension_mode":false,"campfire_choices":[{"floor":7,"key":"REST"},{"data":"Armaments","floor":15,"key":"SMITH"},{"data":"Demon Form","floor":24,"key":"SMITH"},{"floor":28,"key":"REST"},{"data":"Flame Barrier","floor":32,"key":"SMITH"},{"floor":42,"key":"REST"},{"data":"Berserk","floor":49,"key":"SMITH"}],"neow_cost":"","seed_source_timestamp":80037932927500,"circlet_count":0,"master_deck":["Strike_R","Strike_R","Strike_R","Strike_R","Defend_R","Defend_R","Defend_R","Defend_R","Bash+1","Shrug It Off","Sword Boomerang","Shrug It Off","Armaments+1","Entrench+1","Impervious","Metallicize","Whirlwind+1","Demon Form+1","Pummel+1","Flame Barrier+1","Ghostly Armor+1","Good Instincts+1","Shrug It Off+1","Infernal Blade+1","Pummel","Dropkick","Body Slam+1","Berserk+1","Battle Trance+1","Shrug It Off+1","Flex+1"],"relics":["Black Blood","Pocketwatch","Regal Pillow","Bronze Scales","Odd Mushroom","Self Forming Clay","Membership Card","Sozu","MutagenicStrength","Champion Belt","Toxic Egg 2","Centennial Puzzle","Dream Catcher","Shuriken","Oddly Smooth Stone","Medical Kit","Whetstone","Letter Opener","Pear","Red Skull","Incense Burner","Blood Vial","Red Mask"],"potions_floor_usage":[16,25,44],"damage_taken":[{"damage":3,"enemies":"Small Slimes","floor":1,"turns":3},{"damage":6,"enemies":"Jaw Worm","floor":2,"turns":5},{"damage":3,"enemies":"2 Louse","floor":4,"turns":3},{"damage":57,"enemies":"Lagavulin","floor":6,"turns":8},{"damage":6,"enemies":"The Mushroom Lair","floor":8,"turns":5},{"damage":0,"enemies":"2 Fungi Beasts","floor":13,"turns":4},{"damage":0,"enemies":"Exordium Wildlife","floor":14,"turns":3},{"damage":3,"enemies":"The Guardian","floor":16,"turns":13},{"damage":29,"enemies":"2 Thieves","floor":18,"turns":3},{"damage":5,"enemies":"Shell Parasite","floor":19,"turns":3},{"damage":8,"enemies":"Snake Plant","floor":21,"turns":6},{"damage":2,"enemies":"Cultist and Chosen","floor":22,"turns":6},{"damage":18,"enemies":"Book of Stabbing","floor":23,"turns":7},{"damage":29,"enemies":"Gremlin Leader","floor":25,"turns":6},{"damage":9,"enemies":"Book of Stabbing","floor":30,"turns":5},{"damage":0,"enemies":"Snecko","floor":31,"turns":3},{"damage":16,"enemies":"Champ","floor":33,"turns":8},{"damage":5,"enemies":"Orb Walker","floor":35,"turns":3},{"damage":21,"enemies":"3 Shapes","floor":38,"turns":6},{"damage":15,"enemies":"Maw","floor":39,"turns":8},{"damage":43,"enemies":"Nemesis","floor":40,"turns":6},{"damage":8,"enemies":"Spire Growth","floor":41,"turns":6},{"damage":42,"enemies":"Transient","floor":44,"turns":5},{"damage":6,"enemies":"Reptomancer","floor":45,"turns":6},{"damage":0,"enemies":"Mind Bloom Boss Battle","floor":46,"turns":6},{"damage":7,"enemies":"Giant Head","floor":47,"turns":8},{"damage":35,"enemies":"Awakened One","floor":50,"turns":10}],"seed_played":"8275707756270748205","potions_obtained":[{"floor":2,"key":"Poison Potion"},{"floor":4,"key":"Regen Potion"},{"floor":8,"key":"Weak Potion"}],"is_trial":false,"path_per_floor":["M","M","?","M","T","E","R","?","T","$","?","$","M","M","R","B",null,"M","M","?","M","M","E","R","E","T","$","R","?","E","M","R","B",null,"M","?","$","M","M","E","M","R","T","M","E","?","E","?","R","B",null],"character_chosen":"IRONCLAD","items_purchased":["Entrench","Membership Card","Impervious","Dream Catcher","Good Instincts+1","Oddly Smooth Stone","Medical Kit","Whetstone","Dropkick"],"campfire_rested":3,"item_purchase_floors":[10,12,12,27,27,37,37,37,37],"current_hp_per_floor":[80,80,73,76,76,25,64,64,64,64,53,53,59,65,65,68,80,57,58,58,56,60,48,48,39,39,39,78,78,75,80,80,70,80,80,80,80,69,64,31,33,72,82,50,54,64,67,67,67,44],"gold":0,"neow_bonus":"","is_prod":false,"is_daily":false,"chose_seed":false,"campfire_upgraded":4,"win_rate":0.0,"timestamp":1570997947,"path_taken":["M","M","?","M","?","E","R","?","T","$","?","$","M","?","R","BOSS","M","M","?","M","M","E","R","E","T","$","R","?","E","?","R","BOSS","M","?","$","M","M","E","?","R","T","M","E","?","E","?","R","BOSS"],"build_version":"2019-07-17","purchased_purges":1,"victory":true,"max_hp_per_floor":[80,80,80,80,80,80,80,80,80,80,80,80,80,80,80,80,80,80,80,80,80,80,80,80,80,80,80,80,80,80,80,80,80,80,80,80,80,80,80,80,80,80,90,90,90,90,90,90,90,90],"card_choices":[{"not_picked":["Fire Breathing","Anger"],"picked":"Shrug It Off","floor":1},{"not_picked":["Iron Wave","Combust"],"picked":"Sword Boomerang","floor":2},{"not_picked":["Reckless Charge","Anger"],"picked":"Shrug It Off","floor":4},{"not_picked":["Headbutt","Perfected Strike"],"picked":"Armaments","floor":6},{"not_picked":["Power Through","Cleave"],"picked":"Metallicize","floor":13},{"not_picked":["Offering","Hemokinesis"],"picked":"Whirlwind","floor":14},{"not_picked":["Brutality","Feed"],"picked":"Demon Form","floor":16},{"not_picked":["Flex","Twin Strike+1"],"picked":"Pummel+1","floor":18},{"not_picked":["Clash+1","Flex","Thunderclap"],"picked":"SKIP","floor":19},{"not_picked":["Whirlwind","Flex+1"],"picked":"Flame Barrier","floor":21},{"not_picked":["Sword Boomerang","Flex","True Grit"],"picked":"SKIP","floor":22},{"not_picked":["Anger+1","Entrench","Burning Pact"],"picked":"SKIP","floor":23},{"not_picked":["Dark Embrace","Twin Strike"],"picked":"Ghostly Armor","floor":25},{"not_picked":["Headbutt","Pommel Strike"],"picked":"Shrug It Off+1","floor":28},{"not_picked":["Rampage","Dual Wield+1"],"picked":"Infernal Blade+1","floor":30},{"not_picked":["Body Slam","Thunderclap+1"],"picked":"Pummel","floor":31},{"not_picked":["Pommel Strike","Clash","Bloodletting+1"],"picked":"SKIP","floor":35},{"not_picked":["Body Slam","Sword Boomerang","Headbutt+1"],"picked":"SKIP","floor":38},{"not_picked":["Warcry+1","Headbutt","Searing Blow+1"],"picked":"SKIP","floor":39},{"not_picked":["Thunderclap+1","Iron Wave"],"picked":"Body Slam+1","floor":40},{"not_picked":["Burning Pact+1","Thunderclap","Anger"],"picked":"SKIP","floor":41},{"not_picked":["Intimidate+1","Thunderclap+1"],"picked":"Berserk","floor":42},{"not_picked":["Armaments+1","Seeing Red+1"],"picked":"Battle Trance+1","floor":44},{"not_picked":["Headbutt","Second Wind+1"],"picked":"Shrug It Off+1","floor":45},{"not_picked":["Perfected Strike","Rampage"],"picked":"Flex+1","floor":47}],"player_experience":0,"relics_obtained":[{"floor":5,"key":"Regal Pillow"},{"floor":6,"key":"Bronze Scales"},{"floor":8,"key":"Odd Mushroom"},{"floor":9,"key":"Self Forming Clay"},{"floor":23,"key":"Champion Belt"},{"floor":25,"key":"Toxic Egg 2"},{"floor":26,"key":"Centennial Puzzle"},{"floor":30,"key":"Shuriken"},{"floor":40,"key":"Letter Opener"},{"floor":43,"key":"Pear"},{"floor":45,"key":"Red Skull"},{"floor":46,"key":"Incense Burner"},{"floor":47,"key":"Blood Vial"}],"event_choices":[{"damage_healed":0,"gold_gain":0,"player_choice":"Success","damage_taken":7,"relics_obtained":["Pocketwatch"],"max_hp_gain":0,"max_hp_loss":0,"event_name":"Scrap Ooze","floor":3,"gold_loss":0},{"damage_healed":0,"gold_gain":0,"player_choice":"Fought Mushrooms","damage_taken":0,"max_hp_gain":0,"max_hp_loss":0,"event_name":"Mushrooms","floor":8,"gold_loss":0},{"damage_healed":0,"gold_gain":75,"player_choice":"Gather Gold","damage_taken":11,"max_hp_gain":0,"max_hp_loss":0,"event_name":"World of Goop","floor":11,"gold_loss":0},{"damage_healed":0,"gold_gain":0,"player_choice":"Inject Mutagens","damage_taken":0,"relics_obtained":["MutagenicStrength"],"max_hp_gain":0,"max_hp_loss":0,"event_name":"Drug Dealer","floor":20,"gold_loss":0},{"damage_healed":0,"gold_gain":0,"player_choice":"Forge","damage_taken":0,"max_hp_gain":0,"max_hp_loss":0,"event_name":"Accursed Blacksmith","floor":29,"gold_loss":0,"cards_upgraded":["Entrench"]},{"damage_healed":0,"gold_gain":0,"player_choice":"Upgraded","damage_taken":0,"max_hp_gain":0,"max_hp_loss":0,"event_name":"Upgrade Shrine","floor":36,"gold_loss":0,"cards_upgraded":["Bash"]},{"damage_healed":0,"gold_gain":0,"player_choice":"Fight","damage_taken":0,"max_hp_gain":0,"max_hp_loss":0,"event_name":"MindBloom","floor":46,"gold_loss":0},{"damage_healed":0,"gold_gain":0,"player_choice":"Paid","damage_taken":0,"relics_obtained":["Red Mask"],"max_hp_gain":0,"max_hp_loss":0,"event_name":"Tomb of Lord Red Mask","floor":48,"gold_loss":279}],"is_beta":false,"boss_relics":[{"not_picked":["Tiny House","Snecko Eye"],"picked":"Sozu"},{"not_picked":["Coffee Dripper","White Beast Statue"],"picked":"Black Blood"}],"items_purged_floors":[37],"is_endless":false,"potions_floor_spawned":[2,4,8,18,22,25,30,31,35,40,44,46,47],"ascension_level":0}