{"gold_per_floor":[109,119,138,156,169,169,186,86,86,119,138,138,150,161,161,262,262,276,2,12,24,24,58,58,77,77,103,103,103,103,18,18,123,123,140,17,17,33,48,48,81,81,81,81],"floor_reached":44,"playtime":2394,"items_purged":["Strike_R","Strike_R"],"score":557,"play_id":"d6b4b9c8-c5e0-474b-9812-8b3d32577106","local_time":"20190804185718","is_ascension_mode":true,"campfire_choices":[{"data":"Rampage","floor":6.0,"key":"SMITH"},{"data":"Seeing Red","floor":12.0,"key":"SMITH"},{"data":"Headbutt","floor":15,"key":"SMITH"},{"floor":24,"key":"REST"},{"floor":28,"key":"REST"},{"data":"Limit Break","floor":32,"key":"SMITH"},{"floor":40,"key":"REST"}],"neow_cost":"NONE","seed_source_timestamp":0,"circlet_count":0,"master_deck":["Strike_R","Strike_R","Strike_R","Defend_R","Defend_R","Defend_R","Defend_R","Bash","Seeing Red+1","Ghostly Armor","Sword Boomerang","Rampage+1","Intimidate","Shrug It Off","Headbutt+1","Limit Break+1","Spot Weakness+1","Heavy Blade","Cleave+1","J.A.X.","Pommel Strike+1","Seeing Red+1","Evolve","Secret Weapon","Pummel+1"],"special_seed":0,"relics":["Burning Blood","NeowsBlessing","Oddly Smooth Stone","Singing Bowl","Eternal Feather","Membership Card","Omamori","Smiling Mask","Paper Frog","Sozu","Pantograph","Shovel","Meat on the Bone"],"potions_floor_usage":[14,16,16,21,27,27,33],"damage_taken":[{"damage":0.0,"enemies":"Cultist","floor":1.0,"turns":1.0},{"damage":0.0,"enemies":"Small Slimes","floor":2.0,"turns":1.0},{"damage":0.0,"enemies":"2 Louse","floor":3.0,"turns":1.0},{"damage":20.0,"enemies":"Exordium Thugs","floor":4.0,"turns":6.0},{"damage":2.0,"enemies":"Large Slime","floor":5.0,"turns":6.0},{"damage":9.0,"enemies":"Looter","floor":7.0,"turns":4.0},{"damage":31.0,"enemies":"Gremlin Nob","floor":10.0,"turns":5.0},{"damage":4.0,"enemies":"Blue Slaver","floor":11.0,"turns":4.0},{"damage":0,"enemies":"Large Slime","floor":13,"turns":5},{"damage":10,"enemies":"Exordium Thugs","floor":14,"turns":5},{"damage":43,"enemies":"Slime Boss","floor":16,"turns":14},{"damage":0,"enemies":"Chosen","floor":18,"turns":4},{"damage":32,"enemies":"Spheric Guardian","floor":20,"turns":6},{"damage":7,"enemies":"Snecko","floor":21,"turns":5},{"damage":43,"enemies":"Book of Stabbing","floor":23,"turns":6},{"damage":18,"enemies":"Snake Plant","floor":25,"turns":3},{"damage":40,"enemies":"Slavers","floor":27,"turns":4},{"damage":60,"enemies":"Champ","floor":33,"turns":8},{"damage":24,"enemies":"3 Darklings","floor":35,"turns":4},{"damage":13,"enemies":"Orb Walker","floor":38,"turns":4},{"damage":41,"enemies":"4 Shapes","floor":39,"turns":9},{"damage":65,"enemies":"Giant Head","floor":41,"turns":7},{"damage":99,"enemies":"2 Orb Walkers","floor":44,"turns":5}],"seed_played":"-8230496312155058797","potions_obtained":[{"floor":1.0,"key":"Explosive Potion"},{"floor":5.0,"key":"GamblersBrew"},{"floor":7.0,"key":"PowerPotion"},{"floor":14,"key":"SteroidPotion"},{"floor":20,"key":"AttackPotion"},{"floor":23,"key":"Explosive Potion"},{"floor":25,"key":"Swift Potion"},{"floor":27,"key":"SkillPotion"}],"is_trial":false,"path_per_floor":["M","M","M","M","M","R","M","$","T","E","M","R","M","M","R","B",null,"M","$","M","M","?","E","R","M","T","E","R","?","?","$","R","B",null,"M","$","?","M","M","R","E","?","T","?"],"character_chosen":"IRONCLAD","items_purchased":["Shrug It Off","Membership Card","Omamori","Evolve","Pantograph"],"campfire_rested":3,"item_purchase_floors":[8,19,19,31,36],"current_hp_per_floor":[80,80,80,66,70,70,67,67,67,44,48,48,56,52,52,15,86,86,86,60,59,59,24,62,50,50,16,54,54,54,54,66,14,90,74,74,74,69,34,77,20,96,96,0],"gold":81,"neow_bonus":"THREE_ENEMY_KILL","is_prod":false,"is_daily":false,"chose_seed":false,"campfire_upgraded":4,"win_rate":0,"timestamp":1564970238,"path_taken":["M","?","M","M","M","R","M","$","T","E","M","R","?","M","R","BOSS","M","$","M","M","?","E","R","M","T","E","R","?","?","$","R","BOSS","M","$","?","M","M","R","E","?","T","?"],"build_version":"2019-07-18","purchased_purges":2,"victory":false,"max_hp_per_floor":[80,80,80,80,80,80,80,80,80,82,84,84,86,86,86,86,86,86,86,86,86,86,88,88,88,88,88,88,88,88,88,88,90,90,92,92,92,94,94,94,96,96,96,96],"card_choices":[{"not_picked":["Burning Pact","Body Slam"],"picked":"Seeing Red","floor":1.0},{"not_picked":["Rupture","Corruption"],"picked":"Ghostly Armor","floor":2.0},{"not_picked":["Armaments","Warcry"],"picked":"Sword Boomerang","floor":3.0},{"not_picked":["Cleave","Havoc"],"picked":"Rampage","floor":4.0},{"not_picked":["Armaments","Cleave"],"picked":"Intimidate","floor":5.0},{"not_picked":["Rupture","Searing Blow","Havoc"],"picked":"SKIP","floor":7.0},{"not_picked":["Thunderclap","Cleave","Havoc"],"picked":"Singing Bowl","floor":10.0},{"not_picked":["Fiend Fire","Twin Strike","Cleave"],"picked":"Singing Bowl","floor":11.0},{"not_picked":["Twin Strike","Body Slam","Clash"],"picked":"Singing Bowl","floor":13},{"not_picked":["Twin Strike","Clothesline"],"picked":"Headbutt","floor":14},{"not_picked":["Juggernaut","Barricade"],"picked":"Limit Break","floor":16},{"not_picked":["Dropkick","Sword Boomerang"],"picked":"Spot Weakness+1","floor":18},{"not_picked":["Uppercut","Combust"],"picked":"Heavy Blade","floor":20},{"not_picked":["Warcry","Iron Wave"],"picked":"Cleave+1","floor":21},{"not_picked":["Iron Wave","Feel No Pain","Body Slam"],"picked":"Singing Bowl","floor":23},{"not_picked":["Anger+1","Body Slam"],"picked":"Pommel Strike+1","floor":25},{"not_picked":["Havoc+1","Iron Wave"],"picked":"Seeing Red+1","floor":27},{"not_picked":["Fiend Fire","Impervious","Bludgeon"],"picked":"Singing Bowl","floor":33},{"not_picked":["Clothesline","Blood for Blood+1","Dropkick+1"],"picked":"Singing Bowl","floor":35},{"not_picked":["Dramatic Entrance","Mayhem"],"picked":"Secret Weapon","floor":37},{"not_picked":["Iron Wave","Blood for Blood","Wild Strike"],"picked":"Singing Bowl","floor":38},{"not_picked":["Havoc+1","Dual Wield+1"],"picked":"Pummel+1","floor":39},{"not_picked":["Exhume","Dark Embrace","Rampage+1"],"picked":"Singing Bowl","floor":41}],"player_experience":1365324,"relics_obtained":[{"floor":9.0,"key":"Oddly Smooth Stone"},{"floor":10.0,"key":"Singing Bowl"},{"floor":23,"key":"Smiling Mask"},{"floor":27,"key":"Paper Frog"},{"floor":41,"key":"Shovel"},{"floor":43,"key":"Meat on the Bone"}],"event_choices":[{"damage_healed":0,"gold_gain":0,"player_choice":"Obtain J.A.X.","damage_taken":0,"max_hp_gain":0,"max_hp_loss":0,"event_name":"Drug Dealer","floor":22,"gold_loss":0,"cards_obtained":["J.A.X."]},{"damage_healed":0,"gold_gain":0,"player_choice":"Smashed Altar","damage_taken":0,"max_hp_gain":0,"max_hp_loss":0,"event_name":"Forgotten Altar","floor":29,"gold_loss":0,"cards_obtained":["Decay"]},{"damage_healed":0,"gold_gain":0,"player_choice":"Ignored","damage_taken":0,"max_hp_gain":0,"max_hp_loss":0,"event_name":"Vampires","floor":30,"gold_loss":0},{"damage_healed":0,"gold_gain":0,"player_choice":"Memory 1","damage_taken":0,"max_hp_gain":0,"max_hp_loss":0,"event_name":"SensoryStone","floor":37,"gold_loss":0},{"damage_healed":76,"gold_gain":0,"player_choice":"Heal","damage_taken":0,"max_hp_gain":0,"max_hp_loss":0,"event_name":"MindBloom","floor":42,"gold_loss":0,"cards_obtained":["Doubt"]},{"damage_healed":0,"gold_gain":0,"player_choice":"Fight","damage_taken":0,"max_hp_gain":0,"max_hp_loss":0,"event_name":"Mysterious Sphere","floor":44,"gold_loss":0}],"is_beta":true,"boss_relics":[{"not_picked":["Runic Dome","Velvet Choker"],"picked":"Eternal Feather"},{"not_picked":["Runic Cube","Astrolabe"],"picked":"Sozu"}],"items_purged_floors":[8,31],"is_endless":false,"potions_floor_spawned":[1,5,7,14,20,23,25,27,39],"killed_by":"2 Orb Walkers","ascension_level":1}