{"gold_per_floor":[118,137,137,137,147,179,179,196,267,36,36,46,30,46,46,46],"floor_reached":16,"playtime":1327,"items_purged":["Strike_G"],"score":104,"play_id":"c5846bf2-f568-45b1-9cf0-991ec9e8a6e5","local_time":"20191014233317","is_ascension_mode":false,"campfire_choices":[{"floor":7,"key":"REST"},{"floor":11,"key":"REST"},{"floor":15,"key":"REST"}],"neow_cost":"NONE","seed_source_timestamp":113370662502600,"circlet_count":0,"master_deck":["Strike_G","Strike_G","Strike_G","Strike_G","Defend_G","Defend_G","Defend_G","Defend_G","Defend_G+1","Survivor+1","Neutralize","Dodge and Roll","Backflip","Flying Knee","Dagger Spray","Corpse Explosion","Crippling Poison"],"relics":["Ring of the Snake","War Paint","Calipers","Matryoshka","Orichalcum"],"potions_floor_usage":[8],"damage_taken":[{"damage":0,"enemies":"Jaw Worm","floor":1,"turns":4},{"damage":0,"enemies":"2 Louse","floor":2,"turns":4},{"damage":0,"enemies":"Small Slimes","floor":5,"turns":5},{"damage":41,"enemies":"3 Sentries","floor":6,"turns":17},{"damage":0,"enemies":"Looter","floor":8,"turns":4},{"damage":12,"enemies":"Exordium Wildlife","floor":12,"turns":9},{"damage":1,"enemies":"Exordium Thugs","floor":13,"turns":4},{"damage":17,"enemies":"Lots of Slimes","floor":14,"turns":2},{"damage":33,"enemies":"Slime Boss","floor":16,"turns":9}],"seed_played":"1998741192074519883","potions_obtained":[{"floor":2,"key":"Ancient Potion"},{"floor":5,"key":"Energy Potion"},{"floor":6,"key":"Fire Potion"}],"is_trial":false,"path_per_floor":["M","M","?","?","M","E","R","M","T","$","R","M","M","M","R","B"],"character_chosen":"THE_SILENT","items_purchased":["Orichalcum"],"campfire_rested":3,"item_purchase_floors":[10],"current_hp_per_floor":[70,70,63,68,68,27,49,49,49,49,71,59,58,41,63,30],"gold":46,"neow_bonus":"RANDOM_COMMON_RELIC","is_prod":false,"is_daily":false,"chose_seed":false,"campfire_upgraded":0,"win_rate":0.0,"timestamp":1571121197,"path_taken":["M","M","?","?","?","E","R","M","T","$","R","M","M","M","R","BOSS"],"build_version":"2019-07-17","purchased_purges":1,"victory":false,"max_hp_per_floor":[70,70,70,75,75,75,75,75,75,75,75,75,75,75,75,75],"card_choices":[{"not_picked":["Prepared","Backflip"],"picked":"Dodge and Roll","floor":1},{"not_picked":["Masterful Stab","Predator"],"picked":"Backflip","floor":2},{"not_picked":["Deflect","Expertise","Tools of the Trade"],"picked":"SKIP","floor":5},{"not_picked":["Dagger Throw","Calculated Gamble","Deflect"],"picked":"SKIP","floor":6},{"not_picked":["Outmaneuver","Distraction"],"picked":"Flying Knee","floor":8},{"not_picked":["Underhanded Strike","Slice"],"picked":"Dagger Spray","floor":12},{"not_picked":["Infinite Blades","Predator"],"picked":"Corpse Explosion","floor":13},{"not_picked":["Choke","Caltrops"],"picked":"Crippling Poison","floor":14}],"player_experience":61468,"relics_obtained":[{"floor":6,"key":"Calipers"},{"floor":9,"key":"Matryoshka"}],"event_choices":[{"damage_healed":0,"gold_gain":0,"player_choice":"Fled","damage_taken":7,"max_hp_gain":0,"max_hp_loss":0,"event_name":"Scrap Ooze","floor":3,"gold_loss":0},{"damage_healed":0,"gold_gain":0,"player_choice":"Donut","damage_taken":0,"max_hp_gain":5,"max_hp_loss":0,"event_name":"Big Fish","floor":4,"gold_loss":0}],"is_beta":false,"boss_relics":[],"items_purged_floors":[10],"is_endless":false,"potions_floor_spawned":[2,5,6],"killed_by":"Slime Boss","ascension_level":0}