{"gold_per_floor":[219,231,242,19,38,73,73,73,73,103,49,75,75,107,107,203,203,223,223,233,10,29,29,61,61,61,61,86,86,101,1,1,103,103,120,137,150,150,150,150,185,185,185,218,65,94,15,34,34,34],"floor_reached":51,"playtime":3454,"items_purged":["Defend_B","Normality"],"score":961,"play_id":"fcaca4d4-d96e-4f0d-aac3-4d956c952dda","local_time":"20190724220948","is_ascension_mode":true,"campfire_choices":[{"floor":7,"key":"REST"},{"floor":13,"key":"REST"},{"floor":15,"key":"REST"},{"floor":23,"key":"REST"},{"data":"Seek","floor":25,"key":"SMITH"},{"data":"Glacier","floor":27,"key":"SMITH"},{"data":"Consume","floor":29,"key":"SMITH"},{"data":"Redo","floor":32,"key":"SMITH"},{"data":"Madness","floor":40,"key":"SMITH"},{"floor":42,"key":"REST"},{"data":"Echo Form","floor":49,"key":"SMITH"}],"neow_cost":"NONE","seed_source_timestamp":1249142412444756,"circlet_count":0,"master_deck":["Strike_B","Strike_B","Strike_B","Defend_B","Defend_B","Defend_B","Zap","Dualcast","Genetic Algorithm","Redo+1","Sunder","Glacier+1","Genetic Algorithm","Doom and Gloom","Cold Snap+1","Sweeping Beam+1","Creative AI","Consume+1","Seek+1","Barrage+1","Self Repair","Storm","Melter+1","Chill","Lockon+1","Loop+1","Defragment+1","Echo Form+1","Chill+1","Blizzard+1","Madness+1","Madness","Secret Technique","Parasite"],"relics":["Cracked Core","Blood Vial","Bottled Flame","Pantograph","Molten Egg 2","Cables","Bag of Preparation","Cursed Key","Art of War","Singing Bowl","Question Card","Inserter","Bronze Scales","Meat on the Bone","Frozen Egg 2","Ancient Tea Set","Mercury Hourglass","Lantern"],"potions_floor_usage":[6,16,20,28,28,33,36,37,41,50],"damage_taken":[{"damage":0,"enemies":"Cultist","floor":1,"turns":3},{"damage":6,"enemies":"Small Slimes","floor":2,"turns":3},{"damage":4,"enemies":"Jaw Worm","floor":3,"turns":4},{"damage":5,"enemies":"Large Slime","floor":5,"turns":8},{"damage":23,"enemies":"Gremlin Nob","floor":6,"turns":4},{"damage":13,"enemies":"3 Sentries","floor":10,"turns":8},{"damage":18,"enemies":"Gremlin Nob","floor":12,"turns":4},{"damage":18,"enemies":"Lagavulin","floor":14,"turns":9},{"damage":28,"enemies":"The Guardian","floor":16,"turns":13},{"damage":3,"enemies":"3 Byrds","floor":18,"turns":5},{"damage":9,"enemies":"Shell Parasite","floor":20,"turns":7},{"damage":20,"enemies":"3 Cultists","floor":22,"turns":5},{"damage":24,"enemies":"Book of Stabbing","floor":24,"turns":7},{"damage":31,"enemies":"Gremlin Leader","floor":28,"turns":6},{"damage":6,"enemies":"Snake Plant","floor":30,"turns":5},{"damage":30,"enemies":"Collector","floor":33,"turns":14},{"damage":15,"enemies":"3 Shapes","floor":35,"turns":6},{"damage":1,"enemies":"Orb Walker","floor":36,"turns":5},{"damage":4,"enemies":"Spire Growth","floor":37,"turns":7},{"damage":22,"enemies":"Giant Head","floor":41,"turns":7},{"damage":25,"enemies":"Reptomancer","floor":44,"turns":6},{"damage":9,"enemies":"Giant Head","floor":46,"turns":10},{"damage":34,"enemies":"Maw","floor":48,"turns":5},{"damage":63,"enemies":"Awakened One","floor":50,"turns":9}],"seed_played":"-4093788382332297158","potions_obtained":[{"floor":1,"key":"SteroidPotion"},{"floor":5,"key":"AttackPotion"},{"floor":6,"key":"Weak Potion"},{"floor":14,"key":"Poison Potion"},{"floor":22,"key":"Fire Potion"},{"floor":24,"key":"Energy Potion"},{"floor":33,"key":"Block Potion"},{"floor":36,"key":"EssenceOfSteel"},{"floor":37,"key":"AttackPotion"},{"floor":41,"key":"FocusPotion"}],"is_trial":false,"path_per_floor":["M","M","M","$","M","E","R","?","T","E","$","E","R","E","R","B",null,"M","?","M","$","M","R","E","R","T","R","E","R","M","$","R","B",null,"M","M","M","?","?","R","E","R","T","E","$","E","?","M","R","B",null],"character_chosen":"DEFECT","items_purchased":["Glacier","Blood Vial","Sweeping Beam+1","Melter+1","Chill","Ancient Tea Set"],"campfire_rested":5,"item_purchase_floors":[4,4,11,21,21,45],"current_hp_per_floor":[75,69,65,65,62,41,63,63,63,52,52,36,58,42,64,47,68,67,67,67,67,56,75,58,58,58,58,36,36,34,34,34,38,67,63,71,69,59,59,59,48,72,72,65,65,67,67,56,56,32],"gold":34,"neow_bonus":"HUNDRED_GOLD","is_prod":false,"is_daily":false,"chose_seed":false,"campfire_upgraded":6,"win_rate":0,"timestamp":1564031388,"path_taken":["M","M","M","$","M","E","R","?","T","E","?","E","R","E","R","BOSS","M","?","M","$","M","R","E","R","T","R","E","R","M","$","R","BOSS","M","M","M","?","?","R","E","R","T","E","$","E","?","M","R","BOSS"],"build_version":"2019-07-17","purchased_purges":2,"victory":true,"max_hp_per_floor":[75,75,75,75,75,75,75,75,75,75,75,75,75,75,75,75,75,75,75,75,75,75,75,75,75,75,75,75,75,77,77,77,77,77,79,79,79,79,79,79,81,81,81,83,83,85,85,87,87,87],"card_choices":[{"not_picked":["Consume","Steam"],"picked":"Genetic Algorithm","floor":1},{"not_picked":["Stack","Gash"],"picked":"Redo","floor":2},{"not_picked":["Hello World","Leap"],"picked":"Sunder","floor":3},{"not_picked":["Coolheaded","Beam Cell"],"picked":"Genetic Algorithm","floor":5},{"not_picked":["Thunder Strike","Hologram"],"picked":"Doom and Gloom","floor":6},{"not_picked":["Genetic Algorithm","Conserve Battery"],"picked":"Cold Snap","floor":10},{"not_picked":["Gash+1","Heatsinks"],"picked":"Creative AI","floor":12},{"not_picked":["Genetic Algorithm","Barrage+1"],"picked":"Consume","floor":14},{"not_picked":["Rainbow","Creative AI"],"picked":"Seek","floor":16},{"not_picked":["Compile Driver+1","Go for the Eyes+1"],"picked":"Barrage+1","floor":18},{"not_picked":["Streamline+1","Thunder Strike+1"],"picked":"Storm","floor":20},{"not_picked":["Sunder+1","Reprogram"],"picked":"Lockon+1","floor":22},{"not_picked":["Gash+1","Streamline+1"],"picked":"Loop+1","floor":24},{"not_picked":["Sweeping Beam+1","Stack"],"picked":"Defragment+1","floor":28},{"not_picked":["Blizzard+1","Storm+1","Coolheaded","Streamline+1"],"picked":"Singing Bowl","floor":30},{"not_picked":["Thunder Strike+1","Machine Learning","Multi-Cast"],"picked":"Echo Form","floor":33},{"not_picked":["Genetic Algorithm","Gash+1","Self Repair+1","Melter+1"],"picked":"Singing Bowl","floor":35},{"not_picked":["Go for the Eyes+1","Darkness","Conserve Battery+1"],"picked":"Chill+1","floor":36},{"not_picked":["Streamline+1","Steam+1","Cold Snap+1"],"picked":"Blizzard+1","floor":37},{"not_picked":["Dark Shackles","Enlightenment","Purity"],"picked":"Secret Technique","floor":39},{"not_picked":["Loop+1","Doom and Gloom+1","Auto Shields+1","Capacitor"],"picked":"Singing Bowl","floor":41},{"not_picked":["FTL+1","Streamline+1","Tempest","Steam Power"],"picked":"Singing Bowl","floor":44},{"not_picked":["Amplify","Compile Driver+1","Storm+1","Consume"],"picked":"Singing Bowl","floor":46},{"not_picked":["Turbo+1","Go for the Eyes+1","Ball Lightning+1","Streamline+1"],"picked":"Singing Bowl","floor":48}],"player_experience":677276,"relics_obtained":[{"floor":6,"key":"Bottled Flame"},{"floor":9,"key":"Pantograph"},{"floor":10,"key":"Molten Egg 2"},{"floor":12,"key":"Cables"},{"floor":14,"key":"Bag of Preparation"},{"floor":24,"key":"Art of War"},{"floor":26,"key":"Singing Bowl"},{"floor":28,"key":"Question Card"},{"floor":41,"key":"Bronze Scales"},{"floor":43,"key":"Meat on the Bone"},{"floor":44,"key":"Frozen Egg 2"},{"floor":46,"key":"Mercury Hourglass"}],"event_choices":[{"cards_removed":["Strike_B"],"damage_healed":0,"gold_gain":0,"player_choice":"Purged","damage_taken":0,"max_hp_gain":0,"max_hp_loss":0,"event_name":"Purifier","floor":8,"gold_loss":0},{"damage_healed":0,"gold_gain":0,"player_choice":"Read","damage_taken":0,"max_hp_gain":0,"max_hp_loss":0,"event_name":"The Library","floor":19,"gold_loss":0,"cards_obtained":["Self Repair"]},{"damage_healed":0,"gold_gain":0,"player_choice":"Embrace Madness","damage_taken":10,"max_hp_gain":0,"max_hp_loss":0,"event_name":"Winding Halls","floor":38,"gold_loss":0,"cards_obtained":["Madness","Madness"]},{"damage_healed":0,"gold_gain":0,"player_choice":"Memory 1","damage_taken":0,"max_hp_gain":0,"max_hp_loss":0,"event_name":"SensoryStone","floor":39,"gold_loss":0},{"damage_healed":0,"gold_gain":0,"player_choice":"Paid Gold","damage_taken":0,"relics_obtained":["Lantern"],"max_hp_gain":0,"max_hp_loss":0,"event_name":"WeMeetAgain","floor":47,"gold_loss":79}],"is_beta":false,"boss_relics":[{"not_picked":["Runic Pyramid","Astrolabe"],"picked":"Cursed Key"},{"not_picked":["Black Star","Busted Crown"],"picked":"Inserter"}],"items_purged_floors":[21,31],"is_endless":false,"potions_floor_spawned":[1,5,6,14,22,24,33,36,37,41],"ascension_level":5}