{"gold_per_floor":[113,132,151,162,87,87,162,179,179,195,195,195,209,225,225,328,328,347,347,360,360],"floor_reached":21,"playtime":9369,"items_purged":["Dualcast"],"score":271,"play_id":"ecbbfbc3-4a80-4562-93b0-9e32f335313d","local_time":"20190105150433","is_ascension_mode":true,"campfire_choices":[{"data":"Zap","floor":6,"key":"SMITH"},{"data":"Reboot","floor":11,"key":"SMITH"},{"data":"Sunder","floor":15,"key":"SMITH"}],"neow_cost":"NONE","seed_source_timestamp":6829597841791,"circlet_count":0,"master_deck":["AscendersBane","Strike_B","Strike_B","Strike_B","Strike_B","Defend_B","Defend_B","Defend_B","Defend_B","Zap+1","Leap","Sunder+1","Ball Lightning","Reboot+1","FTL","Machine Learning","Defragment","Deep Breath","Hologram+1"],"relics":["Cracked Core","Darkstone Periapt","Velvet Choker"],"potions_floor_usage":[16,16],"damage_taken":[{"damage":0,"enemies":"Cultist","floor":1,"turns":4},{"damage":2,"enemies":"Jaw Worm","floor":2,"turns":4},{"damage":0,"enemies":"2 Louse","floor":3,"turns":4},{"damage":12,"enemies":"Blue Slaver","floor":4,"turns":5},{"damage":4,"enemies":"Red Slaver","floor":8,"turns":4},{"damage":0,"enemies":"Large Slime","floor":10,"turns":4},{"damage":0,"enemies":"Blue Slaver","floor":13,"turns":4},{"damage":0,"enemies":"2 Fungi Beasts","floor":14,"turns":2},{"damage":34,"enemies":"Hexaghost","floor":16,"turns":7},{"damage":18,"enemies":"Spheric Guardian","floor":18,"turns":5},{"damage":18,"enemies":"Shell Parasite","floor":20,"turns":7},{"damage":0,"enemies":"Sentry and Sphere","floor":21,"turns":1}],"seed_played":"2378399297875258669","potions_obtained":[{"floor":3,"key":"SkillPotion"},{"floor":13,"key":"Strength Potion"},{"floor":14,"key":"Fire Potion"},{"floor":18,"key":"Dexterity Potion"}],"is_trial":false,"path_per_floor":["M","M","M","M","$","R","?","M","T","M","R","?","M","M","R","B",null,"M","?","M","M"],"character_chosen":"DEFECT","items_purchased":[],"campfire_rested":0,"item_purchase_floors":[],"current_hp_per_floor":[68,66,66,54,54,54,47,43,43,43,43,43,43,43,43,9,59,41,27,9,9],"gold":360,"neow_bonus":"THREE_CARDS","is_prod":false,"is_daily":false,"chose_seed":false,"campfire_upgraded":3,"win_rate":0,"timestamp":1546729473,"path_taken":["M","M","?","M","$","R","?","M","T","?","R","?","M","M","R","BOSS","M","?","M","?"],"build_version":"2019-01-03v4","purchased_purges":1,"victory":false,"max_hp_per_floor":[75,75,75,75,75,75,75,75,75,75,75,75,75,75,75,75,75,75,75,75,75],"card_choices":[{"not_picked":["Consume","Turbo"],"picked":"Leap","floor":0},{"not_picked":["Barrage","White Noise","Rip and Tear"],"picked":"SKIP","floor":1},{"not_picked":["BootSequence","Turbo","Steam"],"picked":"SKIP","floor":2},{"not_picked":["Static Discharge","Aggregate","Rebound"],"picked":"SKIP","floor":3},{"not_picked":["Static Discharge","Scrape"],"picked":"Sunder","floor":4},{"not_picked":["Doom and Gloom","Melter"],"picked":"Ball Lightning","floor":8},{"not_picked":["Lockon","Chaos"],"picked":"Reboot","floor":10},{"not_picked":["Cold Snap","Reinforced Body"],"picked":"FTL","floor":13},{"not_picked":["Sunder","Barrage","Ball Lightning"],"picked":"SKIP","floor":14},{"not_picked":["Buffer","Multi-Cast"],"picked":"Machine Learning","floor":16},{"not_picked":["Steam+1","Steam Power+1"],"picked":"Defragment","floor":18},{"not_picked":["Leap","Compile Driver"],"picked":"Hologram+1","floor":20}],"player_experience":749187,"relics_obtained":[{"floor":9,"key":"Darkstone Periapt"}],"event_choices":[{"damage_healed":0,"gold_gain":75,"player_choice":"Touch","damage_taken":7,"max_hp_gain":0,"max_hp_loss":0,"event_name":"FaceTrader","floor":7,"gold_loss":0},{"damage_healed":0,"gold_gain":0,"player_choice":"Ignored","damage_taken":0,"max_hp_gain":0,"max_hp_loss":0,"event_name":"Golden Idol","floor":12,"gold_loss":0},{"damage_healed":0,"gold_gain":0,"player_choice":"CARD ","damage_taken":14,"max_hp_gain":0,"max_hp_loss":0,"event_name":"Knowing Skull","floor":19,"potions_obtained":[],"gold_loss":0,"cards_obtained":["Deep Breath"]}],"is_beta":false,"boss_relics":[{"not_picked":["Empty Cage","Calling Bell"],"picked":"Velvet Choker"}],"items_purged_floors":[5],"is_endless":false,"potions_floor_spawned":[3,13,14,18],"killed_by":"Sentry and Sphere","ascension_level":11}