{"gold_per_floor":[115,127,138,158,174,174,184,202,271,236,266,266,282,311,311,409,409,429,441,441,8,25,56,68,68,68,68,78,78,98,0,0,102,102,112,127,145,0,0,0,32,32,32,58,58,58,77,89,89,89],"floor_reached":50,"playtime":2812,"items_purged":[],"score":588,"play_id":"2ab8f471-e0c6-410f-add6-778a29a1542d","local_time":"20191011230515","is_ascension_mode":false,"campfire_choices":[{"data":"White Noise","floor":6.0,"key":"SMITH"},{"data":"Redo","floor":12.0,"key":"SMITH"},{"floor":15.0,"key":"REST"},{"floor":25.0,"key":"REST"},{"floor":29.0,"key":"REST"},{"floor":32.0,"key":"REST"},{"data":"Rainbow","floor":40.0,"key":"SMITH"},{"data":"Machine Learning","floor":46.0,"key":"SMITH"},{"floor":49.0,"key":"REST"}],"neow_cost":"NONE","seed_source_timestamp":247588296968600,"circlet_count":0,"master_deck":["Strike_B+1","Strike_B+1","Strike_B+1","Strike_B+1","Defend_B+1","Defend_B+1","Defend_B+1","Defend_B+1","Zap","Dualcast","Coolheaded","Sweeping Beam","Doom and Gloom","Cold Snap","White Noise+1","Redo+1","Go for the Eyes","All For One","Sweeping Beam","Genetic Algorithm","Machine Learning+1","White Noise","Beam Cell","Seek","Leap+1","White Noise","Redo+1","Consume","Steam","Rainbow+1","Gash+1","Double Energy","Ball Lightning","Gash","Heatsinks+1","Aggregate+1","Redo"],"special_seed":0,"relics":["Cracked Core","PreservedInsect","Blue Candle","Centennial Puzzle","Blood Vial","Philosopher\u0027s Stone","Letter Opener","Nunchaku","Mummified Hand","Busted Crown","Red Mask","Dream Catcher","Bag of Preparation","Pen Nib"],"potions_floor_usage":[50],"damage_taken":[{"damage":2.0,"enemies":"2 Louse","floor":1.0,"turns":3.0},{"damage":6.0,"enemies":"Cultist","floor":2.0,"turns":3.0},{"damage":4.0,"enemies":"Jaw Worm","floor":3.0,"turns":3.0},{"damage":15.0,"enemies":"Large Slime","floor":4.0,"turns":6.0},{"damage":0.0,"enemies":"Exordium Thugs","floor":5.0,"turns":4.0},{"damage":4.0,"enemies":"3 Louse","floor":7.0,"turns":2.0},{"damage":13.0,"enemies":"Red Slaver","floor":8.0,"turns":3.0},{"damage":13.0,"enemies":"Gremlin Nob","floor":11.0,"turns":4.0},{"damage":14.0,"enemies":"Exordium Wildlife","floor":13.0,"turns":2.0},{"damage":7.0,"enemies":"Lagavulin","floor":14.0,"turns":5.0},{"damage":16.0,"enemies":"The Guardian","floor":16.0,"turns":11.0},{"damage":10.0,"enemies":"Shell Parasite","floor":18.0,"turns":7.0},{"damage":20.0,"enemies":"Spheric Guardian","floor":19.0,"turns":5.0},{"damage":16.0,"enemies":"Centurion and Healer","floor":22.0,"turns":6.0},{"damage":22.0,"enemies":"Book of Stabbing","floor":23.0,"turns":6.0},{"damage":5.0,"enemies":"Snecko","floor":24.0,"turns":5.0},{"damage":19.0,"enemies":"Shelled Parasite and Fungi","floor":28.0,"turns":3.0},{"damage":16.0,"enemies":"Snake Plant","floor":30.0,"turns":2.0},{"damage":28.0,"enemies":"Automaton","floor":33.0,"turns":10.0},{"damage":0.0,"enemies":"3 Shapes","floor":35.0,"turns":3.0},{"damage":8.0,"enemies":"3 Darklings","floor":36.0,"turns":4.0},{"damage":4.0,"enemies":"4 Shapes","floor":37.0,"turns":4.0},{"damage":0.0,"enemies":"Reptomancer","floor":41.0,"turns":4.0},{"damage":17.0,"enemies":"Nemesis","floor":44.0,"turns":5.0},{"damage":0.0,"enemies":"Transient","floor":47.0,"turns":5.0},{"damage":21.0,"enemies":"3 Darklings","floor":48.0,"turns":4.0},{"damage":69,"enemies":"Time Eater","floor":50,"turns":7}],"seed_played":"-6597485466979174532","potions_obtained":[{"floor":1.0,"key":"Ancient Potion"},{"floor":4.0,"key":"FocusPotion"},{"floor":7.0,"key":"EssenceOfSteel"},{"floor":22.0,"key":"Swift Potion"},{"floor":33.0,"key":"LiquidBronze"},{"floor":35.0,"key":"Strength Potion"}],"is_trial":false,"path_per_floor":["M","M","M","M","M","R","M","M","T","?","E","R","M","E","R","B",null,"M","M","?","$","M","E","M","R","T","?","M","R","M","?","R","B",null,"M","M","M","?","$","R","E","$","T","E","?","R","M","M","R","B"],"character_chosen":"DEFECT","items_purchased":["Letter Opener","Seek","Heatsinks"],"campfire_rested":5,"item_purchase_floors":[21,21,21],"current_hp_per_floor":[73,67,63,48,48,48,44,31,31,49,36,36,22,15,37,23,75,65,47,47,47,33,13,10,32,32,32,15,37,23,23,45,19,75,75,67,65,65,65,65,67,67,67,52,52,52,54,35,57,0],"gold":89,"neow_bonus":"RANDOM_COMMON_RELIC","is_prod":false,"is_daily":false,"chose_seed":false,"campfire_upgraded":4,"win_rate":0.0,"timestamp":1570860315,"path_taken":["M","M","M","M","M","R","M","M","T","?","E","R","M","E","R","BOSS","M","M","?","$","M","E","M","R","T","?","?","R","M","?","R","BOSS","M","M","M","?","$","R","E","?","T","E","?","R","?","M","R","BOSS"],"build_version":"2019-07-17","purchased_purges":0,"victory":false,"max_hp_per_floor":[75,75,75,75,75,75,75,75,75,75,75,75,75,75,75,75,75,75,75,75,75,75,75,75,75,75,75,75,75,75,75,75,75,75,75,75,75,75,75,75,75,75,75,75,75,75,75,75,75,75],"card_choices":[{"not_picked":["Auto Shields","Melter"],"picked":"Coolheaded","floor":1.0},{"not_picked":["Scrape","Streamline"],"picked":"Sweeping Beam","floor":2.0},{"not_picked":["Cold Snap","Heatsinks"],"picked":"Doom and Gloom","floor":3.0},{"not_picked":["Streamline","Barrage"],"picked":"Cold Snap","floor":4.0},{"not_picked":["Steam","Redo"],"picked":"White Noise","floor":5.0},{"not_picked":["Compile Driver","Coolheaded"],"picked":"Redo","floor":7.0},{"not_picked":["Beam Cell","Stack"],"picked":"Go for the Eyes","floor":8.0},{"not_picked":["Skim","Go for the Eyes"],"picked":"All For One","floor":11.0},{"not_picked":["Skim","Streamline"],"picked":"Sweeping Beam","floor":13.0},{"not_picked":["Reprogram","White Noise"],"picked":"Genetic Algorithm","floor":14.0},{"not_picked":["Reboot","Fission"],"picked":"Machine Learning","floor":16.0},{"not_picked":["Doom and Gloom","Barrage+1"],"picked":"White Noise","floor":18.0},{"not_picked":["Streamline","Redo"],"picked":"Beam Cell","floor":19.0},{"not_picked":["Stack","Reboot"],"picked":"Leap+1","floor":22.0},{"not_picked":["Streamline+1","Machine Learning"],"picked":"White Noise","floor":23.0},{"not_picked":["Compile Driver","Leap+1"],"picked":"Redo+1","floor":24.0},{"not_picked":["BootSequence+1","Sweeping Beam"],"picked":"Consume","floor":28.0},{"not_picked":["Sweeping Beam","Hello World"],"picked":"Steam","floor":30.0},{"not_picked":["Reboot","Seek"],"picked":"Rainbow","floor":33.0},{"not_picked":[],"picked":"Gash+1","floor":35.0},{"not_picked":[],"picked":"Double Energy","floor":36.0},{"not_picked":[],"picked":"Ball Lightning","floor":37.0},{"not_picked":[],"picked":"Gash","floor":41.0},{"not_picked":[],"picked":"Heatsinks+1","floor":44.0},{"not_picked":[],"picked":"Aggregate+1","floor":47.0},{"not_picked":[],"picked":"Redo","floor":48.0}],"player_experience":55245,"relics_obtained":[{"floor":9.0,"key":"Blue Candle"},{"floor":11.0,"key":"Centennial Puzzle"},{"floor":14.0,"key":"Blood Vial"},{"floor":23.0,"key":"Nunchaku"},{"floor":26.0,"key":"Mummified Hand"},{"floor":41.0,"key":"Dream Catcher"},{"floor":43.0,"key":"Bag of Preparation"},{"floor":44.0,"key":"Pen Nib"}],"event_choices":[{"damage_healed":18.0,"max_hp_gain":0.0,"max_hp_loss":0.0,"gold_gain":0.0,"event_name":"The Cleric","player_choice":"Healed","floor":10.0,"gold_loss":35.0,"damage_taken":0.0},{"damage_healed":0.0,"max_hp_gain":0.0,"max_hp_loss":0.0,"gold_gain":0.0,"event_name":"Back to Basics","player_choice":"Simplicity","floor":20.0,"gold_loss":0.0,"damage_taken":0.0,"cards_upgraded":["Strike_B","Strike_B","Strike_B","Strike_B","Defend_B","Defend_B","Defend_B","Defend_B"]},{"damage_healed":0.0,"max_hp_gain":0.0,"max_hp_loss":0.0,"gold_gain":0.0,"event_name":"FaceTrader","player_choice":"Leave","floor":27.0,"gold_loss":0.0,"damage_taken":0.0},{"damage_healed":0.0,"max_hp_gain":0.0,"max_hp_loss":0.0,"gold_gain":0.0,"event_name":"Masked Bandits","player_choice":"Paid Fearfully","floor":31.0,"gold_loss":98.0,"damage_taken":0.0},{"damage_healed":0.0,"max_hp_gain":0.0,"max_hp_loss":0.0,"gold_gain":0.0,"event_name":"Tomb of Lord Red Mask","player_choice":"Paid","floor":38.0,"gold_loss":145.0,"damage_taken":0.0,"relics_obtained":["Red Mask"]},{"cards_removed":["Heatsinks"],"damage_healed":0.0,"max_hp_gain":0.0,"max_hp_loss":0.0,"gold_gain":0.0,"event_name":"Falling","player_choice":"Removed Power","floor":45.0,"gold_loss":0.0,"damage_taken":0.0}],"is_beta":false,"boss_relics":[{"not_picked":["White Beast Statue","Snecko Eye"],"picked":"Philosopher\u0027s Stone"},{"not_picked":["Astrolabe","Fusion Hammer"],"picked":"Busted Crown"}],"items_purged_floors":[],"is_endless":false,"potions_floor_spawned":[1,4,7,8,13,22,24,33,35,37],"killed_by":"Time Eater","ascension_level":0}