{"gold_per_floor":[115,115,131,131,145,180,180,207,207,207,232,232,248,267,267,366,366,379,393,42,60,91,122,122,150,150,182,182,208,208,208,208,305,305,319,48,99,321,321,321,346,346,425,425,453,464,496,511,511,511,511,511,66,98,98],"floor_reached":56,"playtime":3477,"items_purged":["Defend_R"],"score":1508,"play_id":"9ab446db-53b9-4d12-9365-d2734c2b554c","local_time":"20190808215809","is_ascension_mode":true,"campfire_choices":[{"floor":7,"key":"REST"},{"floor":10,"key":"REST"},{"data":"Armaments","floor":12,"key":"SMITH"},{"data":"True Grit","floor":15,"key":"SMITH"},{"data":"Limit Break","floor":24,"key":"SMITH"},{"data":"Bash","floor":28,"key":"SMITH"},{"data":"J.A.X.","floor":32,"key":"SMITH"},{"data":"Inflame","floor":40,"key":"SMITH"},{"floor":44,"key":"RECALL"},{"data":"Seeing Red","floor":49,"key":"SMITH"},{"data":"Inflame","floor":52,"key":"SMITH"}],"neow_cost":"NONE","seed_source_timestamp":477895653338400,"circlet_count":0,"master_deck":["Defend_R+1","Defend_R","Defend_R","Bash+1","Fiend Fire","Warcry","Reaper","Armaments+1","True Grit+1","Seeing Red","Offering+1","Blood for Blood+1","Blood for Blood+1","Inflame+1","Limit Break+1","Bloodletting","Seeing Red+1","Headbutt+1","Inflame+1","Heavy Blade+1","Evolve+1","J.A.X.+1","Immolate+1","Shrug It Off+1","Limit Break+1","Inflame+1"],"relics":["Burning Blood","Molten Egg 2","War Paint","Kunai","Singing Bowl","Eternal Feather","Bag of Preparation","ClockworkSouvenir","Red Mask","Regal Pillow","Art of War","Bronze Scales","Sundial","Letter Opener","Empty Cage","DollysMirror","Du-Vu Doll","Mercury Hourglass","Gambling Chip","Anchor","Paper Frog","OrangePellets","Lantern"],"potions_floor_usage":[6,19,22,23,29,29,37,41,54,55,55],"damage_taken":[{"damage":0,"enemies":"2 Louse","floor":1,"turns":3},{"damage":0,"enemies":"Small Slimes","floor":3,"turns":5},{"damage":1,"enemies":"Cultist","floor":5,"turns":3},{"damage":72,"enemies":"3 Sentries","floor":6,"turns":27},{"damage":46,"enemies":"Gremlin Nob","floor":8,"turns":5},{"damage":22,"enemies":"3 Sentries","floor":11,"turns":6},{"damage":6,"enemies":"Lots of Slimes","floor":13,"turns":5},{"damage":9,"enemies":"Exordium Thugs","floor":14,"turns":3},{"damage":6,"enemies":"Slime Boss","floor":16,"turns":6},{"damage":12,"enemies":"Chosen","floor":18,"turns":5},{"damage":4,"enemies":"3 Byrds","floor":19,"turns":3},{"damage":9,"enemies":"Sentry and Sphere","floor":21,"turns":3},{"damage":35,"enemies":"Masked Bandits","floor":22,"turns":5},{"damage":41,"enemies":"Slavers","floor":23,"turns":7},{"damage":27,"enemies":"Gremlin Leader","floor":25,"turns":6},{"damage":39,"enemies":"Book of Stabbing","floor":27,"turns":4},{"damage":29,"enemies":"Slavers","floor":29,"turns":4},{"damage":65,"enemies":"Collector","floor":33,"turns":7},{"damage":9,"enemies":"3 Shapes","floor":35,"turns":1},{"damage":19,"enemies":"2 Orb Walkers","floor":37,"turns":3},{"damage":25,"enemies":"Reptomancer","floor":41,"turns":3},{"damage":23,"enemies":"Giant Head","floor":45,"turns":4},{"damage":18,"enemies":"3 Darklings","floor":46,"turns":2},{"damage":12,"enemies":"Reptomancer","floor":47,"turns":2},{"damage":13,"enemies":"Spire Growth","floor":48,"turns":3},{"damage":97,"enemies":"Awakened One","floor":50,"turns":10},{"damage":9,"enemies":"Shield and Spear","floor":54,"turns":3},{"damage":87,"enemies":"The Heart","floor":55,"turns":6}],"seed_played":"-52811869907027451","potions_obtained":[{"floor":1,"key":"Dexterity Potion"},{"floor":6,"key":"Dexterity Potion"},{"floor":14,"key":"BloodPotion"},{"floor":16,"key":"Swift Potion"},{"floor":18,"key":"LiquidBronze"},{"floor":25,"key":"Explosive Potion"},{"floor":27,"key":"Block Potion"},{"floor":33,"key":"Explosive Potion"},{"floor":37,"key":"Swift Potion"},{"floor":41,"key":"PowerPotion"},{"floor":47,"key":"Fire Potion"},{"floor":54,"key":"Dexterity Potion"}],"is_trial":false,"path_per_floor":["M","?","M","?","M","E","R","E","T","R","E","R","M","M","R","B",null,"M","M","$","M","?","E","R","E","T","E","R","E","?","?","R","B",null,"M","$","?","?","?","R","E","?","T","R","E","M","E","M","R","B",null,"R","$","E","B",null],"character_chosen":"IRONCLAD","items_purchased":["Bag of Preparation","ClockworkSouvenir","DollysMirror","Paper Frog","OrangePellets"],"campfire_rested":2,"item_purchase_floors":[20,20,36,53,53],"current_hp_per_floor":[80,80,80,80,80,24,48,14,14,38,32,32,40,49,49,49,82,76,78,78,77,60,59,71,84,84,51,66,81,81,81,86,27,86,83,83,88,88,90,90,73,73,73,88,73,96,92,87,100,9,100,100,100,99,18],"gold":98,"neow_bonus":"ONE_RANDOM_RARE_CARD","is_prod":false,"is_daily":false,"chose_seed":false,"campfire_upgraded":8,"win_rate":0,"timestamp":1565326689,"path_taken":["M","?","M","?","?","E","R","E","T","R","E","R","?","M","R","BOSS","M","M","$","M","?","E","R","E","T","E","R","E","?","?","R","BOSS","M","$","?","?","?","R","E","?","T","R","E","?","E","M","R","BOSS","R","$","E","BOSS"],"build_version":"2019-07-18","purchased_purges":1,"victory":true,"max_hp_per_floor":[80,80,80,80,80,80,80,80,80,80,80,80,82,82,82,82,82,82,82,82,84,84,84,84,84,84,84,84,86,86,86,86,86,86,86,86,88,88,90,90,92,92,92,92,94,96,98,100,100,100,100,100,100,102,102],"card_choices":[{"not_picked":["Second Wind","Heavy Blade"],"picked":"Warcry","floor":1},{"not_picked":["Twin Strike","Perfected Strike"],"picked":"Armaments","floor":3},{"not_picked":["Wild Strike","Pummel"],"picked":"Seeing Red","floor":5},{"not_picked":["Clash","Cleave"],"picked":"Offering","floor":6},{"not_picked":["Bloodletting","Sentinel"],"picked":"Blood for Blood+1","floor":8},{"not_picked":["Pummel+1","Flex"],"picked":"Blood for Blood+1","floor":11},{"not_picked":["Blood for Blood+1","Pummel+1","Rupture"],"picked":"Singing Bowl","floor":13},{"not_picked":["Sword Boomerang+1","Flex"],"picked":"Inflame","floor":14},{"not_picked":["Dark Embrace","Immolate+1"],"picked":"Limit Break","floor":16},{"not_picked":["Sword Boomerang+1","Clash+1"],"picked":"Bloodletting","floor":18},{"not_picked":["Intimidate","Sword Boomerang+1"],"picked":"Seeing Red","floor":19},{"not_picked":["Cleave+1","Power Through","Fire Breathing+1"],"picked":"Singing Bowl","floor":21},{"not_picked":["Anger+1","Clothesline+1"],"picked":"Headbutt+1","floor":22},{"not_picked":["Evolve","Sword Boomerang+1"],"picked":"Inflame+1","floor":23},{"not_picked":["Cleave+1","Flex"],"picked":"Heavy Blade+1","floor":25},{"not_picked":["Wild Strike+1","Warcry"],"picked":"Evolve+1","floor":27},{"not_picked":["Berserk","True Grit","Barricade"],"picked":"Singing Bowl","floor":29},{"not_picked":["Reaper+1","Juggernaut"],"picked":"Immolate+1","floor":33},{"not_picked":["Iron Wave+1","Body Slam+1"],"picked":"Shrug It Off+1","floor":35},{"not_picked":["Hemokinesis+1","Twin Strike+1","Clothesline+1"],"picked":"Singing Bowl","floor":37},{"not_picked":["Madness","Mind Blast+1","Panacea"],"picked":"Singing Bowl","floor":39},{"not_picked":["True Grit","Anger+1","Shrug It Off"],"picked":"Singing Bowl","floor":41},{"not_picked":["Inflame","Thunderclap+1","Perfected Strike+1"],"picked":"Singing Bowl","floor":45},{"not_picked":["Sentinel+1","Blood for Blood+1","Sword Boomerang+1"],"picked":"Singing Bowl","floor":46},{"not_picked":["Carnage+1","Rupture+1","Anger+1"],"picked":"Singing Bowl","floor":47},{"not_picked":["Wild Strike+1","Thunderclap+1","Cleave+1"],"picked":"Singing Bowl","floor":48},{"not_picked":["Rupture","Barricade","Iron Wave+1"],"picked":"Singing Bowl","floor":54}],"player_experience":1379964,"relics_obtained":[{"floor":6,"key":"Molten Egg 2"},{"floor":8,"key":"War Paint"},{"floor":9,"key":"Kunai"},{"floor":11,"key":"Singing Bowl"},{"floor":22,"key":"Red Mask"},{"floor":23,"key":"Regal Pillow"},{"floor":25,"key":"Art of War"},{"floor":26,"key":"Bronze Scales"},{"floor":27,"key":"Sundial"},{"floor":29,"key":"Letter Opener"},{"floor":37,"key":"Du-Vu Doll"},{"floor":41,"key":"Mercury Hourglass"},{"floor":45,"key":"Gambling Chip"},{"floor":47,"key":"Anchor"},{"floor":54,"key":"Lantern"}],"event_choices":[{"damage_healed":0,"gold_gain":0,"cards_transformed":["Strike_R"],"player_choice":"Change","damage_taken":0,"max_hp_gain":0,"max_hp_loss":0,"event_name":"Living Wall","floor":2,"gold_loss":0,"cards_obtained":["Reaper"]},{"damage_healed":0,"gold_gain":0,"cards_transformed":["Strike_R"],"player_choice":"Transformed","damage_taken":0,"max_hp_gain":0,"max_hp_loss":0,"event_name":"Transmorgrifier","floor":4,"gold_loss":0,"cards_obtained":["True Grit"]},{"damage_healed":0,"gold_gain":0,"player_choice":"Fought Bandits","damage_taken":0,"max_hp_gain":0,"max_hp_loss":0,"event_name":"Masked Bandits","floor":22,"gold_loss":0},{"damage_healed":0,"gold_gain":0,"player_choice":"Obtain J.A.X.","damage_taken":0,"max_hp_gain":0,"max_hp_loss":0,"event_name":"Drug Dealer","floor":30,"gold_loss":0,"cards_obtained":["J.A.X."]},{"damage_healed":0,"gold_gain":0,"player_choice":"Ignored","damage_taken":0,"max_hp_gain":0,"max_hp_loss":0,"event_name":"Ghosts","floor":31,"gold_loss":0},{"damage_healed":0,"gold_gain":0,"player_choice":"Fight","damage_taken":0,"max_hp_gain":0,"max_hp_loss":0,"event_name":"Mysterious Sphere","floor":37,"gold_loss":0},{"damage_healed":0,"gold_gain":222,"player_choice":"Wore Mask","damage_taken":0,"max_hp_gain":0,"max_hp_loss":0,"event_name":"Tomb of Lord Red Mask","floor":38,"gold_loss":0},{"damage_healed":0,"gold_gain":0,"player_choice":"Memory 1","damage_taken":0,"max_hp_gain":0,"max_hp_loss":0,"event_name":"SensoryStone","floor":39,"gold_loss":0},{"damage_healed":0,"gold_gain":0,"cards_transformed":["Strike_R"],"player_choice":"Transformed","damage_taken":0,"max_hp_gain":0,"max_hp_loss":0,"event_name":"Transmorgrifier","floor":42,"gold_loss":0,"cards_obtained":["Inflame"]}],"is_beta":true,"boss_relics":[{"not_picked":["Runic Pyramid","Calling Bell"],"picked":"Eternal Feather"},{"not_picked":["Cursed Key","White Beast Statue"],"picked":"Empty Cage"}],"items_purged_floors":[36],"is_endless":false,"potions_floor_spawned":[1,6,14,16,18,25,27,33,37,41,47,54],"ascension_level":1}