{"gold_per_floor":[114,133,28,44,54,84,84,84,84,7,21,21,31,31,31,129,129,129,129,129,129,129,129,2,2,2,0,0,0,0,0,0,0,0,0,0,0,0,0,0,0,0,0,0,0,0,0,0],"floor_reached":48,"playtime":3153,"items_purged":[],"score":461,"play_id":"01b3bbfa-9e26-45d3-a7a5-c59f2e1348d7","local_time":"20191006214234","is_ascension_mode":false,"campfire_choices":[{"floor":7,"key":"DIG"},{"floor":15,"key":"REST"},{"floor":23,"key":"DIG"},{"floor":25,"key":"REST"},{"floor":32,"key":"REST"},{"floor":40,"key":"DIG"}],"neow_cost":"NONE","seed_source_timestamp":243406047477100,"circlet_count":0,"master_deck":["Strike_B","Strike_B","Strike_B","Defend_B","Defend_B","Defend_B","Defend_B","Zap","Dualcast","Gash","Storm","Coolheaded","Storm","Gash","Loop","Undo","Go for the Eyes","Gash","Chill","Parasite","Biased Cognition","Electrodynamics","Go for the Eyes","Double Energy+1","Coolheaded","Glacier","Cold Snap+1","Chill","RitualDagger","BootSequence","Capacitor","Coolheaded","Echo Form","Steam","Skim","Sweeping Beam","Hologram","Beam Cell+1","Panacea","Cold Snap+1"],"relics":["Cracked Core","Shovel","Bottled Tornado","Matryoshka","Ectoplasm","Bronze Scales","Oddly Smooth Stone","Potion Belt","StoneCalendar","Gremlin Horn","Fusion Hammer","Red Mask","Dream Catcher","Lantern","Bottled Flame"],"potions_floor_usage":[6,16,31,31,31,31,35,41,48],"damage_taken":[{"damage":6,"enemies":"Jaw Worm","floor":1,"turns":3},{"damage":4,"enemies":"Small Slimes","floor":2,"turns":3},{"damage":8,"enemies":"2 Louse","floor":4,"turns":3},{"damage":13,"enemies":"2 Fungi Beasts","floor":5,"turns":4},{"damage":26,"enemies":"3 Sentries","floor":6,"turns":7},{"damage":10,"enemies":"Looter","floor":11,"turns":3},{"damage":5,"enemies":"Exordium Wildlife","floor":13,"turns":6},{"damage":8,"enemies":"The Guardian","floor":16,"turns":11},{"damage":5,"enemies":"Chosen","floor":18,"turns":4},{"damage":5,"enemies":"3 Byrds","floor":19,"turns":4},{"damage":8,"enemies":"Snecko","floor":20,"turns":5},{"damage":31,"enemies":"Shelled Parasite and Fungi","floor":22,"turns":8},{"damage":0,"enemies":"3 Cultists","floor":29,"turns":4},{"damage":3,"enemies":"Centurion and Healer","floor":30,"turns":7},{"damage":8,"enemies":"Colosseum Slavers","floor":31,"turns":3},{"damage":14,"enemies":"Colosseum Nobs","floor":31,"turns":5},{"damage":9,"enemies":"Collector","floor":33,"turns":10},{"damage":29,"enemies":"3 Darklings","floor":35,"turns":4},{"damage":1,"enemies":"Orb Walker","floor":38,"turns":5},{"damage":0,"enemies":"4 Shapes","floor":39,"turns":7},{"damage":3,"enemies":"Writhing Mass","floor":41,"turns":3},{"damage":17,"enemies":"Maw","floor":45,"turns":9},{"damage":6,"enemies":"Sphere and 2 Shapes","floor":47,"turns":6},{"damage":32,"enemies":"3 Darklings","floor":48,"turns":2}],"seed_played":"-1443402866696619967","potions_obtained":[{"floor":2,"key":"Fire Potion"},{"floor":13,"key":"Ancient Potion"},{"floor":18,"key":"FocusPotion"},{"floor":22,"key":"SteroidPotion"},{"floor":29,"key":"Block Potion"},{"floor":33,"key":"SkillPotion"},{"floor":35,"key":"PowerPotion"},{"floor":38,"key":"GamblersBrew"},{"floor":41,"key":"SpeedPotion"},{"floor":47,"key":"AttackPotion"}],"is_trial":false,"path_per_floor":["M","M","$","M","M","E","R","?","T","$","M","?","M","$","R","B",null,"M","M","M","?","M","R","$","R","T","?","?","M","M","?","R","B",null,"M","?","?","M","M","R","M","$","T","$","M","?","M","M"],"character_chosen":"DEFECT","items_purchased":["Coolheaded","Storm","Go for the Eyes","Gash","Chill","AttackPotion"],"campfire_rested":3,"item_purchase_floors":[3,3,10,10,24,24],"current_hp_per_floor":[76,72,72,64,51,25,25,25,25,25,15,35,30,30,54,46,82,77,72,64,64,33,33,33,57,57,57,51,51,48,26,50,41,82,53,53,53,52,52,52,49,49,49,49,32,32,26,0],"gold":0,"neow_bonus":"TEN_PERCENT_HP_BONUS","is_prod":false,"is_daily":false,"chose_seed":false,"campfire_upgraded":0,"win_rate":0.0,"timestamp":1570416154,"path_taken":["M","M","$","M","M","E","R","?","T","?","M","?","M","$","R","BOSS","M","M","M","?","M","R","$","R","T","?","?","M","M","?","R","BOSS","M","?","?","M","M","R","M","?","T","$","?","?","M","M"],"build_version":"2019-07-17","purchased_purges":0,"victory":false,"max_hp_per_floor":[82,82,82,82,82,82,82,82,82,82,82,82,82,82,82,82,82,82,82,82,82,82,82,82,82,82,82,82,82,82,82,82,82,82,82,82,82,82,82,82,82,82,82,82,82,82,82,82],"card_choices":[{"not_picked":["Compile Driver","Aggregate"],"picked":"Gash","floor":1},{"not_picked":["Steam Power","Rip and Tear"],"picked":"Storm","floor":2},{"not_picked":["Hologram","Compile Driver"],"picked":"Gash","floor":4},{"not_picked":["Echo Form","Steam"],"picked":"Loop","floor":5},{"not_picked":["Steam","Stack"],"picked":"Undo","floor":6},{"not_picked":["Compile Driver","Gash"],"picked":"Chill","floor":11},{"not_picked":["Ball Lightning","Streamline"],"picked":"Biased Cognition","floor":13},{"not_picked":["Biased Cognition","Fission"],"picked":"Electrodynamics","floor":16},{"not_picked":["Undo","Sweeping Beam"],"picked":"Go for the Eyes","floor":18},{"not_picked":["Streamline","Conserve Battery"],"picked":"Double Energy+1","floor":19},{"not_picked":["Leap+1","Stack"],"picked":"Coolheaded","floor":20},{"not_picked":["Conserve Battery","Compile Driver"],"picked":"Cold Snap+1","floor":22},{"not_picked":["Multi-Cast","Barrage"],"picked":"BootSequence","floor":29},{"not_picked":["Scrape","Defragment"],"picked":"Capacitor","floor":30},{"not_picked":["Go for the Eyes+1","Doom and Gloom"],"picked":"Coolheaded","floor":31},{"not_picked":["Fission","Biased Cognition"],"picked":"Echo Form","floor":33},{"not_picked":["Cold Snap+1","Lockon+1"],"picked":"Steam","floor":35},{"not_picked":["Conserve Battery+1","Chaos+1"],"picked":"Skim","floor":38},{"not_picked":["White Noise","Rebound"],"picked":"Sweeping Beam","floor":39},{"not_picked":["Melter","Compile Driver"],"picked":"Hologram","floor":41},{"not_picked":["Doom and Gloom+1","Hologram+1"],"picked":"Beam Cell+1","floor":45},{"not_picked":["Metamorphosis","Impatience"],"picked":"Panacea","floor":46},{"not_picked":["Steam+1","Stack+1"],"picked":"Cold Snap+1","floor":47}],"player_experience":89363,"relics_obtained":[{"floor":6,"key":"Shovel"},{"floor":7,"key":"Bottled Tornado"},{"floor":9,"key":"Matryoshka"},{"floor":23,"key":"Bronze Scales"},{"floor":26,"key":"Oddly Smooth Stone"},{"floor":26,"key":"Potion Belt"},{"floor":31,"key":"StoneCalendar"},{"floor":31,"key":"Gremlin Horn"},{"floor":40,"key":"Dream Catcher"},{"floor":43,"key":"Lantern"},{"floor":43,"key":"Bottled Flame"}],"event_choices":[{"damage_healed":0,"gold_gain":0,"player_choice":"Ignored","damage_taken":0,"max_hp_gain":0,"max_hp_loss":0,"event_name":"Liars Game","floor":8,"gold_loss":0},{"damage_healed":20,"gold_gain":0,"player_choice":"Healed and dodged fight","damage_taken":0,"max_hp_gain":0,"max_hp_loss":0,"event_name":"Mushrooms","floor":12,"gold_loss":0,"cards_obtained":["Parasite"]},{"damage_healed":0,"gold_gain":0,"player_choice":"Read","damage_taken":0,"max_hp_gain":0,"max_hp_loss":0,"event_name":"The Library","floor":21,"gold_loss":0,"cards_obtained":["Glacier"]},{"damage_healed":0,"gold_gain":0,"player_choice":"Paid Fearfully","damage_taken":0,"max_hp_gain":0,"max_hp_loss":0,"event_name":"Masked Bandits","floor":27,"gold_loss":2},{"damage_healed":0,"gold_gain":0,"player_choice":"Joined the Cult","damage_taken":6,"max_hp_gain":0,"max_hp_loss":0,"event_name":"Nest","floor":28,"gold_loss":0,"cards_obtained":["RitualDagger"]},{"damage_healed":0,"gold_gain":0,"player_choice":"Fight","damage_taken":0,"max_hp_gain":0,"max_hp_loss":0,"event_name":"Colosseum","floor":31,"gold_loss":0},{"damage_healed":0,"gold_gain":0,"player_choice":"Fought Nobs","damage_taken":0,"max_hp_gain":0,"max_hp_loss":0,"event_name":"Colosseum","floor":31,"gold_loss":0},{"damage_healed":0,"gold_gain":0,"player_choice":"Paid","damage_taken":0,"relics_obtained":["Red Mask"],"max_hp_gain":0,"max_hp_loss":0,"event_name":"Tomb of Lord Red Mask","floor":36,"gold_loss":0},{"cards_removed":["Strike_B"],"damage_healed":0,"gold_gain":0,"player_choice":"Removed Attack","damage_taken":0,"max_hp_gain":0,"max_hp_loss":0,"event_name":"Falling","floor":37,"gold_loss":0},{"damage_healed":0,"gold_gain":0,"player_choice":"Memory 1","damage_taken":0,"max_hp_gain":0,"max_hp_loss":0,"event_name":"SensoryStone","floor":46,"gold_loss":0}],"is_beta":false,"boss_relics":[{"not_picked":["Pandora\u0027s Box","Coffee Dripper"],"picked":"Ectoplasm"},{"not_picked":["Inserter","FrozenCore"],"picked":"Fusion Hammer"}],"items_purged_floors":[],"is_endless":false,"potions_floor_spawned":[2,13,18,22,29,33,35,38,41,47],"killed_by":"3 Darklings","ascension_level":0}