{"gold_per_floor":[113,125,125,140,158,158,190,190,190,219,232,264,296,43,43,43],"floor_reached":16,"playtime":799,"items_purged":[],"score":137,"play_id":"b3a0a13c-516d-471e-95e5-77f1d658274a","local_time":"20190902205550","is_ascension_mode":true,"campfire_choices":[{"data":"Shockwave","floor":6,"key":"SMITH"},{"data":"Double Tap","floor":15,"key":"SMITH"}],"neow_cost":"TEN_PERCENT_HP_LOSS","seed_source_timestamp":138826503956900,"circlet_count":0,"master_deck":["Strike_R","Strike_R","Strike_R","Strike_R","Defend_R","Defend_R","Defend_R","Defend_R","Bash+1","Thunderclap","Sword Boomerang","Shockwave+1","Burning Pact","Carnage","Rampage","True Grit","Double Tap+1"],"relics":["Burning Blood","Charon\u0027s Ashes","PreservedInsect","WingedGreaves","Centennial Puzzle","Frozen Egg 2","Gremlin Horn"],"potions_floor_usage":[5,7,12,16],"damage_taken":[{"damage":1,"enemies":"Cultist","floor":1,"turns":4},{"damage":5,"enemies":"Jaw Worm","floor":2,"turns":4},{"damage":8,"enemies":"2 Louse","floor":4,"turns":2},{"damage":3,"enemies":"Large Slime","floor":5,"turns":4},{"damage":21,"enemies":"Gremlin Nob","floor":7,"turns":5},{"damage":13,"enemies":"Lagavulin","floor":10,"turns":7},{"damage":7,"enemies":"Blue Slaver","floor":11,"turns":3},{"damage":12,"enemies":"Gremlin Nob","floor":12,"turns":3},{"damage":9,"enemies":"3 Sentries","floor":13,"turns":5},{"damage":45,"enemies":"Hexaghost","floor":16,"turns":9}],"seed_played":"-5900433009451610176","potions_obtained":[{"floor":4,"key":"Fire Potion"},{"floor":5,"key":"Fruit Juice"},{"floor":10,"key":"Poison Potion"},{"floor":13,"key":"Strength Potion"}],"is_trial":false,"path_per_floor":["M","M","?","M","M","R","E","?","T","E","M","E","E","$","R","B"],"character_chosen":"IRONCLAD","items_purchased":["Gremlin Horn"],"campfire_rested":0,"item_purchase_floors":[14],"current_hp_per_floor":[72,72,72,70,72,72,62,62,62,55,54,48,45,45,45,0],"gold":43,"neow_bonus":"ONE_RARE_RELIC","is_prod":false,"is_daily":false,"chose_seed":false,"campfire_upgraded":2,"win_rate":0,"timestamp":1567482950,"path_taken":["M","M","?","M","M","R","E","?","T","E","?","E","E","?","R","BOSS"],"build_version":"2019-08-26","purchased_purges":0,"victory":false,"max_hp_per_floor":[72,72,72,72,72,72,77,77,77,77,77,77,77,77,77,77],"card_choices":[{"not_picked":["Iron Wave","Warcry"],"picked":"Thunderclap","floor":1},{"not_picked":["Anger","Wild Strike"],"picked":"Sword Boomerang","floor":2},{"not_picked":["Warcry","Twin Strike"],"picked":"Shockwave","floor":4},{"not_picked":["Bloodletting","Headbutt"],"picked":"Burning Pact","floor":5},{"not_picked":["Bloodletting","Flex","Thunderclap"],"picked":"SKIP","floor":7},{"not_picked":["Power Through","Anger"],"picked":"Rampage","floor":10},{"not_picked":["Havoc","Cleave"],"picked":"True Grit","floor":11},{"not_picked":["Power Through","Combust","Rage"],"picked":"SKIP","floor":12},{"not_picked":["Metallicize","Sword Boomerang"],"picked":"Double Tap","floor":13}],"player_experience":1464795,"relics_obtained":[{"floor":7,"key":"PreservedInsect"},{"floor":10,"key":"WingedGreaves"},{"floor":12,"key":"Centennial Puzzle"},{"floor":13,"key":"Frozen Egg 2"}],"event_choices":[{"damage_healed":0,"gold_gain":0,"player_choice":"Grow","damage_taken":0,"max_hp_gain":0,"max_hp_loss":0,"event_name":"Living Wall","floor":3,"gold_loss":0,"cards_upgraded":["Bash"]},{"damage_healed":0,"gold_gain":0,"cards_transformed":["Strike_R"],"player_choice":"Transformed","damage_taken":0,"max_hp_gain":0,"max_hp_loss":0,"event_name":"Transmorgrifier","floor":8,"gold_loss":0,"cards_obtained":["Carnage"]}],"is_beta":true,"boss_relics":[],"items_purged_floors":[],"is_endless":false,"potions_floor_spawned":[4,5,10,13],"killed_by":"Hexaghost","ascension_level":1}