{"gold_per_floor":[117,117,127,139,151,151,162,13,13,29,29,29,29,43,43,148,148,165,50,50,50,50,50,62,74,74,87,53,71,85,7,7,102,102,121,135,35,35,35,35],"floor_reached":40,"playtime":2217,"items_purged":["Dualcast","Defend_B"],"score":494,"play_id":"d66ea610-94f5-478d-94a6-8d32f1ed209e","local_time":"20180629230912","is_ascension_mode":true,"campfire_choices":[{"data":"Zap","floor":6,"key":"SMITH"},{"data":"Coolheaded","floor":11,"key":"SMITH"},{"data":"Electrodynamics","floor":13,"key":"SMITH"},{"data":"Defend_B","floor":15,"key":"SMITH"},{"data":"Hologram","floor":23,"key":"SMITH"},{"floor":32,"key":"REST"}],"neow_cost":"NONE","seed_source_timestamp":19294699409804,"circlet_count":0,"master_deck":["Defend_B+1","Defend_B","Defend_B+1","Zap+1","Loop+1","Coolheaded+1","Electrodynamics+1","Beam Cell+1","Hologram+1","Self Repair","Loop+1","Self Repair","Sunder+1","Defragment","Thunder Strike+1","Blizzard+1","Deep Breath"],"relics":["Cracked Core","DataDisk","Molten Egg 2","Inserter","Lantern","Empty Cage"],"potions_floor_usage":[16,33,33,33],"damage_taken":[{"damage":1,"enemies":"Cultist","floor":1,"turns":4},{"damage":10,"enemies":"Small Slimes","floor":3,"turns":3},{"damage":7,"enemies":"Jaw Worm","floor":4,"turns":3},{"damage":7,"enemies":"Blue Slaver","floor":5,"turns":5},{"damage":2,"enemies":"Exordium Wildlife","floor":7,"turns":3},{"damage":7,"enemies":"Red Slaver","floor":10,"turns":5},{"damage":0,"enemies":"Exordium Thugs","floor":14,"turns":2},{"damage":5,"enemies":"The Guardian","floor":16,"turns":10},{"damage":11,"enemies":"Shell Parasite","floor":18,"turns":6},{"damage":10,"enemies":"Spheric Guardian","floor":24,"turns":4},{"damage":5,"enemies":"Centurion and Healer","floor":25,"turns":8},{"damage":24,"enemies":"Snake Plant","floor":27,"turns":4},{"damage":7,"enemies":"Snecko","floor":29,"turns":5},{"damage":1,"enemies":"Sentry and Sphere","floor":30,"turns":6},{"damage":25,"enemies":"Champ","floor":33,"turns":11},{"damage":5,"enemies":"3 Shapes","floor":35,"turns":6},{"damage":17,"enemies":"Orb Walker","floor":36,"turns":3},{"damage":69,"enemies":"Giant Head","floor":40,"turns":6}],"seed_played":"-4624682959076871199","potions_obtained":[{"floor":1,"key":"SkillPotion"},{"floor":3,"key":"Weak Potion"},{"floor":4,"key":"Energy Potion"},{"floor":18,"key":"SpeedPotion"},{"floor":25,"key":"SkillPotion"},{"floor":33,"key":"EssenceOfSteel"},{"floor":36,"key":"Ancient Potion"}],"is_trial":false,"path_per_floor":["M","?","M","M","M","R","M","$","T","M","R","?","R","M","R","B",null,"M","$","?","$","?","R","M","M","T","M","$","M","M","$","R","B",null,"M","M","$","?","$"],"character_chosen":"DEFECT","items_purchased":["DataDisk","Self Repair","Sunder+1","Defragment"],"campfire_rested":1,"item_purchase_floors":[8,19,28,31],"current_hp_per_floor":[67,52,42,35,28,28,26,26,26,19,19,44,44,44,44,39,66,55,55,55,55,55,55,45,47,47,23,23,23,36,36,58,47,68,75,58,58,58,58,0],"gold":35,"neow_bonus":"REMOVE_CARD","is_prod":false,"is_daily":false,"chose_seed":false,"campfire_upgraded":5,"win_rate":0,"timestamp":1530338952,"path_taken":["M","?","M","M","M","R","M","$","T","M","R","?","R","?","R","BOSS","M","$","?","$","?","R","M","M","T","M","$","?","?","?","R","BOSS","M","?","$","?","?","E"],"build_version":"2018-06-28","purchased_purges":2,"victory":false,"max_hp_per_floor":[75,75,75,75,75,75,75,75,75,75,75,75,75,75,75,75,75,75,75,75,75,75,75,75,75,75,75,75,75,75,75,75,75,75,75,75,75,75,75,75],"card_choices":[{"not_picked":["Sweeping Beam","Lockon"],"picked":"Loop","floor":1},{"not_picked":["Steam Power","Streamline","Leap"],"picked":"SKIP","floor":3},{"not_picked":["Leap","Aggregate"],"picked":"Coolheaded","floor":4},{"not_picked":["Barrage","Heatsinks","Steam"],"picked":"SKIP","floor":5},{"not_picked":["Sunder","Auto Shields"],"picked":"Electrodynamics","floor":7},{"not_picked":["Sweeping Beam+1","Gash+1","Redo"],"picked":"SKIP","floor":10},{"not_picked":["Conserve Battery","Static Discharge"],"picked":"Beam Cell+1","floor":14},{"not_picked":["Lockon+1","Darkness+1"],"picked":"Hologram","floor":18},{"not_picked":["White Noise+1","Stack"],"picked":"Loop+1","floor":24},{"not_picked":["Doom and Gloom+1","Turbo","Barrage+1"],"picked":"SKIP","floor":25},{"not_picked":["Beam Cell+1","Capacitor+1"],"picked":"Self Repair","floor":27},{"not_picked":["Sweeping Beam+1","Stack+1","Barrage+1"],"picked":"SKIP","floor":29},{"not_picked":["Steam","Go for the Eyes+1","Compile Driver+1"],"picked":"SKIP","floor":30},{"not_picked":["Electrodynamics","Biased Cognition"],"picked":"Thunder Strike+1","floor":33},{"not_picked":["Rip and Tear+1","Turbo","Conserve Battery"],"picked":"SKIP","floor":35},{"not_picked":["Leap+1","Gash+1"],"picked":"Blizzard+1","floor":36},{"not_picked":["Secret Technique","Blind"],"picked":"Deep Breath","floor":38}],"player_experience":571546,"relics_obtained":[{"floor":9,"key":"Molten Egg 2"},{"floor":26,"key":"Lantern"}],"event_choices":[{"event_name":"Shining Light","player_choice":"Entered Light","floor":2,"damage_taken":0},{"event_name":"Big Fish","player_choice":"Banana","floor":12,"damage_taken":0},{"event_name":"Cursed Tome","player_choice":"Ignored","floor":20,"damage_taken":0},{"event_name":"Back to Basics","player_choice":"Elegance","floor":22,"damage_taken":0},{"event_name":"SensoryStone","player_choice":"Memory 1","floor":38,"damage_taken":0}],"boss_relics":[{"not_picked":["Philosopher\u0027s Stone","White Beast Statue"],"picked":"Inserter"},{"not_picked":["Nuclear Battery","Eternal Feather"],"picked":"Empty Cage"}],"items_purged_floors":[19,37],"is_endless":false,"potions_floor_spawned":[1,3,4,18,25,27,33,36],"killed_by":"Giant Head","ascension_level":6}