{"path_per_floor":["M","M","M","M","?","R","M","R","T","?","M","R","M","M","R","B",null,"M","$","?","M","M","R","?","M","T","?","M","?","R","E","R"],"character_chosen":"DEFECT","items_purchased":["Cables"],"gold_per_floor":[115,127,141,157,157,157,174,174,220,295,314,314,333,350,350,446,446,457,128,128,68,88,88,88,104,104,104,124,124,124,151,151,151],"floor_reached":33,"campfire_rested":2,"playtime":65321,"item_purchase_floors":[19],"current_hp_per_floor":[70,69,69,71,71,71,67,67,67,56,51,51,58,58,58,44,73,72,72,72,69,53,53,53,58,58,58,45,45,69,37,61,0],"items_purged":["Strike_B"],"gold":151,"score":324,"play_id":"250d26f4-a6b7-4c6f-98cf-d0d36e66c9ab","local_time":"20180610152202","is_prod":false,"is_daily":false,"chose_seed":false,"is_ascension_mode":true,"campfire_upgraded":5,"win_rate":0,"timestamp":1528669322,"campfire_choices":[{"data":"Zap","floor":6,"key":"SMITH"},{"data":"Defragment","floor":8,"key":"SMITH"},{"data":"Rainbow","floor":12,"key":"SMITH"},{"data":"Hologram","floor":15,"key":"SMITH"},{"data":"Glacier","floor":23,"key":"SMITH"},{"floor":30,"key":"REST"},{"floor":32,"key":"REST"}],"path_taken":["M","M","M","M","?","R","M","R","T","?","M","R","M","M","R","BOSS","M","$","?","M","M","R","?","?","T","?","M","?","R","E","R","BOSS"],"build_version":"2018-06-07v3","seed_source_timestamp":23717599698101,"purchased_purges":1,"victory":false,"master_deck":["Strike_B","Strike_B","Defend_B","Defend_B","Defend_B","Defend_B","Zap+1","Dualcast","Self Repair","Genetic Algorithm","Defragment+1","Madness","Glacier+1","Rainbow+1","Leap","Hologram+1","Fusion","FTL"],"max_hp_per_floor":[82,82,82,82,82,82,82,82,82,82,82,82,82,82,82,82,82,82,82,82,82,82,82,82,82,82,82,82,82,82,82,82,82],"relics":["Cracked Core","Bag of Preparation","Black Star","Cables","Oddly Smooth Stone","Meat on the Bone","Matryoshka"],"card_choices":[{"not_picked":["Go for the Eyes","Doom and Gloom","Static Discharge"],"picked":"SKIP","floor":1},{"not_picked":["Scrape","Rebound"],"picked":"Self Repair","floor":2},{"not_picked":["Reprogram","Gash"],"picked":"Genetic Algorithm","floor":3},{"not_picked":["Sweeping Beam","Hologram"],"picked":"Defragment","floor":4},{"not_picked":["Sweeping Beam","Coolheaded"],"picked":"Glacier","floor":7},{"not_picked":["Barrage","Compile Driver"],"picked":"Rainbow","floor":11},{"not_picked":["Melter","Darkness"],"picked":"Leap","floor":13},{"not_picked":["Chill","Conserve Battery"],"picked":"Hologram","floor":14},{"not_picked":["Sweeping Beam","Steam","Glacier"],"picked":"SKIP","floor":18},{"not_picked":["Rebound","Hologram","Reprogram+1"],"picked":"SKIP","floor":21},{"not_picked":["Redo","Coolheaded+1","Go for the Eyes+1"],"picked":"SKIP","floor":22},{"not_picked":["Steam+1","Gash+1"],"picked":"Fusion","floor":25},{"not_picked":["Static Discharge","Meteor Strike","Beam Cell"],"picked":"SKIP","floor":28},{"not_picked":["All For One","Coolheaded","Rip and Tear"],"picked":"SKIP","floor":31}],"player_experience":417013,"potions_floor_usage":[3,11,11,22,25,31],"damage_taken":[{"damage":12,"enemies":"Jaw Worm","floor":1,"turns":3},{"damage":1,"enemies":"Cultist","floor":2,"turns":3},{"damage":0,"enemies":"2 Louse","floor":3,"turns":2},{"damage":5,"enemies":"2 Fungi Beasts","floor":4,"turns":3},{"damage":11,"enemies":"3 Louse","floor":7,"turns":4},{"damage":12,"enemies":"Lots of Slimes","floor":11,"turns":4},{"damage":0,"enemies":"Large Slime","floor":13,"turns":4},{"damage":0,"enemies":"Exordium Wildlife","floor":14,"turns":5},{"damage":21,"enemies":"Hexaghost","floor":16,"turns":14},{"damage":8,"enemies":"3 Byrds","floor":18,"turns":6},{"damage":10,"enemies":"2 Thieves","floor":21,"turns":4},{"damage":23,"enemies":"3 Cultists","floor":22,"turns":7},{"damage":2,"enemies":"Centurion and Healer","floor":25,"turns":9},{"damage":20,"enemies":"Snake Plant","floor":28,"turns":4},{"damage":39,"enemies":"Slavers","floor":31,"turns":7},{"damage":84,"enemies":"Automaton","floor":33,"turns":12}],"relics_obtained":[{"floor":9,"key":"Bag of Preparation"},{"floor":26,"key":"Oddly Smooth Stone"},{"floor":31,"key":"Meat on the Bone"},{"floor":31,"key":"Matryoshka"}],"event_choices":[{"event_name":"Match and Keep!","player_choice":"1 cards matched","floor":5,"damage_taken":0},{"event_name":"World of Goop","player_choice":"Gather Gold","floor":10,"damage_taken":0},{"event_name":"Bonfire Elementals","player_choice":"BASIC","floor":20,"damage_taken":0},{"event_name":"Vampires","player_choice":"Ignored","floor":24,"damage_taken":0},{"event_name":"Match and Keep!","player_choice":"0 cards matched","floor":27,"damage_taken":0},{"event_name":"The Library","player_choice":"Read","floor":29,"damage_taken":0}],"boss_relics":[{"not_picked":["Philosopher\u0027s Stone","Astrolabe"],"picked":"Black Star"}],"items_purged_floors":[19],"potions_floor_spawned":[2,3,4,7,16,18,25],"seed_played":"8165815388211011960","killed_by":"Automaton","ascension_level":5,"potions_obtained":[{"floor":2,"key":"Fire Potion"},{"floor":3,"key":"GamblersBrew"},{"floor":4,"key":"FearPotion"},{"floor":7,"key":"Poison Potion"},{"floor":16,"key":"Swift Potion"},{"floor":18,"key":"Regen Potion"},{"floor":25,"key":"Poison Potion"}],"is_trial":false}