{"gold_per_floor":[114,129,146,165,179,179,205,205,282,295,327,45,63,14,14,115,115,131,131,144,144,161,194,194,224,236,276,27,41,76,90,90,187,187,199,215,229,229,245,278,206,206,230,261,261,296,313,313,313,313,313,313,21,48,48],"floor_reached":56,"playtime":4716,"items_purged":[],"score":1329,"play_id":"41a60d8b-6d64-4fb6-a62d-f916f2de8c14","local_time":"20190830192624","is_ascension_mode":true,"campfire_choices":[{"data":"Dualcast","floor":6.0,"key":"SMITH"},{"data":"Zap","floor":15.0,"key":"SMITH"},{"data":"Fusion","floor":24,"key":"SMITH"},{"floor":32,"key":"RECALL"},{"data":"Capacitor","floor":42,"key":"SMITH"},{"data":"Defragment","floor":45,"key":"SMITH"},{"floor":49,"key":"REST"},{"data":"Machine Learning","floor":52,"key":"SMITH"}],"neow_cost":"NONE","seed_source_timestamp":0,"circlet_count":0,"master_deck":["Strike_B","Strike_B","Strike_B","Defend_B","Defend_B","Defend_B","Defend_B","Zap+1","Dualcast+1","Sunder+1","Fusion+1","Ball Lightning","Cold Snap","Streamline+1","Chill","Static Discharge","Storm","Blind+1","Heatsinks","Heatsinks","Stack+1","Seek+1","Capacitor+1","Leap+1","Hologram+1","Conserve Battery+1","Tempest+1","Rainbow+1","Defragment+1","Hologram+1","Chill+1","Electrodynamics","Skim+1","Thunder Strike+1","BootSequence+1","Transmutation+1","Stack+1","BootSequence+1","Consume+1","Recycle+1","Machine Learning+1","Hologram+1"],"special_seed":0,"relics":["FrozenCore","Bird Faced Urn","Toxic Egg 2","Incense Burner","Nloth\u0027s Gift","Ancient Tea Set","MawBank","Bottled Lightning","Boot","Art of War","Bag of Preparation","Black Star","Bronze Scales","Lantern","Letter Opener","Sundial","Question Card","Pen Nib","Mummified Hand","Anchor","Calipers"],"potions_floor_usage":[20,25,30,30,33,35,40,47,55,55],"damage_taken":[{"damage":1.0,"enemies":"Cultist","floor":1.0,"turns":4.0},{"damage":0.0,"enemies":"2 Louse","floor":2.0,"turns":1.0},{"damage":1.0,"enemies":"Jaw Worm","floor":3.0,"turns":4.0},{"damage":6.0,"enemies":"3 Louse","floor":4.0,"turns":3.0},{"damage":5.0,"enemies":"Looter","floor":5.0,"turns":2.0},{"damage":24.0,"enemies":"Lagavulin","floor":7.0,"turns":6.0},{"damage":0.0,"enemies":"Lots of Slimes","floor":10.0,"turns":3.0},{"damage":4.0,"enemies":"3 Sentries","floor":11.0,"turns":6.0},{"damage":1.0,"enemies":"3 Louse","floor":13.0,"turns":4.0},{"damage":17.0,"enemies":"The Guardian","floor":16.0,"turns":9.0},{"damage":10,"enemies":"Spheric Guardian","floor":18,"turns":6},{"damage":6,"enemies":"3 Byrds","floor":20,"turns":5},{"damage":17,"enemies":"Centurion and Healer","floor":22,"turns":10},{"damage":13,"enemies":"Book of Stabbing","floor":23,"turns":7},{"damage":4,"enemies":"Gremlin Leader","floor":25,"turns":10},{"damage":3,"enemies":"Book of Stabbing","floor":27,"turns":8},{"damage":3,"enemies":"Chosen and Byrds","floor":29,"turns":4},{"damage":12,"enemies":"Slavers","floor":30,"turns":4},{"damage":0,"enemies":"Snake Plant","floor":31,"turns":5},{"damage":22,"enemies":"Champ","floor":33,"turns":9},{"damage":1,"enemies":"3 Darklings","floor":35,"turns":3},{"damage":4,"enemies":"Orb Walker","floor":36,"turns":4},{"damage":19,"enemies":"Jaw Worm Horde","floor":37,"turns":5},{"damage":6,"enemies":"3 Darklings","floor":39,"turns":5},{"damage":26,"enemies":"Nemesis","floor":40,"turns":11},{"damage":14,"enemies":"Reptomancer","floor":44,"turns":6},{"damage":48,"enemies":"Giant Head","floor":46,"turns":8},{"damage":0,"enemies":"Transient","floor":47,"turns":5},{"damage":15,"enemies":"Time Eater","floor":50,"turns":11},{"damage":10,"enemies":"Shield and Spear","floor":54,"turns":6},{"damage":80,"enemies":"The Heart","floor":55,"turns":8}],"seed_played":"-5044695573852719870","potions_obtained":[{"floor":1.0,"key":"Weak Potion"},{"floor":3.0,"key":"Fruit Juice"},{"floor":7.0,"key":"Strength Potion"},{"floor":13.0,"key":"SpeedPotion"},{"floor":22,"key":"Explosive Potion"},{"floor":25,"key":"PowerPotion"},{"floor":29,"key":"SteroidPotion"},{"floor":30,"key":"Poison Potion"},{"floor":31,"key":"FocusPotion"},{"floor":33,"key":"Energy Potion"},{"floor":37,"key":"AttackPotion"},{"floor":44,"key":"FairyPotion"},{"floor":46,"key":"Ancient Potion"},{"floor":47,"key":"Dexterity Potion"}],"is_trial":false,"path_per_floor":["M","M","M","M","M","R","E","?","T","M","E","$","M","$","R","B",null,"M","?","M","?","M","E","R","E","T","E","$","M","E","M","R","B",null,"M","M","M","?","M","E","$","R","T","E","R","E","M","?","R","B",null,"R","$","E","B",null],"character_chosen":"DEFECT","items_purchased":["Blind+1","Heatsinks","Whetstone","Stack+1","Art of War","Defragment","Hologram+1","Consume+1","Mummified Hand","PowerPotion"],"campfire_rested":1,"item_purchase_floors":[12,12,12,14,28,28,28,41,53,53],"current_hp_per_floor":[81,81,80,79,74,74,50,50,50,50,48,48,53,53,53,44,87,79,79,79,79,72,69,69,75,75,82,82,86,77,87,87,72,87,87,87,76,76,74,62,62,62,62,58,58,24,34,34,60,61,87,87,87,79,13],"gold":48,"neow_bonus":"TEN_PERCENT_HP_BONUS","is_prod":false,"is_daily":false,"chose_seed":false,"campfire_upgraded":6,"win_rate":0,"timestamp":1567218384,"path_taken":["M","M","M","M","?","R","E","?","T","M","E","?","?","$","R","BOSS","M","?","M","?","M","E","R","E","T","E","$","M","E","M","R","BOSS","M","?","M","?","M","E","$","R","T","E","R","E","M","?","R","BOSS","R","$","E","BOSS"],"build_version":"2019-08-26","purchased_purges":0,"victory":true,"max_hp_per_floor":[82,82,82,87,87,87,87,87,87,87,87,87,87,87,87,87,87,87,87,87,87,87,87,87,87,87,87,87,87,87,87,87,87,87,87,87,87,87,87,87,87,87,87,87,87,87,87,87,87,87,87,87,87,87,87],"card_choices":[{"not_picked":["Storm","Recycle"],"picked":"Sunder","floor":1.0},{"not_picked":["Steam","Rebound"],"picked":"Fusion","floor":2.0},{"not_picked":["Defragment","Steam"],"picked":"Ball Lightning","floor":3.0},{"not_picked":["Gash","Aggregate"],"picked":"Cold Snap","floor":4.0},{"not_picked":["Turbo","Barrage"],"picked":"Streamline","floor":5.0},{"not_picked":["Reprogram","Hyperbeam"],"picked":"Chill","floor":7.0},{"not_picked":["Blizzard","Rebound"],"picked":"Static Discharge","floor":10.0},{"not_picked":["Blizzard","Cold Snap"],"picked":"Storm","floor":11.0},{"not_picked":["Redo+1","Rebound"],"picked":"Heatsinks","floor":13.0},{"not_picked":["Buffer","Machine Learning"],"picked":"Seek+1","floor":16.0},{"not_picked":["Go for the Eyes","Steam Power+1"],"picked":"Capacitor","floor":18},{"not_picked":["Beam Cell","Steam Power+1"],"picked":"Leap+1","floor":20},{"not_picked":["Streamline","Recycle+1"],"picked":"Hologram+1","floor":22},{"not_picked":["FTL","Cold Snap"],"picked":"Conserve Battery+1","floor":23},{"not_picked":["Buffer","Auto Shields+1"],"picked":"Tempest+1","floor":25},{"not_picked":["Leap+1","Hyperbeam"],"picked":"Rainbow+1","floor":27},{"not_picked":["Stack+1","Compile Driver+1"],"picked":"Chill+1","floor":29},{"not_picked":["Steam Power+1","Capacitor"],"picked":"Electrodynamics","floor":30},{"not_picked":["Fusion+1","Gash+1"],"picked":"Skim+1","floor":31},{"not_picked":["Fission+1","Hyperbeam"],"picked":"Thunder Strike","floor":33},{"not_picked":["Conserve Battery+1","Steam Power+1","Gash"],"picked":"SKIP","floor":35},{"not_picked":["Redo+1","Streamline"],"picked":"BootSequence+1","floor":36},{"not_picked":["Doom and Gloom+1","Redo+1","Hologram+1"],"picked":"SKIP","floor":37},{"not_picked":["Panacea+1","Swift Strike"],"picked":"Transmutation+1","floor":38},{"not_picked":["Turbo+1","Compile Driver"],"picked":"Stack+1","floor":39},{"not_picked":["Reinforced Body+1","Auto Shields+1"],"picked":"BootSequence+1","floor":40},{"not_picked":["Leap+1","Double Energy+1"],"picked":"Recycle+1","floor":44},{"not_picked":["Compile Driver","Skim+1"],"picked":"Machine Learning","floor":46},{"not_picked":["Steam+1","Turbo+1","Redo+1"],"picked":"Hologram+1","floor":47},{"not_picked":["Cold Snap+1","Undo+1","Biased Cognition","Machine Learning"],"picked":"SKIP","floor":54}],"player_experience":1442080,"relics_obtained":[{"floor":7.0,"key":"Bird Faced Urn"},{"floor":9.0,"key":"Toxic Egg 2"},{"floor":11.0,"key":"Incense Burner"},{"floor":23,"key":"Ancient Tea Set"},{"floor":25,"key":"MawBank"},{"floor":26,"key":"Bottled Lightning"},{"floor":27,"key":"Boot"},{"floor":30,"key":"Bag of Preparation"},{"floor":40,"key":"Bronze Scales"},{"floor":40,"key":"Lantern"},{"floor":44,"key":"Letter Opener"},{"floor":44,"key":"Sundial"},{"floor":46,"key":"Question Card"},{"floor":46,"key":"Pen Nib"},{"floor":54,"key":"Anchor"},{"floor":54,"key":"Calipers"}],"event_choices":[{"cards_removed":["Strike_B"],"damage_healed":0.0,"max_hp_gain":0.0,"max_hp_loss":0.0,"gold_gain":0.0,"event_name":"Bonfire Elementals","player_choice":"Offered Basic","floor":8.0,"gold_loss":0.0,"damage_taken":0.0},{"damage_healed":0,"gold_gain":0,"player_choice":"Ignored","damage_taken":0,"max_hp_gain":0,"max_hp_loss":0,"event_name":"The Mausoleum","floor":19,"gold_loss":0},{"damage_healed":0,"gold_gain":0,"player_choice":"Traded Relic","damage_taken":0,"relics_obtained":["Nloth\u0027s Gift"],"max_hp_gain":0,"max_hp_loss":0,"event_name":"N\u0027loth","floor":21,"relics_lost":["Whetstone"],"gold_loss":0},{"damage_healed":0,"gold_gain":0,"player_choice":"Memory 1","damage_taken":0,"max_hp_gain":0,"max_hp_loss":0,"event_name":"SensoryStone","floor":38,"gold_loss":0},{"damage_healed":0,"gold_gain":0,"player_choice":"Upgraded","damage_taken":0,"max_hp_gain":0,"max_hp_loss":0,"event_name":"Upgrade Shrine","floor":48,"gold_loss":0,"cards_upgraded":["Thunder Strike"]}],"is_beta":true,"boss_relics":[{"not_picked":["White Beast Statue","Busted Crown"],"picked":"FrozenCore"},{"not_picked":["Eternal Feather","Orrery"],"picked":"Black Star"}],"items_purged_floors":[],"is_endless":false,"potions_floor_spawned":[1,3,7,13,22,25,29,30,31,33,37,44,46,47],"ascension_level":1}