{"gold_per_floor":[116,116,134,154,104,131,131,131,157,175,195,6,39,57,57,152,152,165,178,195,215,69,69],"floor_reached":23,"playtime":1495,"items_purged":[],"score":230,"play_id":"572e0303-c97d-4b2d-a8eb-cffab2679d02","local_time":"20191012110833","is_ascension_mode":false,"campfire_choices":[{"floor":7,"key":"REST"},{"floor":15,"key":"REST"}],"neow_cost":"NONE","seed_source_timestamp":292608603918800,"circlet_count":0,"master_deck":["Strike_B","Strike_B","Strike_B","Defend_B","Defend_B","Defend_B","Defend_B","Zap","Dualcast","Glacier","Heatsinks","Stack","Leap","Go for the Eyes","Compile Driver","All For One","Leap","Capacitor","Seek","Machine Learning","Go for the Eyes","Leap+1","Darkness","Leap+1","Doom and Gloom","Self Repair"],"relics":["Cracked Core","Regal Pillow","Bottled Lightning","Strawberry","Ancient Tea Set","Busted Crown"],"potions_floor_usage":[16],"damage_taken":[{"damage":0,"enemies":"Small Slimes","floor":1,"turns":3},{"damage":5,"enemies":"Jaw Worm","floor":3,"turns":4},{"damage":0,"enemies":"Cultist","floor":4,"turns":3},{"damage":43,"enemies":"Gremlin Nob","floor":6,"turns":6},{"damage":20,"enemies":"Exordium Wildlife","floor":10,"turns":9},{"damage":3,"enemies":"Large Slime","floor":11,"turns":8},{"damage":6,"enemies":"Lagavulin","floor":13,"turns":11},{"damage":10,"enemies":"3 Louse","floor":14,"turns":6},{"damage":54,"enemies":"Slime Boss","floor":16,"turns":18},{"damage":11,"enemies":"Chosen","floor":18,"turns":5},{"damage":23,"enemies":"3 Byrds","floor":19,"turns":8},{"damage":13,"enemies":"Shelled Parasite and Fungi","floor":20,"turns":10},{"damage":37,"enemies":"3 Cultists","floor":21,"turns":8},{"damage":8,"enemies":"Book of Stabbing","floor":23,"turns":5}],"seed_played":"3798417983607608673","potions_obtained":[{"floor":1,"key":"Poison Potion"},{"floor":4,"key":"SpeedPotion"},{"floor":10,"key":"Explosive Potion"},{"floor":11,"key":"AttackPotion"},{"floor":18,"key":"LiquidBronze"}],"is_trial":false,"path_per_floor":["M","?","M","M","?","E","R","?","T","M","M","$","E","M","R","B",null,"M","M","M","M","$","E"],"character_chosen":"DEFECT","items_purchased":["All For One","Leap","Doom and Gloom","Self Repair"],"campfire_rested":2,"item_purchase_floors":[12,12,22,22],"current_hp_per_floor":[82,75,70,70,70,27,66,66,73,53,50,50,44,34,75,21,89,78,55,42,5,5,0],"gold":69,"neow_bonus":"TEN_PERCENT_HP_BONUS","is_prod":false,"is_daily":false,"chose_seed":false,"campfire_upgraded":0,"win_rate":0.0,"timestamp":1570903713,"path_taken":["M","?","M","M","?","E","R","?","T","M","M","?","E","M","R","BOSS","M","?","M","M","$","E"],"build_version":"2019-07-17","purchased_purges":0,"victory":false,"max_hp_per_floor":[82,82,82,82,82,82,82,82,89,89,89,89,89,89,89,89,89,89,89,89,89,89,89],"card_choices":[{"not_picked":["Aggregate","Tempest"],"picked":"Glacier","floor":1},{"not_picked":["Darkness","Barrage"],"picked":"Heatsinks","floor":3},{"not_picked":["Redo","Hologram"],"picked":"Stack","floor":4},{"not_picked":["Compile Driver","Redo"],"picked":"Leap","floor":6},{"not_picked":["Steam","Redo"],"picked":"Go for the Eyes","floor":10},{"not_picked":["Steam","Leap"],"picked":"Compile Driver","floor":11},{"not_picked":["Hello World","Streamline"],"picked":"Capacitor","floor":13},{"not_picked":["Auto Shields","Go for the Eyes"],"picked":"Seek","floor":14},{"not_picked":["Reboot","All For One"],"picked":"Machine Learning","floor":16},{"not_picked":[],"picked":"Go for the Eyes","floor":18},{"not_picked":[],"picked":"Leap+1","floor":19},{"not_picked":[],"picked":"Darkness","floor":20},{"not_picked":[],"picked":"Leap+1","floor":21}],"player_experience":58660,"relics_obtained":[{"floor":6,"key":"Bottled Lightning"},{"floor":9,"key":"Strawberry"},{"floor":13,"key":"Ancient Tea Set"}],"event_choices":[{"damage_healed":0,"gold_gain":0,"player_choice":"Success","damage_taken":7,"relics_obtained":["Regal Pillow"],"max_hp_gain":0,"max_hp_loss":0,"event_name":"Scrap Ooze","floor":2,"gold_loss":0},{"cards_removed":["Strike_B"],"damage_healed":0,"gold_gain":0,"player_choice":"Card Removal","damage_taken":0,"max_hp_gain":0,"max_hp_loss":0,"event_name":"The Cleric","floor":5,"gold_loss":50},{"damage_healed":0,"gold_gain":0,"player_choice":"Ignored","damage_taken":0,"max_hp_gain":0,"max_hp_loss":0,"event_name":"Golden Wing","floor":8,"gold_loss":0}],"is_beta":false,"boss_relics":[{"not_picked":["Runic Dome","Eternal Feather"],"picked":"Busted Crown"}],"items_purged_floors":[],"is_endless":false,"potions_floor_spawned":[1,4,10,11,18],"killed_by":"Book of Stabbing","ascension_level":0}