{"gold_per_floor":[114,114,134,147,166,195,195,206,233,233,252,20,20,0,0,75,75,90,5,23,23,38,65,65,81,81,81,99,129,45,59,59,59],"floor_reached":33,"playtime":1955,"items_purged":[],"score":502,"play_id":"92b0b4a5-a369-4f05-9a95-b68e3e4851f3","local_time":"20190718210040","is_ascension_mode":true,"campfire_choices":[{"data":"Barricade","floor":7,"key":"SMITH"},{"data":"True Grit","floor":10,"key":"SMITH"},{"floor":15,"key":"REST"},{"data":"Perfected Strike","floor":24,"key":"SMITH"},{"floor":27,"key":"REST"},{"floor":32,"key":"REST"}],"neow_cost":"NONE","seed_source_timestamp":728117428109030,"circlet_count":0,"master_deck":["AscendersBane","Strike_R","Strike_R","Strike_R","Strike_R","Strike_R","Defend_R","Defend_R","Defend_R","Defend_R","Bash","Perfected Strike+1","Barricade+1","Demon Form","Battle Trance","Twin Strike","Iron Wave","True Grit+1","Perfected Strike","Limit Break","Enlightenment","Reaper","Infernal Blade","Iron Wave","Twin Strike","Sentinel","Sword Boomerang","Spot Weakness","Cleave","Perfected Strike"],"relics":["Velvet Choker","Pear","Centennial Puzzle","Mark of Pain","Strawberry","Omamori","Ornamental Fan","MawBank"],"potions_floor_usage":[5,8,8,20,22,29,31,31],"damage_taken":[{"damage":3,"enemies":"2 Louse","floor":1,"turns":3},{"damage":0,"enemies":"Cultist","floor":3,"turns":2},{"damage":12,"enemies":"Jaw Worm","floor":4,"turns":2},{"damage":2,"enemies":"Looter","floor":5,"turns":4},{"damage":5,"enemies":"Lagavulin","floor":6,"turns":7},{"damage":17,"enemies":"Exordium Wildlife","floor":8,"turns":4},{"damage":27,"enemies":"Exordium Thugs","floor":11,"turns":6},{"damage":14,"enemies":"The Guardian","floor":16,"turns":10},{"damage":7,"enemies":"Chosen","floor":18,"turns":4},{"damage":22,"enemies":"2 Thieves","floor":20,"turns":5},{"damage":21,"enemies":"Centurion and Healer","floor":22,"turns":5},{"damage":46,"enemies":"Gremlin Leader","floor":23,"turns":8},{"damage":8,"enemies":"Snecko","floor":25,"turns":4},{"damage":18,"enemies":"3 Cultists","floor":28,"turns":6},{"damage":59,"enemies":"Book of Stabbing","floor":29,"turns":6},{"damage":6,"enemies":"Shelled Parasite and Fungi","floor":31,"turns":3},{"damage":67,"enemies":"Collector","floor":33,"turns":5}],"seed_played":"-8358641618551934785","potions_obtained":[{"floor":3,"key":"Regen Potion"},{"floor":5,"key":"Dexterity Potion"},{"floor":6,"key":"Explosive Potion"},{"floor":8,"key":"Energy Potion"},{"floor":18,"key":"FearPotion"},{"floor":20,"key":"SneckoOil"},{"floor":23,"key":"AttackPotion"}],"is_trial":false,"path_per_floor":["M","?","M","M","M","E","R","M","T","R","M","$","$","?","R","B",null,"M","?","M","?","M","E","R","M","T","R","M","E","$","M","R","B"],"character_chosen":"IRONCLAD","items_purchased":["Limit Break","Enlightenment","Cleave","PowerPotion"],"campfire_rested":3,"item_purchase_floors":[12,12,30,30],"current_hp_per_floor":[69,69,69,57,64,69,69,52,52,52,25,25,25,25,52,38,77,70,77,61,93,84,50,50,55,55,84,76,21,21,15,44,0],"gold":59,"neow_bonus":"BOSS_RELIC","is_prod":false,"is_daily":false,"chose_seed":false,"campfire_upgraded":3,"win_rate":0,"timestamp":1563508840,"path_taken":["M","?","M","M","M","E","R","M","T","R","M","?","$","?","R","BOSS","M","?","M","?","M","E","R","M","T","R","M","E","?","M","R","BOSS"],"build_version":"2019-07-17","purchased_purges":0,"victory":false,"max_hp_per_floor":[80,80,80,80,80,90,90,90,90,90,90,90,90,90,90,90,90,90,97,97,97,97,97,97,97,97,97,97,97,97,97,97,97],"card_choices":[{"not_picked":["Headbutt","Wild Strike"],"picked":"Perfected Strike","floor":1},{"not_picked":["Second Wind","Pommel Strike"],"picked":"Demon Form","floor":3},{"not_picked":["Armaments","Flex"],"picked":"Battle Trance","floor":4},{"not_picked":["Armaments","Havoc"],"picked":"Twin Strike","floor":5},{"not_picked":["Rupture","Bloodletting"],"picked":"Iron Wave","floor":6},{"not_picked":["Wild Strike","Heavy Blade"],"picked":"True Grit","floor":8},{"not_picked":["Clothesline","Clash"],"picked":"Perfected Strike","floor":11},{"not_picked":["Offering","Juggernaut"],"picked":"Reaper","floor":16},{"not_picked":["Hemokinesis","Searing Blow","Rupture"],"picked":"SKIP","floor":18},{"not_picked":["Spot Weakness","Fire Breathing"],"picked":"Infernal Blade","floor":20},{"not_picked":["Searing Blow","Wild Strike"],"picked":"Iron Wave","floor":22},{"not_picked":["Flex","Body Slam"],"picked":"Twin Strike","floor":23},{"not_picked":["Clothesline","Spot Weakness"],"picked":"Sentinel","floor":25},{"not_picked":["Warcry","Entrench"],"picked":"Sword Boomerang","floor":28},{"not_picked":["Searing Blow","Carnage"],"picked":"Spot Weakness","floor":29},{"not_picked":["Thunderclap","Havoc"],"picked":"Perfected Strike","floor":31}],"player_experience":669846,"relics_obtained":[{"floor":6,"key":"Pear"},{"floor":9,"key":"Centennial Puzzle"},{"floor":23,"key":"Omamori"},{"floor":26,"key":"Ornamental Fan"},{"floor":29,"key":"MawBank"}],"event_choices":[{"damage_healed":0,"gold_gain":0,"player_choice":"1 cards matched","damage_taken":0,"max_hp_gain":0,"max_hp_loss":0,"event_name":"Match and Keep!","floor":2,"gold_loss":0,"cards_obtained":["Barricade"]},{"damage_healed":0,"gold_gain":0,"player_choice":"Left Gold","damage_taken":0,"max_hp_gain":0,"max_hp_loss":0,"event_name":"World of Goop","floor":14,"gold_loss":20},{"damage_healed":0,"gold_gain":0,"player_choice":"Obtained Relic","damage_taken":0,"relics_obtained":["Strawberry"],"max_hp_gain":0,"max_hp_loss":0,"event_name":"Addict","floor":19,"gold_loss":85},{"damage_healed":32,"gold_gain":0,"player_choice":"Heal","damage_taken":0,"max_hp_gain":0,"max_hp_loss":0,"event_name":"The Library","floor":21,"gold_loss":0}],"is_beta":false,"boss_relics":[{"not_picked":["Cursed Key","White Beast Statue"],"picked":"Mark of Pain"}],"items_purged_floors":[],"is_endless":false,"potions_floor_spawned":[3,5,6,8,18,20,23],"killed_by":"Collector","ascension_level":13}