{"gold_per_floor":[110,130,144,156,156,190,209,209],"floor_reached":8,"playtime":461,"items_purged":[],"score":63,"play_id":"c39a85cb-4742-4f67-a704-e0c54ab57d13","local_time":"20190803113233","is_ascension_mode":true,"campfire_choices":[],"neow_cost":"NONE","seed_source_timestamp":11382660399000,"circlet_count":0,"master_deck":["Strike_R","Strike_R","Strike_R","Strike_R","Strike_R","Defend_R","Defend_R","Defend_R","Defend_R","Bash","Perfected Strike","Warcry","Shrug It Off","Reaper","Flame Barrier+1","Ghostly Armor+1"],"relics":["Burning Blood","NeowsBlessing","Darkstone Periapt","Toxic Egg 2"],"potions_floor_usage":[6,6],"damage_taken":[{"damage":0,"enemies":"Cultist","floor":1,"turns":1},{"damage":0,"enemies":"2 Louse","floor":2,"turns":1},{"damage":0,"enemies":"Jaw Worm","floor":3,"turns":1},{"damage":9,"enemies":"Blue Slaver","floor":4,"turns":4},{"damage":43,"enemies":"Gremlin Nob","floor":6,"turns":5},{"damage":10,"enemies":"2 Fungi Beasts","floor":7,"turns":5},{"damage":36,"enemies":"Lagavulin","floor":8,"turns":8}],"seed_played":"2931006285627748086","potions_obtained":[{"floor":1,"key":"Energy Potion"},{"floor":2,"key":"GamblersBrew"},{"floor":3,"key":"GamblersBrew"}],"is_trial":false,"path_per_floor":["M","M","M","M","?","E","M","E"],"character_chosen":"IRONCLAD","items_purchased":[],"campfire_rested":0,"item_purchase_floors":[],"current_hp_per_floor":[80,80,80,77,52,15,19,0],"gold":209,"neow_bonus":"THREE_ENEMY_KILL","is_prod":false,"is_daily":false,"chose_seed":false,"campfire_upgraded":0,"win_rate":0,"timestamp":1564857153,"path_taken":["M","M","M","M","?","E","M","E"],"build_version":"2019-07-18","purchased_purges":0,"victory":false,"max_hp_per_floor":[80,80,80,80,80,80,80,80],"card_choices":[{"not_picked":["Power Through","Heavy Blade"],"picked":"Perfected Strike","floor":1},{"not_picked":["Body Slam","Armaments"],"picked":"Warcry","floor":2},{"not_picked":["Shockwave","Disarm"],"picked":"Shrug It Off","floor":3},{"not_picked":["Dropkick","Body Slam"],"picked":"Reaper","floor":4},{"not_picked":["Thunderclap","Reckless Charge"],"picked":"Flame Barrier","floor":6},{"not_picked":["Headbutt","Dropkick"],"picked":"Ghostly Armor+1","floor":7}],"player_experience":1364863,"relics_obtained":[{"floor":6,"key":"Toxic Egg 2"}],"event_choices":[{"damage_healed":0,"gold_gain":0,"player_choice":"Success","damage_taken":25,"relics_obtained":["Darkstone Periapt"],"max_hp_gain":0,"max_hp_loss":0,"event_name":"Scrap Ooze","floor":5,"gold_loss":0}],"is_beta":true,"boss_relics":[],"items_purged_floors":[],"is_endless":false,"potions_floor_spawned":[1,2,3],"killed_by":"Lagavulin","ascension_level":1}