{"gold_per_floor":[119,14,14,33,47,73,73,86,113,126,126,138,168,185,185,289,339,358,358],"floor_reached":19,"playtime":1373,"items_purged":[],"score":181,"play_id":"ab0d04c8-51b2-4216-b2b9-6d5868ef753b","local_time":"20191006133243","is_ascension_mode":false,"campfire_choices":[{"floor":7,"key":"REST"},{"floor":11,"key":"REST"},{"floor":15,"key":"REST"}],"neow_cost":"TEN_PERCENT_HP_LOSS","seed_source_timestamp":87459511690000,"circlet_count":0,"master_deck":["Strike_R","Strike_R","Strike_R","Strike_R","Strike_R","Defend_R","Defend_R","Defend_R","Defend_R","Bash","Thunderclap","Cleave","Shrug It Off","Armaments","Pommel Strike","Dual Wield","Flex","Metallicize","Dropkick+1","Dark Embrace","Headbutt","Feed","Anger","Hemokinesis"],"relics":["Burning Blood","WingedGreaves","Juzu Bracelet","PreservedInsect","Bronze Scales","Tiny House"],"potions_floor_usage":[12,16,16,16],"damage_taken":[{"damage":8,"enemies":"Jaw Worm","floor":1,"turns":5},{"damage":0,"enemies":"Small Slimes","floor":4,"turns":4},{"damage":2,"enemies":"2 Louse","floor":5,"turns":4},{"damage":60,"enemies":"Lagavulin","floor":6,"turns":10},{"damage":0,"enemies":"Large Slime","floor":8,"turns":6},{"damage":12,"enemies":"3 Louse","floor":10,"turns":4},{"damage":6,"enemies":"Exordium Thugs","floor":12,"turns":4},{"damage":26,"enemies":"3 Sentries","floor":13,"turns":5},{"damage":13,"enemies":"Red Slaver","floor":14,"turns":4},{"damage":33,"enemies":"Hexaghost","floor":16,"turns":10},{"damage":38,"enemies":"Shell Parasite","floor":18,"turns":9},{"damage":52,"enemies":"Masked Bandits","floor":19,"turns":4}],"seed_played":"-4183026988130822844","potions_obtained":[{"floor":1,"key":"Explosive Potion"},{"floor":5,"key":"SkillPotion"},{"floor":8,"key":"Weak Potion"},{"floor":12,"key":"Block Potion"},{"floor":14,"key":"PowerPotion"},{"floor":17,"key":"Block Potion"},{"floor":18,"key":"SteroidPotion"}],"is_trial":false,"path_per_floor":["M","$","?","M","M","E","R","M","T","M","R","M","E","M","R","B",null,"M","?"],"character_chosen":"IRONCLAD","items_purchased":["Cleave","Shrug It Off"],"campfire_rested":3,"item_purchase_floors":[2,2],"current_hp_per_floor":[70,70,75,77,77,23,46,52,52,46,69,69,49,42,65,38,82,50,0],"gold":358,"neow_bonus":"ONE_RARE_RELIC","is_prod":false,"is_daily":false,"chose_seed":false,"campfire_upgraded":0,"win_rate":0.0,"timestamp":1570393963,"path_taken":["M","$","?","M","M","E","R","M","T","M","R","M","E","M","R","BOSS","M","?"],"build_version":"2019-07-17","purchased_purges":0,"victory":false,"max_hp_per_floor":[72,72,77,77,77,77,77,77,77,77,77,77,77,77,77,77,82,82,82],"card_choices":[{"not_picked":["Corruption","Shrug It Off"],"picked":"Thunderclap","floor":1},{"not_picked":["Searing Blow","Flame Barrier"],"picked":"Armaments","floor":4},{"not_picked":["Sword Boomerang","Thunderclap"],"picked":"Pommel Strike","floor":5},{"not_picked":["Bloodletting","Armaments"],"picked":"Dual Wield","floor":6},{"not_picked":["Warcry","Infernal Blade"],"picked":"Flex","floor":8},{"not_picked":["Armaments","Thunderclap"],"picked":"Metallicize","floor":10},{"not_picked":["Body Slam","Shrug It Off"],"picked":"Dropkick","floor":12},{"not_picked":["Feed","Rage"],"picked":"Dark Embrace","floor":13},{"not_picked":["Shrug It Off","Twin Strike"],"picked":"Headbutt","floor":14},{"not_picked":["Offering","Berserk"],"picked":"Feed","floor":16},{"not_picked":["Thunderclap","Shrug It Off"],"picked":"Anger","floor":17},{"not_picked":["Shrug It Off","Anger"],"picked":"Hemokinesis","floor":18}],"player_experience":1064,"relics_obtained":[{"floor":6,"key":"Juzu Bracelet"},{"floor":9,"key":"PreservedInsect"},{"floor":13,"key":"Bronze Scales"}],"event_choices":[{"damage_healed":0,"gold_gain":0,"player_choice":"Donut","damage_taken":0,"max_hp_gain":5,"max_hp_loss":0,"event_name":"Big Fish","floor":3,"gold_loss":0},{"damage_healed":0,"gold_gain":0,"player_choice":"Fought Bandits","damage_taken":0,"max_hp_gain":0,"max_hp_loss":0,"event_name":"Masked Bandits","floor":19,"gold_loss":0}],"is_beta":false,"boss_relics":[{"not_picked":["Philosopher\u0027s Stone","Cursed Key"],"picked":"Tiny House"}],"items_purged_floors":[],"is_endless":false,"potions_floor_spawned":[1,5,8,12,14,18],"killed_by":"Masked Bandits","ascension_level":0}