{"gold_per_floor":[112,132,147,162,162,194,209,209,259,294,351,79,105,105],"floor_reached":14,"playtime":380,"items_purged":["Strike_R"],"score":175,"play_id":"cf425550-b157-4b9c-b9bf-2b0b260e525c","local_time":"20190825223130","is_ascension_mode":true,"campfire_choices":[{"floor":8,"key":"REST"}],"neow_cost":"NONE","seed_source_timestamp":1023438253310117,"circlet_count":0,"master_deck":["AscendersBane","Strike_R","Strike_R","Strike_R","Strike_R","Defend_R","Defend_R","Defend_R","Defend_R","Bash","Heavy Blade","Combust","Heavy Blade","Cleave","Feed","Battle Trance","Heavy Blade","Spot Weakness","Metallicize","Shrug It Off"],"relics":["Burning Blood","NeowsBlessing","Shuriken","Blood Vial","The Courier","Bronze Scales","Ancient Tea Set","Odd Mushroom"],"potions_floor_usage":[6,6,10],"damage_taken":[{"damage":0,"enemies":"2 Louse","floor":1,"turns":1},{"damage":0,"enemies":"Small Slimes","floor":2,"turns":1},{"damage":0,"enemies":"Jaw Worm","floor":3,"turns":1},{"damage":3,"enemies":"2 Fungi Beasts","floor":4,"turns":3},{"damage":34,"enemies":"Lagavulin","floor":6,"turns":5},{"damage":12,"enemies":"Blue Slaver","floor":7,"turns":5},{"damage":22,"enemies":"Gremlin Nob","floor":10,"turns":4},{"damage":24,"enemies":"Gremlin Nob","floor":11,"turns":4},{"damage":33,"enemies":"The Mushroom Lair","floor":13,"turns":4},{"damage":18,"enemies":"Gremlin Gang","floor":14,"turns":1}],"seed_played":"2035299434241037657","potions_obtained":[{"floor":2,"key":"SteroidPotion"},{"floor":3,"key":"Energy Potion"},{"floor":7,"key":"EssenceOfSteel"},{"floor":13,"key":"EntropicBrew"}],"is_trial":false,"path_per_floor":["M","M","M","M","?","E","M","R","T","E","?","$","?","M"],"character_chosen":"IRONCLAD","items_purchased":["Spot Weakness","Metallicize","Ancient Tea Set"],"campfire_rested":1,"item_purchase_floors":[12,12,12],"current_hp_per_floor":[74,75,75,75,75,47,41,63,63,52,36,36,14,0],"gold":105,"neow_bonus":"THREE_ENEMY_KILL","is_prod":false,"is_daily":false,"chose_seed":false,"campfire_upgraded":0,"win_rate":0,"timestamp":1566797490,"path_taken":["M","M","M","M","?","E","M","R","T","E","?","?","?","?"],"build_version":"2019-07-17","purchased_purges":1,"victory":false,"max_hp_per_floor":[75,75,75,75,75,75,75,75,75,78,78,78,81,81],"card_choices":[{"not_picked":["Uppercut","Intimidate"],"picked":"Heavy Blade","floor":1},{"not_picked":["Warcry","True Grit"],"picked":"Combust","floor":2},{"not_picked":["Carnage","Warcry"],"picked":"Heavy Blade","floor":3},{"not_picked":["Thunderclap","Iron Wave"],"picked":"Cleave","floor":4},{"not_picked":["Anger","Reckless Charge"],"picked":"Feed","floor":6},{"not_picked":["Twin Strike","Anger"],"picked":"Battle Trance","floor":7},{"not_picked":["Anger","Bloodletting"],"picked":"Heavy Blade","floor":10},{"not_picked":["Pommel Strike","Armaments"],"picked":"Shrug It Off","floor":13}],"player_experience":740502,"relics_obtained":[{"floor":6,"key":"Shuriken"},{"floor":9,"key":"Blood Vial"},{"floor":10,"key":"The Courier"},{"floor":11,"key":"Bronze Scales"},{"floor":13,"key":"Odd Mushroom"}],"event_choices":[{"damage_healed":0,"gold_gain":0,"player_choice":"Fled","damage_taken":0,"max_hp_gain":0,"max_hp_loss":0,"event_name":"Scrap Ooze","floor":5,"gold_loss":0},{"damage_healed":0,"gold_gain":0,"player_choice":"Searched \u00271\u0027 times","damage_taken":0,"max_hp_gain":0,"max_hp_loss":0,"event_name":"Dead Adventurer","floor":11,"gold_loss":0},{"damage_healed":0,"gold_gain":0,"player_choice":"Fought Mushrooms","damage_taken":0,"max_hp_gain":0,"max_hp_loss":0,"event_name":"Mushrooms","floor":13,"gold_loss":0}],"is_beta":false,"boss_relics":[],"items_purged_floors":[12],"is_endless":false,"potions_floor_spawned":[2,3,4,7,13],"killed_by":"Gremlin Gang","ascension_level":15}