{"gold_per_floor":[119,137,152,162,6,6,6,21,21,46,46,64,64,27,27,131,131,142,161,175,175,15,45,56,56],"floor_reached":25,"playtime":6170,"items_purged":[],"score":225,"play_id":"5df0f47a-6b65-4949-97ee-a199f22b20be","local_time":"20191012195417","is_ascension_mode":false,"campfire_choices":[{"data":"Hello World","floor":6,"key":"SMITH"},{"floor":13,"key":"REST"},{"floor":15,"key":"REST"}],"neow_cost":"NONE","seed_source_timestamp":319486089532100,"circlet_count":0,"master_deck":["Strike_B","Strike_B","Strike_B","Defend_B","Defend_B","Defend_B","Defend_B","Zap","Dualcast","Impatience","Rebound","Streamline","Skim","Coolheaded","Hello World+1","Cold Snap","Rip and Tear","Leap","Steam","Biased Cognition","Redo","Sunder","Electrodynamics","Conserve Battery+1","Scrape","Gash+1","Jack Of All Trades","Capacitor","Lockon","Turbo","Machine Learning","Static Discharge"],"relics":["Cracked Core","StoneCalendar","Girya","Nuclear Battery","Calipers"],"potions_floor_usage":[],"damage_taken":[{"damage":1,"enemies":"Cultist","floor":1,"turns":3},{"damage":5,"enemies":"Small Slimes","floor":2,"turns":3},{"damage":1,"enemies":"Jaw Worm","floor":3,"turns":3},{"damage":9,"enemies":"Blue Slaver","floor":4,"turns":3},{"damage":10,"enemies":"Gremlin Gang","floor":8,"turns":5},{"damage":36,"enemies":"Lagavulin","floor":10,"turns":4},{"damage":3,"enemies":"3 Louse","floor":12,"turns":3},{"damage":28,"enemies":"The Guardian","floor":16,"turns":12},{"damage":7,"enemies":"Shell Parasite","floor":18,"turns":6},{"damage":1,"enemies":"Chosen","floor":19,"turns":4},{"damage":0,"enemies":"Snecko","floor":20,"turns":5},{"damage":16,"enemies":"Book of Stabbing","floor":23,"turns":6},{"damage":4,"enemies":"Centurion and Healer","floor":24,"turns":7},{"damage":35,"enemies":"Slavers","floor":25,"turns":2}],"seed_played":"-907824754810271591","potions_obtained":[{"floor":3,"key":"FearPotion"},{"floor":10,"key":"Swift Potion"},{"floor":12,"key":"Poison Potion"}],"is_trial":false,"path_per_floor":["M","M","M","M","$","R","?","M","T","E","?","M","R","$","R","B",null,"M","M","M","?","$","E","M","E"],"character_chosen":"DEFECT","items_purchased":["Hello World","Cold Snap","Rip and Tear","Sunder","Capacitor","Lockon","Turbo"],"campfire_rested":2,"item_purchase_floors":[5,5,5,14,22,22,22],"current_hp_per_floor":[74,69,68,59,59,59,59,49,49,13,13,10,32,32,54,26,75,68,67,67,53,53,37,33,0],"gold":56,"neow_bonus":"RANDOM_COLORLESS","is_prod":false,"is_daily":false,"chose_seed":false,"campfire_upgraded":1,"win_rate":0.0,"timestamp":1570935257,"path_taken":["M","M","M","M","?","R","?","M","T","E","?","M","R","?","R","BOSS","M","M","?","?","?","E","M","E"],"build_version":"2019-07-17","purchased_purges":0,"victory":false,"max_hp_per_floor":[75,75,75,75,75,75,75,75,75,75,75,75,75,75,75,75,75,75,75,75,75,75,75,75,75],"card_choices":[{"not_picked":["Turbo","Coolheaded"],"picked":"Rebound","floor":1},{"not_picked":["Stack","Steam"],"picked":"Streamline","floor":2},{"not_picked":["Steam","Streamline"],"picked":"Skim","floor":3},{"not_picked":["Scrape","Chill"],"picked":"Coolheaded","floor":4},{"not_picked":["Storm","Barrage"],"picked":"Leap","floor":8},{"not_picked":["Consume","Gash"],"picked":"Steam","floor":10},{"not_picked":["Barrage","Chill"],"picked":"Redo","floor":12},{"not_picked":["Seek","Echo Form"],"picked":"Electrodynamics","floor":16},{"not_picked":["Genetic Algorithm","Hologram"],"picked":"Conserve Battery+1","floor":18},{"not_picked":["Skim","Steam"],"picked":"Scrape","floor":19},{"not_picked":["Hologram","Redo"],"picked":"Gash+1","floor":20},{"not_picked":["Biased Cognition","Heatsinks"],"picked":"Machine Learning","floor":23},{"not_picked":["Coolheaded","Sweeping Beam"],"picked":"Static Discharge","floor":24}],"player_experience":63164,"relics_obtained":[{"floor":9,"key":"StoneCalendar"},{"floor":10,"key":"Girya"},{"floor":23,"key":"Calipers"}],"event_choices":[{"damage_healed":0,"gold_gain":0,"player_choice":"Ignored","damage_taken":0,"max_hp_gain":0,"max_hp_loss":0,"event_name":"Golden Idol","floor":7,"gold_loss":0},{"damage_healed":0,"gold_gain":0,"cards_transformed":["Strike_B"],"player_choice":"Change","damage_taken":0,"max_hp_gain":0,"max_hp_loss":0,"event_name":"Living Wall","floor":11,"gold_loss":0,"cards_obtained":["Biased Cognition"]},{"damage_healed":0,"gold_gain":0,"player_choice":"CARD ","damage_taken":14,"max_hp_gain":0,"max_hp_loss":0,"event_name":"Knowing Skull","floor":21,"potions_obtained":[],"gold_loss":0,"cards_obtained":["Jack Of All Trades"]}],"is_beta":false,"boss_relics":[{"not_picked":["Lizard Tail","Eternal Feather"],"picked":"Nuclear Battery"}],"items_purged_floors":[],"is_endless":false,"potions_floor_spawned":[3,10,12,19,24],"killed_by":"Slavers","ascension_level":0}