{"gold_per_floor":[113,38,50,50,60,60,60,78,105,105,123,142,173,187,187,288,288,298,309,84,134,148,148,34,47,47,47,61,61,61,61,61,61],"floor_reached":33,"playtime":2039,"items_purged":["Dualcast"],"score":324,"play_id":"4b9f8869-06eb-4d87-a205-b88945357c12","local_time":"20180630004804","is_ascension_mode":true,"campfire_choices":[{"data":"Glacier","floor":6,"key":"SMITH"},{"data":"Skim","floor":10,"key":"SMITH"},{"floor":15,"key":"REST"},{"data":"Defragment","floor":23,"key":"SMITH"},{"data":"Hologram","floor":27,"key":"SMITH"},{"data":"Capacitor","floor":32,"key":"SMITH"}],"neow_cost":"NONE","seed_source_timestamp":25405347706073,"circlet_count":0,"master_deck":["Strike_B+1","Strike_B+1","Strike_B+1","Strike_B+1","Defend_B+1","Defend_B+1","Defend_B+1","Defend_B+1","Zap+1","Glacier+1","Skim+1","Genetic Algorithm","FTL","Electrodynamics","Defragment+1","Capacitor+1","Hologram+1"],"relics":["Cracked Core","Ancient Tea Set","Happy Flower","Nuclear Battery","Vajra","The Courier"],"potions_floor_usage":[16],"damage_taken":[{"damage":2,"enemies":"Jaw Worm","floor":1,"turns":3},{"damage":0,"enemies":"Cultist","floor":3,"turns":4},{"damage":0,"enemies":"Small Slimes","floor":5,"turns":3},{"damage":0,"enemies":"Red Slaver","floor":8,"turns":3},{"damage":2,"enemies":"Looter","floor":11,"turns":3},{"damage":0,"enemies":"2 Fungi Beasts","floor":12,"turns":4},{"damage":7,"enemies":"3 Sentries","floor":13,"turns":9},{"damage":0,"enemies":"Blue Slaver","floor":14,"turns":3},{"damage":33,"enemies":"Slime Boss","floor":16,"turns":12},{"damage":2,"enemies":"2 Thieves","floor":18,"turns":4},{"damage":3,"enemies":"Shell Parasite","floor":19,"turns":8},{"damage":0,"enemies":"Cultist and Chosen","floor":22,"turns":7},{"damage":0,"enemies":"Centurion and Healer","floor":25,"turns":6},{"damage":4,"enemies":"Snake Plant","floor":28,"turns":5},{"damage":73,"enemies":"Champ","floor":33,"turns":10}],"seed_played":"-501835176430298366","potions_obtained":[{"floor":5,"key":"Swift Potion"},{"floor":8,"key":"Poison Potion"},{"floor":11,"key":"Dexterity Potion"},{"floor":16,"key":"Explosive Potion"},{"floor":22,"key":"Fire Potion"}],"is_trial":false,"path_per_floor":["M","$","M","?","M","R","?","M","T","R","M","M","E","M","R","B",null,"M","M","$","?","M","R","$","M","T","R","M","?","?","?","R"],"character_chosen":"DEFECT","items_purchased":["Defragment","Vajra","Capacitor","Hologram"],"campfire_rested":1,"item_purchase_floors":[20,20,24,24],"current_hp_per_floor":[66,66,66,66,66,66,51,51,51,51,49,49,42,42,64,31,64,62,59,59,59,59,59,59,59,59,59,55,48,48,48,48,0],"gold":61,"neow_bonus":"UPGRADE_CARD","is_prod":false,"is_daily":false,"chose_seed":false,"campfire_upgraded":5,"win_rate":0,"timestamp":1530344884,"path_taken":["M","$","M","?","?","R","?","M","T","R","M","M","E","M","R","BOSS","M","M","$","?","M","R","$","M","T","R","M","?","?","?","R","BOSS"],"build_version":"2018-06-28","purchased_purges":1,"victory":false,"max_hp_per_floor":[75,75,75,75,75,75,75,75,75,75,75,75,75,75,75,75,75,75,75,75,75,75,75,75,75,75,75,75,75,75,75,75,75],"card_choices":[{"not_picked":["Hologram","Leap"],"picked":"Glacier","floor":1},{"not_picked":["Beam Cell","Barrage","Chaos"],"picked":"SKIP","floor":3},{"not_picked":["Go for the Eyes","Beam Cell","Sweeping Beam"],"picked":"SKIP","floor":5},{"not_picked":["Turbo","Rip and Tear"],"picked":"Skim","floor":8},{"not_picked":["Aggregate","Multi-Cast"],"picked":"Genetic Algorithm","floor":11},{"not_picked":["Fusion","Aggregate","Conserve Battery"],"picked":"SKIP","floor":12},{"not_picked":["Redo","Rip and Tear"],"picked":"FTL","floor":13},{"not_picked":["Scrape","Redo","Sweeping Beam"],"picked":"SKIP","floor":14},{"not_picked":["Biased Cognition","Creative AI"],"picked":"Electrodynamics","floor":16},{"not_picked":["Tempest","Leap","Steam Power"],"picked":"SKIP","floor":18},{"not_picked":["Hello World+1","Barrage","Redo+1"],"picked":"SKIP","floor":19},{"not_picked":["Rip and Tear","Compile Driver+1","Undo+1"],"picked":"SKIP","floor":22},{"not_picked":["Ball Lightning+1","Redo","Undo"],"picked":"SKIP","floor":25},{"not_picked":["Aggregate","Beam Cell","Ball Lightning"],"picked":"SKIP","floor":28}],"player_experience":577490,"relics_obtained":[{"floor":9,"key":"Ancient Tea Set"},{"floor":13,"key":"Happy Flower"},{"floor":26,"key":"The Courier"}],"event_choices":[{"event_name":"The Woman in Blue","player_choice":"Bought 0 Potions","floor":4,"damage_taken":0},{"event_name":"Shining Light","player_choice":"Entered Light","floor":7,"damage_taken":0},{"event_name":"The Joust","player_choice":"Bet on Murderer","floor":21,"damage_taken":0},{"event_name":"Wheel of Change","player_choice":"Damage","floor":29,"damage_taken":0},{"event_name":"Addict","player_choice":"Ignored","floor":30,"damage_taken":0},{"event_name":"Back to Basics","player_choice":"Simplicity","floor":31,"damage_taken":0}],"boss_relics":[{"not_picked":["Philosopher\u0027s Stone","Calling Bell"],"picked":"Nuclear Battery"}],"items_purged_floors":[2],"is_endless":false,"potions_floor_spawned":[5,8,11,16,18,22],"killed_by":"Champ","ascension_level":6}