{"gold_per_floor":[117,117,136,2,16,16,46,46,46,46,64,29,29,54,54,128,128,138,138,50,50,50,50,84,84,84,84,103,103,118,65,65,137,137,149,149,149,149,149,149,149,149,149,168,168,187,17,17,17,17],"floor_reached":50,"playtime":8743,"items_purged":[],"score":922,"play_id":"80f0eb9a-ee48-4f37-b50c-3569b45afadc","local_time":"20190724190859","is_ascension_mode":true,"campfire_choices":[{"data":"Hologram","floor":6.0,"key":"SMITH"},{"data":"Defragment","floor":8.0,"key":"SMITH"},{"data":"Coolheaded","floor":10.0,"key":"SMITH"},{"data":"Turbo","floor":15.0,"key":"SMITH"},{"data":"Loop","floor":23.0,"key":"SMITH"},{"floor":25.0,"key":"REST"},{"floor":27.0,"key":"REST"},{"data":"Capacitor","floor":29.0,"key":"SMITH"},{"floor":32.0,"key":"REST"},{"floor":40.0,"key":"REST"},{"floor":42.0,"key":"REST"},{"floor":45,"key":"REST"},{"floor":49,"key":"REST"}],"neow_cost":"NONE","seed_source_timestamp":0,"circlet_count":0,"master_deck":["AscendersBane","Strike_B+1","Strike_B+1","Strike_B+1","Strike_B+1","Defend_B+1","Defend_B+1","Defend_B+1","Defend_B+1","Zap+1","Rebound+1","Coolheaded+1","Defragment+1","Conserve Battery","Hologram+1","Multi-Cast","Sweeping Beam","Turbo+1","Electrodynamics","Force Field","Loop+1","Capacitor+1","Cold Snap","Fusion","Leap","Echo Form","Glacier","Madness","Madness","Forethought","Defragment","Stack","Defragment","Amplify","Conserve Battery"],"special_seed":0,"relics":["Cracked Core","NeowsBlessing","Ice Cream","WingedGreaves","Whetstone","Inserter","Torii","Dodecahedron","Lizard Tail","Kunai","Dream Catcher"],"potions_floor_usage":[44],"damage_taken":[{"damage":0.0,"enemies":"Jaw Worm","floor":1.0,"turns":1.0},{"damage":0.0,"enemies":"Small Slimes","floor":3.0,"turns":1.0},{"damage":0.0,"enemies":"2 Louse","floor":5.0,"turns":1.0},{"damage":8.0,"enemies":"Gremlin Nob","floor":7.0,"turns":3.0},{"damage":0.0,"enemies":"2 Fungi Beasts","floor":11.0,"turns":2.0},{"damage":10.0,"enemies":"Lagavulin","floor":14.0,"turns":5.0},{"damage":31.0,"enemies":"The Guardian","floor":16.0,"turns":10.0},{"damage":1.0,"enemies":"Chosen","floor":18.0,"turns":5.0},{"damage":42.0,"enemies":"Slavers","floor":24.0,"turns":4.0},{"damage":3.0,"enemies":"Spheric Guardian","floor":28.0,"turns":6.0},{"damage":34.0,"enemies":"Cultist and Chosen","floor":30.0,"turns":6.0},{"damage":21.0,"enemies":"Champ","floor":33.0,"turns":18.0},{"damage":35.0,"enemies":"3 Darklings","floor":35.0,"turns":3.0},{"damage":54,"enemies":"Orb Walker","floor":44,"turns":7},{"damage":39,"enemies":"Spire Growth","floor":46,"turns":5},{"damage":38,"enemies":"Time Eater","floor":50,"turns":3}],"seed_played":"-7765583475172969491","potions_obtained":[{"floor":1.0,"key":"Explosive Potion"},{"floor":5.0,"key":"AttackPotion"},{"floor":16.0,"key":"EssenceOfSteel"},{"floor":30.0,"key":"GamblersBrew"},{"floor":35.0,"key":"FearPotion"}],"is_trial":false,"path_per_floor":["M","?","M","$","M","R","E","R","T","R","M","?","?","E","R","B",null,"M","?","$","?","?","R","E","R","T","R","M","R","M","$","R","B",null,"M","?","?","?","?","R","?","R","T","M","R","M","$","T","R","B"],"character_chosen":"DEFECT","items_purchased":["Defragment","Conserve Battery","Loop","Leap","Defragment","Amplify"],"campfire_rested":7,"item_purchase_floors":[4,4,20,31,47,47],"current_hp_per_floor":[64,64,64,64,64,64,56,56,56,56,56,71,50,40,40,9,56,55,55,55,55,55,55,13,34,34,55,52,52,18,18,39,18,58,23,10,10,10,10,31,31,52,52,35,56,17,17,17,38,0],"gold":17,"neow_bonus":"THREE_ENEMY_KILL","is_prod":false,"is_daily":false,"chose_seed":false,"campfire_upgraded":6,"win_rate":0,"timestamp":1564020539,"path_taken":["M","?","M","$","M","R","E","R","T","R","M","?","?","E","R","BOSS","M","?","$","?","?","R","E","R","T","R","M","R","M","$","R","BOSS","M","?","?","?","?","R","?","R","T","M","R","M","$","?","R","BOSS"],"build_version":"2019-07-17","purchased_purges":0,"victory":false,"max_hp_per_floor":[71,71,71,71,71,71,71,71,71,71,71,71,71,71,71,71,71,71,71,71,71,71,71,71,71,71,71,71,71,71,71,71,71,71,71,71,71,71,71,71,71,71,71,71,71,71,71,71,71,71],"card_choices":[{"not_picked":["Double Energy","Leap"],"picked":"Rebound","floor":1.0},{"not_picked":["Rebound","Chill"],"picked":"Coolheaded","floor":3.0},{"not_picked":["Reinforced Body","Ball Lightning"],"picked":"Hologram","floor":5.0},{"not_picked":["Barrage","Rebound"],"picked":"Multi-Cast","floor":7.0},{"not_picked":["Ball Lightning","FTL"],"picked":"Sweeping Beam","floor":11.0},{"not_picked":["Barrage","Coolheaded"],"picked":"Turbo","floor":14.0},{"not_picked":["All For One","Amplify"],"picked":"Electrodynamics","floor":16.0},{"not_picked":["Steam","Compile Driver"],"picked":"Force Field","floor":18.0},{"not_picked":["Buffer","Hologram"],"picked":"Capacitor","floor":24.0},{"not_picked":["Beam Cell","Turbo"],"picked":"Cold Snap","floor":28.0},{"not_picked":["Streamline","Coolheaded+1"],"picked":"Fusion","floor":30.0},{"not_picked":["Fission","Seek"],"picked":"Echo Form","floor":33.0},{"not_picked":["Genetic Algorithm","Stack"],"picked":"Glacier","floor":35.0},{"not_picked":["Panacea","Jack Of All Trades"],"picked":"Forethought","floor":38.0},{"not_picked":["Heatsinks+1","Hologram"],"picked":"Defragment","floor":44},{"not_picked":["Barrage","Hologram"],"picked":"Stack","floor":46},{"not_picked":["Redo","Static Discharge"],"picked":"Conserve Battery","floor":49}],"player_experience":2296875,"relics_obtained":[{"floor":7.0,"key":"Ice Cream"},{"floor":9.0,"key":"WingedGreaves"},{"floor":14.0,"key":"Whetstone"},{"floor":24.0,"key":"Torii"},{"floor":26.0,"key":"Dodecahedron"},{"floor":43.0,"key":"Kunai"},{"floor":48,"key":"Dream Catcher"}],"event_choices":[{"damage_healed":0.0,"max_hp_gain":0.0,"max_hp_loss":0.0,"gold_gain":0.0,"event_name":"Living Wall","player_choice":"Grow","floor":2.0,"gold_loss":0.0,"damage_taken":0.0,"cards_upgraded":["Zap"]},{"damage_healed":17.0,"max_hp_gain":0.0,"max_hp_loss":0.0,"gold_gain":0.0,"event_name":"The Cleric","player_choice":"Healed","floor":12.0,"gold_loss":35.0,"damage_taken":0.0},{"damage_healed":0.0,"max_hp_gain":0.0,"max_hp_loss":0.0,"gold_gain":0.0,"event_name":"Shining Light","player_choice":"Entered Light","floor":13.0,"gold_loss":0.0,"damage_taken":21.0,"cards_upgraded":["Defend_B","Strike_B"]},{"damage_healed":0.0,"max_hp_gain":0.0,"max_hp_loss":0.0,"gold_gain":0.0,"event_name":"Back to Basics","player_choice":"Simplicity","floor":19.0,"gold_loss":0.0,"damage_taken":0.0,"cards_upgraded":["Strike_B","Strike_B","Defend_B","Defend_B","Defend_B"]},{"damage_healed":0.0,"max_hp_gain":0.0,"max_hp_loss":0.0,"gold_gain":0.0,"event_name":"Vampires","player_choice":"Ignored","floor":21.0,"gold_loss":0.0,"damage_taken":0.0},{"damage_healed":0.0,"max_hp_gain":0.0,"max_hp_loss":0.0,"gold_gain":0.0,"event_name":"Cursed Tome","player_choice":"Ignored","floor":22.0,"gold_loss":0.0,"damage_taken":0.0},{"damage_healed":0.0,"max_hp_gain":0.0,"max_hp_loss":0.0,"gold_gain":0.0,"event_name":"Winding Halls","player_choice":"Embrace Madness","floor":36.0,"gold_loss":0.0,"damage_taken":13.0,"cards_obtained":["Madness","Madness"]},{"cards_removed":["Dualcast"],"damage_healed":0.0,"max_hp_gain":0.0,"max_hp_loss":0.0,"gold_gain":0.0,"event_name":"Falling","player_choice":"Removed Skill","floor":37.0,"gold_loss":0.0,"damage_taken":0.0},{"damage_healed":0.0,"max_hp_gain":0.0,"max_hp_loss":0.0,"gold_gain":0.0,"event_name":"SensoryStone","player_choice":"Memory 1","floor":38.0,"gold_loss":0.0,"damage_taken":0.0},{"damage_healed":0.0,"max_hp_gain":0.0,"max_hp_loss":0.0,"gold_gain":0.0,"event_name":"Mysterious Sphere","player_choice":"Ignored","floor":39.0,"gold_loss":0.0,"damage_taken":0.0},{"damage_healed":0.0,"max_hp_gain":0.0,"max_hp_loss":0.0,"gold_gain":0.0,"event_name":"The Moai Head","player_choice":"Ignored","floor":41.0,"gold_loss":0.0,"damage_taken":0.0}],"is_beta":false,"boss_relics":[{"not_picked":["Calling Bell","Snecko Eye"],"picked":"Inserter"},{"not_picked":["FrozenCore","Cursed Key"],"picked":"Lizard Tail"}],"items_purged_floors":[],"is_endless":false,"potions_floor_spawned":[1,5,16,30,35],"killed_by":"Time Eater","ascension_level":19}