{"path_per_floor":["M","M","M","$","M","R","E","?","T","M","$","T","R","M","R","B",null,"M","?","$","?","M","R","M","M","T","R","?","M","M","$","R"],"character_chosen":"DEFECT","items_purchased":["White Noise","Fusion","Art of War"],"gold_per_floor":[111,129,144,34,54,54,80,80,153,164,22,47,47,61,61,157,157,175,200,100,100,114,114,129,145,145,145,145,157,168,44,44,44],"floor_reached":33,"campfire_rested":0,"playtime":2444,"item_purchase_floors":[4,11,31],"current_hp_per_floor":[75,75,75,75,69,69,54,54,54,54,54,54,54,52,52,55,70,59,59,59,59,66,66,67,65,65,65,65,72,60,60,60,0],"items_purged":["Strike_B","Writhe","Strike_B"],"gold":44,"score":311,"play_id":"c312564d-8a80-40e4-b964-58ff4b6a28b7","local_time":"20180609201614","is_prod":false,"is_daily":false,"chose_seed":false,"is_ascension_mode":true,"campfire_upgraded":6,"win_rate":0,"timestamp":1528600574,"campfire_choices":[{"data":"Zap","floor":6,"key":"SMITH"},{"data":"Machine Learning","floor":13,"key":"SMITH"},{"data":"Fusion","floor":15,"key":"SMITH"},{"data":"Glacier","floor":23,"key":"SMITH"},{"data":"Electrodynamics","floor":27,"key":"SMITH"},{"data":"Capacitor","floor":32,"key":"SMITH"}],"path_taken":["M","M","M","$","M","R","E","?","T","M","$","?","R","M","R","BOSS","M","?","$","?","M","R","M","M","T","R","?","M","?","?","R","BOSS"],"build_version":"2018-06-07v3","seed_source_timestamp":19321458051864,"purchased_purges":3,"victory":false,"master_deck":["Strike_B","Strike_B","Defend_B","Defend_B","Defend_B+1","Defend_B","Zap+1","Dualcast","Hyperbeam","Leap+1","Beam Cell","White Noise","Self Repair","Reinforced Body","Streamline","Machine Learning+1","Fusion+1","Electrodynamics+1","Conserve Battery+1","Glacier+1","Glacier","Capacitor+1","Barrage"],"max_hp_per_floor":[75,75,75,75,75,75,75,75,75,75,75,75,75,75,75,75,75,75,75,75,75,75,75,75,75,75,75,75,75,75,75,75,75],"relics":["Cracked Core","Turnip","The Courier","War Paint","White Beast Statue","Red Mask","Symbiotic Virus","Art of War"],"card_choices":[{"not_picked":["Cold Snap","Go for the Eyes"],"picked":"Leap","floor":1},{"not_picked":["Turbo","Conserve Battery","Rebound"],"picked":"SKIP","floor":2},{"not_picked":["Turbo","Storm"],"picked":"Beam Cell","floor":3},{"not_picked":["Meteor Strike","Turbo"],"picked":"Self Repair","floor":5},{"not_picked":["Rebound","Go for the Eyes"],"picked":"Reinforced Body","floor":7},{"not_picked":["Turbo","Rebound"],"picked":"Machine Learning","floor":10},{"not_picked":["Aggregate","Steam Power","Doom and Gloom"],"picked":"SKIP","floor":14},{"not_picked":["Fission","Creative AI"],"picked":"Electrodynamics","floor":16},{"not_picked":["Aggregate","Turbo"],"picked":"Conserve Battery+1","floor":18},{"not_picked":["Steam+1","Coolheaded"],"picked":"Glacier","floor":19},{"not_picked":["Compile Driver","Heatsinks"],"picked":"Glacier","floor":22},{"not_picked":["Redo","Steam Power","Undo"],"picked":"SKIP","floor":24},{"not_picked":["Undo+1","Sweeping Beam","Beam Cell"],"picked":"SKIP","floor":25},{"not_picked":["Beam Cell","Go for the Eyes"],"picked":"Barrage","floor":29},{"not_picked":["Meteor Strike","Barrage","Stack"],"picked":"SKIP","floor":30}],"player_experience":412658,"potions_floor_usage":[16,16,19,19,33],"damage_taken":[{"damage":0,"enemies":"Cultist","floor":1,"turns":3},{"damage":0,"enemies":"Jaw Worm","floor":2,"turns":4},{"damage":0,"enemies":"2 Louse","floor":3,"turns":1},{"damage":6,"enemies":"Blue Slaver","floor":5,"turns":4},{"damage":22,"enemies":"3 Sentries","floor":7,"turns":3},{"damage":0,"enemies":"3 Louse","floor":10,"turns":1},{"damage":2,"enemies":"Lots of Slimes","floor":14,"turns":3},{"damage":4,"enemies":"Hexaghost","floor":16,"turns":8},{"damage":11,"enemies":"Spheric Guardian","floor":18,"turns":4},{"damage":0,"floor":19,"turns":3},{"damage":0,"enemies":"Shell Parasite","floor":22,"turns":8},{"damage":6,"enemies":"Centurion and Healer","floor":24,"turns":12},{"damage":9,"enemies":"Slaver and Parasite","floor":25,"turns":10},{"damage":0,"enemies":"Snecko","floor":29,"turns":5},{"damage":19,"enemies":"Sentry and Sphere","floor":30,"turns":8},{"damage":79,"enemies":"Champ","floor":33,"turns":14}],"relics_obtained":[{"floor":7,"key":"Turnip"},{"floor":9,"key":"The Courier"},{"floor":12,"key":"War Paint"},{"floor":19,"key":"Red Mask"},{"floor":26,"key":"Symbiotic Virus"}],"event_choices":[{"event_name":"Match and Keep!","player_choice":"2 cards matched","floor":8,"damage_taken":0},{"event_name":"Masked Bandits","player_choice":"Fought over 175 gold","floor":19,"damage_taken":0},{"event_name":"Match and Keep!","player_choice":"0 cards matched","floor":21,"damage_taken":0},{"event_name":"The Library","player_choice":"Read","floor":28,"damage_taken":0}],"boss_relics":[{"not_picked":["Cursed Key","Lizard Tail"],"picked":"White Beast Statue"}],"items_purged_floors":[4,11,20],"potions_floor_spawned":[5,7,10,16,18,19,22,24,25,29,30],"seed_played":"9093888524116656495","killed_by":"Champ","ascension_level":5,"potions_obtained":[{"floor":5,"key":"Dexterity Potion"},{"floor":7,"key":"AttackPotion"},{"floor":10,"key":"Dexterity Potion"},{"floor":16,"key":"Explosive Potion"},{"floor":18,"key":"FearPotion"},{"floor":19,"key":"Dexterity Potion"},{"floor":22,"key":"SmokeBomb"},{"floor":25,"key":"SkillPotion"}],"is_trial":false}