{"gold_per_floor":[112,132,150,167,18,52,52,80,103,103,134,148,165,198,198,300,300,317,333,344,120,132,157,176,176,231,231,246,262,272,300,300,401,401,421,67,78,89,108,134,144,174,174,174,174,19,70,70,70,70],"floor_reached":51,"playtime":4253,"items_purged":["Strike_G","Strike_G"],"score":908,"play_id":"b32e1d49-714f-430a-b16c-6e932d9eb6ad","local_time":"20191013203216","is_ascension_mode":false,"campfire_choices":[{"data":"Bane","floor":7.0,"key":"SMITH"},{"floor":10.0,"key":"REST"},{"floor":15.0,"key":"REST"},{"floor":25.0,"key":"REST"},{"floor":27.0,"key":"REST"},{"floor":32.0,"key":"REST"},{"floor":44.0,"key":"DIG"},{"floor":49.0,"key":"REST"}],"neow_cost":"NONE","seed_source_timestamp":31510346107000,"circlet_count":0,"master_deck":["Strike_G","Strike_G","Strike_G+1","Defend_G","Defend_G","Defend_G","Defend_G","Defend_G","Survivor+1","Neutralize","Noxious Fumes","Poisoned Stab","PiercingWail+1","Bane+1","Flechettes","Well Laid Plans","Dodge and Roll","Backflip","Footwork","Die Die Die+1","Malaise","Deadly Poison","Dash+1","Adrenaline","Calculated Gamble","Dagger Spray","Skewer","Corpse Explosion","Flying Knee+1"],"special_seed":0,"relics":["Ring of the Snake","Strawberry","Sundial","Omamori","War Paint","Orichalcum","PreservedInsect","Fusion Hammer","Blue Candle","Bag of Preparation","Whetstone","Busted Crown","Singing Bowl","Oddly Smooth Stone","Vajra","Shovel","Pantograph","Pen Nib","FossilizedHelix"],"potions_floor_usage":[50,50,50],"damage_taken":[{"damage":1.0,"enemies":"Cultist","floor":1.0,"turns":5.0},{"damage":0.0,"enemies":"2 Louse","floor":2.0,"turns":4.0},{"damage":1.0,"enemies":"Jaw Worm","floor":3.0,"turns":4.0},{"damage":7.0,"enemies":"Red Slaver","floor":4.0,"turns":5.0},{"damage":31.0,"enemies":"Lagavulin","floor":6.0,"turns":8.0},{"damage":19.0,"enemies":"3 Sentries","floor":8.0,"turns":6.0},{"damage":8.0,"enemies":"Lagavulin","floor":11.0,"turns":8.0},{"damage":6.0,"enemies":"Large Slime","floor":12.0,"turns":8.0},{"damage":0.0,"enemies":"Blue Slaver","floor":13.0,"turns":5.0},{"damage":3.0,"enemies":"3 Sentries","floor":14.0,"turns":8.0},{"damage":0.0,"enemies":"Slime Boss","floor":16.0,"turns":12.0},{"damage":0.0,"enemies":"Spheric Guardian","floor":18.0,"turns":6.0},{"damage":0.0,"enemies":"Chosen","floor":19.0,"turns":6.0},{"damage":4.0,"enemies":"3 Cultists","floor":20.0,"turns":6.0},{"damage":12.0,"enemies":"Snake Plant","floor":22.0,"turns":5.0},{"damage":32.0,"enemies":"Slavers","floor":23.0,"turns":5.0},{"damage":16.0,"enemies":"Centurion and Healer","floor":24.0,"turns":7.0},{"damage":0.0,"enemies":"Snecko","floor":28.0,"turns":5.0},{"damage":10.0,"enemies":"Sentry and Sphere","floor":29.0,"turns":6.0},{"damage":29.0,"enemies":"Cultist and Chosen","floor":30.0,"turns":7.0},{"damage":7.0,"enemies":"Book of Stabbing","floor":31.0,"turns":5.0},{"damage":26.0,"enemies":"Collector","floor":33.0,"turns":10.0},{"damage":14.0,"enemies":"Orb Walker","floor":35.0,"turns":5.0},{"damage":0.0,"enemies":"3 Shapes","floor":37.0,"turns":3.0},{"damage":0.0,"enemies":"Jaw Worm Horde","floor":38.0,"turns":2.0},{"damage":3.0,"enemies":"3 Darklings","floor":39.0,"turns":3.0},{"damage":24.0,"enemies":"Reptomancer","floor":40.0,"turns":6.0},{"damage":25.0,"enemies":"Maw","floor":41.0,"turns":9.0},{"damage":23.0,"enemies":"Nemesis","floor":42.0,"turns":7.0},{"damage":41.0,"enemies":"2 Orb Walkers","floor":47.0,"turns":4.0},{"damage":55,"enemies":"Time Eater","floor":50,"turns":15}],"seed_played":"2290061925399780066","potions_obtained":[{"floor":1.0,"key":"SkillPotion"},{"floor":8.0,"key":"Energy Potion"},{"floor":11.0,"key":"Fire Potion"},{"floor":23.0,"key":"Block Potion"},{"floor":30.0,"key":"GhostInAJar"},{"floor":33.0,"key":"AttackPotion"},{"floor":38.0,"key":"Regen Potion"},{"floor":40.0,"key":"Poison Potion"},{"floor":42.0,"key":"Poison Potion"},{"floor":47.0,"key":"FearPotion"}],"is_trial":false,"path_per_floor":["M","M","M","M","$","E","R","E","T","R","E","M","M","E","R","B",null,"M","M","M","$","M","E","M","R","T","R","M","M","M","E","R","B",null,"M","$","M","M","M","E","M","E","T","R","?","$","?","$","R","B",null],"character_chosen":"THE_SILENT","items_purchased":["Strawberry","Adrenaline","Singing Bowl","Pen Nib"],"campfire_rested":6,"item_purchase_floors":[5,21,36,46],"current_hp_per_floor":[76,76,75,68,75,44,44,25,25,50,42,36,36,33,58,58,84,84,84,80,80,68,36,20,45,45,70,70,60,31,24,49,23,84,70,70,72,74,73,64,41,20,20,20,44,44,5,5,33,3],"gold":70,"neow_bonus":"TEN_PERCENT_HP_BONUS","is_prod":false,"is_daily":false,"chose_seed":false,"campfire_upgraded":1,"win_rate":0.0,"timestamp":1571023936,"path_taken":["M","M","M","M","$","E","R","E","T","R","E","M","M","E","R","BOSS","M","?","M","$","M","E","?","R","T","R","M","?","M","E","R","BOSS","M","$","M","M","M","E","M","E","T","R","?","$","?","?","R","BOSS"],"build_version":"2019-07-17","purchased_purges":2,"victory":true,"max_hp_per_floor":[77,77,77,77,84,84,84,84,84,84,84,84,84,84,84,84,84,84,84,84,84,84,84,84,84,84,84,84,84,84,84,84,84,84,84,84,86,88,90,90,92,94,94,94,94,94,96,96,96,96],"card_choices":[{"not_picked":["PiercingWail","Underhanded Strike"],"picked":"Noxious Fumes","floor":1.0},{"not_picked":["Calculated Gamble","Deflect"],"picked":"Poisoned Stab","floor":2.0},{"not_picked":["Deadly Poison","Blur"],"picked":"PiercingWail","floor":3.0},{"not_picked":["Flying Knee","Outmaneuver"],"picked":"Bane","floor":4.0},{"not_picked":["Riddle With Holes","Poisoned Stab"],"picked":"Flechettes","floor":6.0},{"not_picked":["Outmaneuver","Backstab"],"picked":"Well Laid Plans","floor":8.0},{"not_picked":["Acrobatics","Tools of the Trade"],"picked":"Dodge and Roll","floor":11.0},{"not_picked":["Outmaneuver","Well Laid Plans"],"picked":"Backflip","floor":12.0},{"not_picked":["Acrobatics","Terror"],"picked":"Footwork","floor":13.0},{"not_picked":["Blade Dance","Underhanded Strike"],"picked":"Die Die Die","floor":14.0},{"not_picked":["Doppelganger","Burst"],"picked":"Malaise","floor":16.0},{"not_picked":["Slice","Prepared","Bane+1"],"picked":"SKIP","floor":18.0},{"not_picked":["Underhanded Strike","PiercingWail"],"picked":"Deadly Poison","floor":19.0},{"not_picked":["PiercingWail","Bane"],"picked":"Dash+1","floor":20.0},{"not_picked":["Quick Slash","Heel Hook","Riddle With Holes"],"picked":"SKIP","floor":22.0},{"not_picked":["Noxious Fumes","Malaise","Prepared"],"picked":"SKIP","floor":23.0},{"not_picked":["Reflex+1","Footwork","Slice"],"picked":"SKIP","floor":24.0},{"not_picked":["Escape Plan","Acrobatics"],"picked":"Calculated Gamble","floor":28.0},{"not_picked":["Dodge and Roll","Deflect"],"picked":"Dagger Spray","floor":29.0},{"not_picked":["Deflect","Endless Agony","Riddle With Holes"],"picked":"SKIP","floor":30.0},{"not_picked":["Sucker Punch","Eviscerate"],"picked":"Skewer","floor":31.0},{"not_picked":["Bullet Time","Adrenaline"],"picked":"Corpse Explosion","floor":33.0},{"not_picked":["Dodge and Roll"],"picked":"SKIP","floor":35.0},{"not_picked":["PiercingWail"],"picked":"Singing Bowl","floor":37.0},{"not_picked":["Deadly Poison+1"],"picked":"Singing Bowl","floor":38.0},{"not_picked":["Quick Slash+1"],"picked":"Singing Bowl","floor":39.0},{"not_picked":[],"picked":"Flying Knee+1","floor":40.0},{"not_picked":["Deflect"],"picked":"Singing Bowl","floor":41.0},{"not_picked":["Backflip"],"picked":"Singing Bowl","floor":42.0},{"not_picked":["Reflex+1"],"picked":"Singing Bowl","floor":47.0}],"player_experience":80860,"relics_obtained":[{"floor":6.0,"key":"Sundial"},{"floor":8.0,"key":"Omamori"},{"floor":9.0,"key":"War Paint"},{"floor":11.0,"key":"Orichalcum"},{"floor":14.0,"key":"PreservedInsect"},{"floor":23.0,"key":"Blue Candle"},{"floor":26.0,"key":"Bag of Preparation"},{"floor":31.0,"key":"Whetstone"},{"floor":40.0,"key":"Oddly Smooth Stone"},{"floor":42.0,"key":"Vajra"},{"floor":43.0,"key":"Shovel"},{"floor":44.0,"key":"Pantograph"},{"floor":47.0,"key":"FossilizedHelix"}],"event_choices":[{"damage_healed":24.0,"max_hp_gain":0.0,"max_hp_loss":0.0,"gold_gain":0.0,"event_name":"Winding Halls","player_choice":"Writhe","floor":45.0,"gold_loss":0.0,"damage_taken":0.0,"cards_obtained":["Writhe"]},{"damage_healed":0.0,"max_hp_gain":0.0,"max_hp_loss":0.0,"gold_gain":0.0,"event_name":"Mysterious Sphere","player_choice":"Fight","floor":47.0,"gold_loss":0.0,"damage_taken":0.0}],"is_beta":false,"boss_relics":[{"not_picked":["WristBlade","Eternal Feather"],"picked":"Fusion Hammer"},{"not_picked":["Empty Cage","Orrery"],"picked":"Busted Crown"}],"items_purged_floors":[21,36],"is_endless":false,"potions_floor_spawned":[1,8,11,22,23,28,29,30,33,38,40,42,47],"ascension_level":0}