{"gold_per_floor":[99,110,127,77,94,94,111,111,190,190,190,190,210,222,222,322,322,336,347,272,272,289,289,289],"floor_reached":24,"playtime":1416,"items_purged":[],"score":190,"play_id":"4bc1d82a-c964-40de-bd13-7f3964d337e5","local_time":"20191014155951","is_ascension_mode":false,"campfire_choices":[{"floor":6.0,"key":"REST"},{"data":"Armaments","floor":10.0,"key":"SMITH"},{"floor":15.0,"key":"REST"},{"floor":23.0,"key":"REST"}],"neow_cost":"NONE","seed_source_timestamp":85852453739000,"circlet_count":0,"master_deck":["Strike_R","Strike_R","Defend_R","Defend_R","Defend_R","Bash","Disarm","Flex","Clothesline","Armaments+1","Shrug It Off","Burning Pact","Berserk","Perfected Strike","Sword Boomerang","Demon Form","Battle Trance+1","Feel No Pain","Perfected Strike"],"special_seed":0,"relics":["Black Blood","Toxic Egg 2"],"potions_floor_usage":[],"damage_taken":[{"damage":13.0,"enemies":"Cultist","floor":1.0,"turns":6.0},{"damage":11.0,"enemies":"Jaw Worm","floor":2.0,"turns":4.0},{"damage":0.0,"enemies":"Small Slimes","floor":3.0,"turns":3.0},{"damage":44.0,"enemies":"Exordium Thugs","floor":5.0,"turns":7.0},{"damage":7.0,"enemies":"Blue Slaver","floor":7.0,"turns":5.0},{"damage":17.0,"enemies":"3 Louse","floor":13.0,"turns":5.0},{"damage":21.0,"enemies":"2 Fungi Beasts","floor":14.0,"turns":4.0},{"damage":41.0,"enemies":"Hexaghost","floor":16.0,"turns":13.0},{"damage":20.0,"enemies":"Shell Parasite","floor":18.0,"turns":6.0},{"damage":52.0,"enemies":"Spheric Guardian","floor":19.0,"turns":6.0},{"damage":24.0,"enemies":"Snake Plant","floor":22.0,"turns":8.0},{"damage":21,"enemies":"Centurion and Healer","floor":24,"turns":4}],"seed_played":"-2441983410151267546","potions_obtained":[{"floor":2.0,"key":"Fire Potion"},{"floor":7.0,"key":"EssenceOfSteel"},{"floor":13.0,"key":"SkillPotion"},{"floor":14.0,"key":"Ancient Potion"},{"floor":16.0,"key":"Ancient Potion"},{"floor":19.0,"key":"BloodPotion"}],"is_trial":false,"path_per_floor":["M","M","M","?","M","R","M","?","T","R","?","?","M","M","R","B",null,"M","M","?","?","M","R","M"],"character_chosen":"IRONCLAD","items_purchased":[],"campfire_rested":3,"item_purchase_floors":[],"current_hp_per_floor":[73,68,74,74,36,60,59,59,59,59,59,51,40,25,49,14,80,70,28,28,28,34,58,37],"gold":289,"neow_bonus":"TRANSFORM_CARD","is_prod":false,"is_daily":false,"chose_seed":false,"campfire_upgraded":1,"win_rate":0.0,"timestamp":1571093991,"path_taken":["M","M","M","?","M","R","M","?","T","R","?","?","?","M","R","BOSS","M","M","?","?","M","R","M"],"build_version":"2019-07-17","purchased_purges":0,"victory":false,"max_hp_per_floor":[80,80,80,80,80,80,80,80,80,80,80,80,80,80,80,80,80,80,80,80,80,80,80,80],"card_choices":[{"not_picked":["Clash","Second Wind"],"picked":"Flex","floor":1.0},{"not_picked":["Body Slam","Combust"],"picked":"Clothesline","floor":2.0},{"not_picked":["Seeing Red","Clothesline"],"picked":"Armaments","floor":3.0},{"not_picked":["Sword Boomerang","Blood for Blood"],"picked":"Shrug It Off","floor":5.0},{"not_picked":["Evolve","Body Slam"],"picked":"Burning Pact","floor":7.0},{"not_picked":["Anger","Flex+1"],"picked":"Perfected Strike","floor":13.0},{"not_picked":["Anger","Disarm+1"],"picked":"Sword Boomerang","floor":14.0},{"not_picked":["Immolate","Juggernaut"],"picked":"Demon Form","floor":16.0},{"not_picked":["Clash","Disarm+1"],"picked":"Battle Trance+1","floor":18.0},{"not_picked":["Heavy Blade","Iron Wave"],"picked":"Feel No Pain","floor":19.0},{"not_picked":["Evolve","Sever Soul"],"picked":"Perfected Strike","floor":22.0}],"player_experience":50081,"relics_obtained":[{"floor":9.0,"key":"Toxic Egg 2"}],"event_choices":[{"cards_removed":["Strike_R"],"damage_healed":0.0,"max_hp_gain":0.0,"max_hp_loss":0.0,"gold_gain":0.0,"event_name":"The Cleric","player_choice":"Card Removal","floor":4.0,"gold_loss":50.0,"damage_taken":0.0},{"damage_healed":0.0,"max_hp_gain":0.0,"max_hp_loss":0.0,"gold_gain":0.0,"cards_transformed":["Defend_R"],"event_name":"Living Wall","player_choice":"Change","floor":8.0,"gold_loss":0.0,"damage_taken":0.0,"cards_obtained":["Berserk"]},{"damage_healed":0.0,"max_hp_gain":0.0,"max_hp_loss":0.0,"gold_gain":0.0,"event_name":"Liars Game","player_choice":"Ignored","floor":11.0,"gold_loss":0.0,"damage_taken":0.0},{"damage_healed":0.0,"max_hp_gain":0.0,"max_hp_loss":0.0,"gold_gain":0.0,"event_name":"Wheel of Change","player_choice":"Damaged","floor":12.0,"gold_loss":0.0,"damage_taken":8.0},{"cards_removed":["Strike_R"],"damage_healed":0.0,"max_hp_gain":0.0,"max_hp_loss":0.0,"gold_gain":0.0,"event_name":"Beggar","player_choice":"Gave Gold","floor":20.0,"gold_loss":75.0,"damage_taken":0.0},{"damage_healed":0.0,"max_hp_gain":0.0,"max_hp_loss":0.0,"gold_gain":0.0,"event_name":"Vampires","player_choice":"Ignored","floor":21.0,"gold_loss":0.0,"damage_taken":0.0}],"is_beta":false,"boss_relics":[{"not_picked":["Tiny House","Mark of Pain"],"picked":"Black Blood"}],"items_purged_floors":[],"is_endless":false,"potions_floor_spawned":[2,7,13,14,16,19],"killed_by":"Centurion and Healer","ascension_level":0}