{"gold_per_floor":[111,111,186,205,220,220,246,259,259,279,303,303,303,321,321,421,421,432,447,47,47,67,67,93,93,93,127,227,227,241,341,341,438,488,505,515,515,123,143,155,166,166,166,197,197,297,331,346,346,346,346,346,4,32,32],"floor_reached":56,"playtime":3453,"items_purged":["Pain","Normality"],"score":1371,"play_id":"5090cc15-5f9e-47df-97e9-15945b0dad10","local_time":"20190828203629","is_ascension_mode":true,"campfire_choices":[{"floor":6,"key":"REST"},{"floor":12,"key":"REST"},{"data":"Echo Form","floor":15,"key":"SMITH"},{"data":"Seek","floor":23,"key":"SMITH"},{"data":"Blind","floor":25,"key":"SMITH"},{"floor":29,"key":"REST"},{"floor":32,"key":"REST"},{"floor":42,"key":"REST"},{"floor":45,"key":"RECALL"},{"floor":49,"key":"REST"},{"data":"Thunder Strike","floor":52,"key":"SMITH"}],"neow_cost":"NONE","seed_source_timestamp":510581023368000,"circlet_count":0,"master_deck":["Strike_B","Strike_B+1","Strike_B","Strike_B","Defend_B","Defend_B","Defend_B","Defend_B","Zap","Dualcast","Leap","Coolheaded","Leap","Glacier","Skim","Chill","Ball Lightning","Defragment+1","Echo Form+1","Lockon","Electrodynamics","Stack+1","Seek+1","Blind+1","Core Surge","Thunder Strike+1","Hologram+1","Defragment+1","Thinking Ahead","Capacitor+1","Machine Learning+1","Glacier+1","BootSequence"],"relics":["Cracked Core","Dream Catcher","Singing Bowl","Odd Mushroom","Cursed Key","DataDisk","PreservedInsect","Frozen Egg 2","Girya","Torii","Blue Candle","Tiny House","Bronze Scales","Bottled Lightning","Omamori","Calipers","Ginger","Pantograph","Oddly Smooth Stone"],"potions_floor_usage":[16,16,33,33,35,40,44,47,50,55],"damage_taken":[{"damage":8,"enemies":"Jaw Worm","floor":1,"turns":3},{"damage":0,"enemies":"Small Slimes","floor":4,"turns":3},{"damage":0,"enemies":"2 Louse","floor":5,"turns":3},{"damage":33,"enemies":"3 Sentries","floor":7,"turns":28},{"damage":0,"enemies":"Large Slime","floor":8,"turns":8},{"damage":0,"enemies":"Looter","floor":10,"turns":4},{"damage":21,"enemies":"The Mushroom Lair","floor":11,"turns":7},{"damage":0,"enemies":"3 Louse","floor":14,"turns":3},{"damage":0,"enemies":"Hexaghost","floor":16,"turns":9},{"damage":17,"enemies":"2 Thieves","floor":18,"turns":3},{"damage":8,"enemies":"Chosen","floor":19,"turns":4},{"damage":0,"enemies":"3 Cultists","floor":22,"turns":4},{"damage":14,"enemies":"Book of Stabbing","floor":24,"turns":5},{"damage":11,"enemies":"Gremlin Leader","floor":27,"turns":5},{"damage":7,"enemies":"Centurion and Healer","floor":30,"turns":4},{"damage":10,"enemies":"Colosseum Slavers","floor":31,"turns":4},{"damage":7,"enemies":"Colosseum Nobs","floor":31,"turns":2},{"damage":11,"enemies":"Champ","floor":33,"turns":12},{"damage":12,"enemies":"Orb Walker","floor":35,"turns":3},{"damage":4,"enemies":"3 Shapes","floor":36,"turns":3},{"damage":27,"enemies":"Sphere and 2 Shapes","floor":39,"turns":4},{"damage":9,"enemies":"Maw","floor":40,"turns":8},{"damage":1,"enemies":"Spire Growth","floor":41,"turns":7},{"damage":16,"enemies":"Nemesis","floor":44,"turns":7},{"damage":2,"enemies":"Mind Bloom Boss Battle","floor":46,"turns":6},{"damage":3,"enemies":"Giant Head","floor":47,"turns":9},{"damage":16,"enemies":"Writhing Mass","floor":48,"turns":6},{"damage":14,"enemies":"Awakened One","floor":50,"turns":11},{"damage":68,"enemies":"Shield and Spear","floor":54,"turns":8},{"damage":50,"enemies":"The Heart","floor":55,"turns":12}],"seed_played":"-9133670190207589564","potions_obtained":[{"floor":8,"key":"Ancient Potion"},{"floor":11,"key":"FocusPotion"},{"floor":14,"key":"FocusPotion"},{"floor":24,"key":"Dexterity Potion"},{"floor":30,"key":"Regen Potion"},{"floor":31,"key":"FocusPotion"},{"floor":34,"key":"AttackPotion"},{"floor":36,"key":"EssenceOfSteel"},{"floor":39,"key":"Swift Potion"},{"floor":40,"key":"Weak Potion"},{"floor":54,"key":"SteroidPotion"}],"is_trial":false,"path_per_floor":["M","?","?","M","M","R","E","M","T","M","?","R","?","M","R","B",null,"M","M","$","?","M","R","E","R","T","E","?","R","M","?","R","B",null,"M","M","?","$","M","M","M","R","T","E","R","?","E","M","R","B",null,"R","$","E","B",null],"character_chosen":"DEFECT","items_purchased":["DataDisk","Seek","Blind","Bronze Scales","Thinking Ahead","Pantograph"],"campfire_rested":6,"item_purchase_floors":[20,20,20,38,38,53],"current_hp_per_floor":[67,67,56,56,56,75,42,42,42,42,21,43,43,43,43,43,75,60,52,52,52,54,54,42,42,42,33,33,57,52,37,65,69,96,86,82,82,82,55,48,47,79,79,63,63,63,62,48,82,68,110,110,110,42,17],"gold":32,"neow_bonus":"RANDOM_COMMON_RELIC","is_prod":false,"is_daily":false,"chose_seed":false,"campfire_upgraded":4,"win_rate":0,"timestamp":1567049789,"path_taken":["M","?","?","M","?","R","E","M","T","M","?","R","?","M","R","BOSS","M","M","$","?","M","R","E","R","T","E","?","R","?","?","R","BOSS","M","M","?","$","M","M","?","R","T","E","R","?","E","M","R","BOSS","R","$","E","BOSS"],"build_version":"2019-08-26","purchased_purges":2,"victory":true,"max_hp_per_floor":[75,75,75,75,75,75,75,75,75,75,75,75,75,75,75,75,75,77,77,77,77,79,79,81,81,81,83,83,83,85,87,89,89,96,98,98,98,98,98,100,100,102,102,102,102,104,106,108,110,110,110,110,110,110,110],"card_choices":[{"not_picked":["Turbo","Conserve Battery"],"picked":"Leap","floor":1},{"not_picked":["Storm","Barrage"],"picked":"Coolheaded","floor":4},{"not_picked":["Conserve Battery","Compile Driver"],"picked":"Leap","floor":5},{"not_picked":["Capacitor","BootSequence"],"picked":"Glacier","floor":6},{"not_picked":["Coolheaded","Redo"],"picked":"Skim","floor":7},{"not_picked":["Consume","Fusion"],"picked":"Chill","floor":8},{"not_picked":["Sweeping Beam","Skim"],"picked":"Ball Lightning","floor":10},{"not_picked":["Rip and Tear","Turbo"],"picked":"Defragment","floor":11},{"not_picked":["Compile Driver","Defragment"],"picked":"Echo Form","floor":12},{"not_picked":["Steam Power","Go for the Eyes"],"picked":"Lockon","floor":14},{"not_picked":["Biased Cognition","Fission"],"picked":"Electrodynamics","floor":16},{"not_picked":["Recycle","Aggregate","Rebound+1"],"picked":"Singing Bowl","floor":18},{"not_picked":["Gash","Beam Cell"],"picked":"Stack+1","floor":19},{"not_picked":["Compile Driver","Steam+1","Loop"],"picked":"Singing Bowl","floor":22},{"not_picked":["Go for the Eyes","Hologram","Turbo"],"picked":"Singing Bowl","floor":24},{"not_picked":["Rebound+1","Gash","Lockon"],"picked":"Singing Bowl","floor":27},{"not_picked":["Streamline","Go for the Eyes"],"picked":"Core Surge","floor":29},{"not_picked":["FTL","Redo","Reinforced Body"],"picked":"Singing Bowl","floor":30},{"not_picked":["Hologram","Hello World+1","Gash"],"picked":"Singing Bowl","floor":31},{"not_picked":["Go for the Eyes","Turbo+1","Stack"],"picked":"Singing Bowl","floor":32},{"not_picked":["Meteor Strike","Seek"],"picked":"Thunder Strike","floor":33},{"not_picked":["Conserve Battery","Ball Lightning","Chill"],"picked":"Singing Bowl","floor":34},{"not_picked":["Conserve Battery+1","Force Field","Gash"],"picked":"Singing Bowl","floor":35},{"not_picked":["Force Field+1","Aggregate+1"],"picked":"Hologram+1","floor":36},{"not_picked":["Sweeping Beam","Ball Lightning"],"picked":"Capacitor+1","floor":39},{"not_picked":["Doom and Gloom","Loop+1","Steam"],"picked":"Singing Bowl","floor":40},{"not_picked":["Consume","Scrape+1"],"picked":"Machine Learning+1","floor":41},{"not_picked":["Cold Snap","Force Field+1","Leap+1"],"picked":"Singing Bowl","floor":42},{"not_picked":["Leap","Recycle"],"picked":"Glacier+1","floor":44},{"not_picked":["Undo+1","Heatsinks+1","Gash+1"],"picked":"Singing Bowl","floor":46},{"not_picked":["Blizzard+1","Beam Cell","Chaos"],"picked":"Singing Bowl","floor":47},{"not_picked":["Barrage+1","Leap","Sunder"],"picked":"Singing Bowl","floor":48},{"not_picked":["Ball Lightning","Coolheaded","Lockon"],"picked":"Singing Bowl","floor":49},{"not_picked":["Chaos+1","Turbo"],"picked":"BootSequence","floor":54}],"player_experience":1437473,"relics_obtained":[{"floor":7,"key":"Singing Bowl"},{"floor":11,"key":"Odd Mushroom"},{"floor":24,"key":"PreservedInsect"},{"floor":26,"key":"Frozen Egg 2"},{"floor":27,"key":"Girya"},{"floor":31,"key":"Torii"},{"floor":31,"key":"Blue Candle"},{"floor":43,"key":"Bottled Lightning"},{"floor":44,"key":"Omamori"},{"floor":46,"key":"Calipers"},{"floor":47,"key":"Ginger"},{"floor":54,"key":"Oddly Smooth Stone"}],"event_choices":[{"damage_healed":0,"gold_gain":0,"player_choice":"Ignored","damage_taken":0,"max_hp_gain":0,"max_hp_loss":0,"event_name":"Liars Game","floor":2,"gold_loss":0},{"damage_healed":0,"gold_gain":75,"player_choice":"Gather Gold","damage_taken":11,"max_hp_gain":0,"max_hp_loss":0,"event_name":"World of Goop","floor":3,"gold_loss":0},{"damage_healed":0,"gold_gain":0,"player_choice":"Fought Mushrooms","damage_taken":0,"max_hp_gain":0,"max_hp_loss":0,"event_name":"Mushrooms","floor":11,"gold_loss":0},{"damage_healed":0,"gold_gain":0,"player_choice":"Grow","damage_taken":0,"max_hp_gain":0,"max_hp_loss":0,"event_name":"Living Wall","floor":13,"gold_loss":0,"cards_upgraded":["Defragment"]},{"damage_healed":0,"gold_gain":0,"player_choice":"Ignored","damage_taken":0,"max_hp_gain":0,"max_hp_loss":0,"event_name":"Vampires","floor":21,"gold_loss":0},{"damage_healed":0,"gold_gain":100,"player_choice":"Pray","damage_taken":0,"max_hp_gain":0,"max_hp_loss":0,"event_name":"Golden Shrine","floor":28,"gold_loss":0},{"damage_healed":0,"gold_gain":0,"player_choice":"Fight","damage_taken":0,"max_hp_gain":0,"max_hp_loss":0,"event_name":"Colosseum","floor":31,"gold_loss":0},{"damage_healed":0,"gold_gain":0,"player_choice":"Fought Nobs","damage_taken":0,"max_hp_gain":0,"max_hp_loss":0,"event_name":"Colosseum","floor":31,"gold_loss":0},{"damage_healed":0,"gold_gain":0,"player_choice":"Copied","damage_taken":0,"max_hp_gain":0,"max_hp_loss":0,"event_name":"Duplicator","floor":37,"gold_loss":0,"cards_obtained":["Defragment"]},{"damage_healed":0,"gold_gain":0,"player_choice":"Fight","damage_taken":0,"max_hp_gain":0,"max_hp_loss":0,"event_name":"MindBloom","floor":46,"gold_loss":0}],"is_beta":true,"boss_relics":[{"not_picked":["Coffee Dripper","Busted Crown"],"picked":"Cursed Key"},{"not_picked":["Snecko Eye","White Beast Statue"],"picked":"Tiny House"}],"items_purged_floors":[38,53],"is_endless":false,"potions_floor_spawned":[8,11,14,24,30,31,36,39,40,54],"ascension_level":1}