{"gold_per_floor":[111,129,129,9,9,9,29,62,62,74,74,58,93,106,106,207,207,220,234,234,245,245,245],"floor_reached":23,"playtime":1113,"items_purged":[],"score":203,"play_id":"f7c869cb-3899-4690-9fb5-d74afb4eeb38","local_time":"20191006204130","is_ascension_mode":false,"campfire_choices":[{"data":"Flex","floor":6,"key":"SMITH"},{"data":"Searing Blow","floor":11,"key":"SMITH"},{"data":"Heavy Blade","floor":15,"key":"SMITH"}],"neow_cost":"NONE","seed_source_timestamp":113445550437600,"circlet_count":0,"master_deck":["Strike_R","Strike_R","Strike_R","Strike_R","Defend_R","Defend_R","Defend_R","Defend_R","Bash","Reaper","Heavy Blade+1","Searing Blow+1","Flex+1","Metallicize","Flame Barrier","Spot Weakness","Warcry","Carnage","Headbutt","Barricade","Dark Embrace","Inflame","Perfected Strike","Burning Pact","Seeing Red","Twin Strike","Pommel Strike+1","Fire Breathing","Decay","Clothesline"],"relics":["Burning Blood","Bronze Scales","Mummified Hand","Shuriken","Orrery","Ancient Tea Set"],"potions_floor_usage":[16,16],"damage_taken":[{"damage":10,"enemies":"Jaw Worm","floor":1,"turns":4},{"damage":1,"enemies":"Cultist","floor":2,"turns":4},{"damage":3,"enemies":"Small Slimes","floor":7,"turns":2},{"damage":23,"enemies":"3 Sentries","floor":8,"turns":10},{"damage":18,"enemies":"Gremlin Gang","floor":10,"turns":2},{"damage":21,"enemies":"Exordium Thugs","floor":12,"turns":4},{"damage":26,"enemies":"Lagavulin","floor":13,"turns":6},{"damage":0,"enemies":"2 Fungi Beasts","floor":14,"turns":3},{"damage":39,"enemies":"Slime Boss","floor":16,"turns":11},{"damage":27,"enemies":"2 Thieves","floor":18,"turns":4},{"damage":34,"enemies":"Shell Parasite","floor":19,"turns":5},{"damage":32,"enemies":"Snake Plant","floor":21,"turns":3},{"damage":15,"enemies":"Book of Stabbing","floor":23,"turns":2}],"seed_played":"-4221082789595496669","potions_obtained":[{"floor":2,"key":"Energy Potion"},{"floor":7,"key":"SpeedPotion"},{"floor":8,"key":"FearPotion"},{"floor":19,"key":"SkillPotion"},{"floor":21,"key":"SkillPotion"}],"is_trial":false,"path_per_floor":["M","M","?","$","?","R","M","E","T","M","R","M","E","M","R","B",null,"M","M","?","M","T","E"],"character_chosen":"IRONCLAD","items_purchased":["Flex","Metallicize"],"campfire_rested":0,"item_purchase_floors":[4,4],"current_hp_per_floor":[80,80,80,80,80,80,80,67,67,73,73,71,58,64,64,42,80,59,36,36,10,10,0],"gold":245,"neow_bonus":"ONE_RANDOM_RARE_CARD","is_prod":false,"is_daily":false,"chose_seed":false,"campfire_upgraded":3,"win_rate":0.0,"timestamp":1570419690,"path_taken":["M","M","?","$","?","R","M","E","T","M","R","?","E","M","R","BOSS","M","M","?","?","?","E"],"build_version":"2019-07-17","purchased_purges":0,"victory":false,"max_hp_per_floor":[80,80,80,80,80,80,80,80,80,80,80,80,80,80,80,80,80,80,80,80,80,80,80],"card_choices":[{"not_picked":["Thunderclap","Burning Pact"],"picked":"Heavy Blade","floor":1},{"not_picked":["Pummel","Pommel Strike"],"picked":"Searing Blow","floor":2},{"not_picked":["Flex","Intimidate"],"picked":"Flame Barrier","floor":7},{"not_picked":["Sword Boomerang","Fire Breathing"],"picked":"Spot Weakness","floor":8},{"not_picked":["Sword Boomerang","Dual Wield"],"picked":"Warcry","floor":10},{"not_picked":["Armaments","Cleave"],"picked":"Carnage","floor":12},{"not_picked":["Rage","Iron Wave"],"picked":"Headbutt","floor":13},{"not_picked":["Corruption","Blood for Blood"],"picked":"Barricade","floor":14},{"not_picked":["Feed","Fiend Fire"],"picked":"Dark Embrace","floor":16},{"not_picked":["True Grit","Intimidate"],"picked":"Inflame","floor":17},{"not_picked":["Rage","Combust"],"picked":"Perfected Strike","floor":17},{"not_picked":["Clothesline","Headbutt"],"picked":"Burning Pact","floor":17},{"not_picked":["Cleave","Sword Boomerang"],"picked":"Seeing Red","floor":17},{"not_picked":["Combust","Feed"],"picked":"Twin Strike","floor":17},{"not_picked":["Iron Wave","Whirlwind"],"picked":"Pommel Strike+1","floor":18},{"not_picked":["Headbutt","Thunderclap"],"picked":"Fire Breathing","floor":19},{"not_picked":["Headbutt","Pommel Strike"],"picked":"Clothesline","floor":21}],"player_experience":10896,"relics_obtained":[{"floor":8,"key":"Bronze Scales"},{"floor":9,"key":"Mummified Hand"},{"floor":13,"key":"Shuriken"},{"floor":22,"key":"Ancient Tea Set"}],"event_choices":[{"cards_removed":["Strike_R"],"damage_healed":0,"gold_gain":0,"player_choice":"Offered Basic","damage_taken":0,"max_hp_gain":0,"max_hp_loss":0,"event_name":"Bonfire Elementals","floor":3,"gold_loss":0},{"damage_healed":0,"gold_gain":0,"player_choice":"Ignored","damage_taken":0,"max_hp_gain":0,"max_hp_loss":0,"event_name":"Golden Idol","floor":5,"gold_loss":0},{"damage_healed":0,"gold_gain":0,"player_choice":"Cursed","damage_taken":0,"max_hp_gain":0,"max_hp_loss":0,"event_name":"Wheel of Change","floor":20,"gold_loss":0,"cards_obtained":["Decay"]}],"is_beta":false,"boss_relics":[{"not_picked":["Velvet Choker","Astrolabe"],"picked":"Orrery"}],"items_purged_floors":[],"is_endless":false,"potions_floor_spawned":[2,7,8,12,14,19,21],"killed_by":"Book of Stabbing","ascension_level":0}