{"path_per_floor":["M","M","M","M","?","R","M","$","T","R","M","M","R","M","R","B",null,"M","M","M","M","M","R","M","E","T","M","R","?","?","M","R"],"character_chosen":"IRONCLAD","items_purchased":["Headbutt","Iron Wave","Flex"],"gold_per_floor":[113,131,143,154,154,154,170,45,45,45,58,73,73,92,92,190,190,203,218,233,243,263,263,279,313,313,331,331,254,179,199,199,199],"floor_reached":33,"campfire_rested":5,"playtime":2344,"current_hp_per_floor":[80,80,80,53,37,61,47,47,47,47,52,56,56,53,77,60,80,68,65,46,51,27,51,51,35,35,12,36,36,36,26,50,0],"items_purged":[],"gold":199,"score":267,"play_id":"8d60bb30-c6cb-462a-affa-64b80294f89c","local_time":"20180429224535","is_prod":false,"is_daily":false,"chose_seed":false,"is_ascension_mode":false,"campfire_upgraded":2,"timestamp":1525067135,"path_taken":["M","M","M","M","?","R","M","$","T","R","?","M","R","M","R","BOSS","M","M","M","M","M","R","M","E","T","?","R","?","?","M","R","BOSS"],"build_version":"2018-04-27v3","seed_source_timestamp":372729124169118,"purchased_purges":0,"victory":false,"master_deck":["Strike_R","Strike_R+1","Strike_R","Strike_R","Strike_R","Defend_R","Defend_R","Defend_R","Defend_R","Bash+1","Shrug It Off","Perfected Strike","Cleave","Fiend Fire+1","Clothesline","Headbutt","Iron Wave","Flex","Iron Wave","Armaments+1","Shockwave","Double Tap","Infernal Blade+1","Dropkick","Headbutt+1","Impervious","Pommel Strike","Twin Strike+1","J.A.X.","Flame Barrier"],"max_hp_per_floor":[80,80,80,80,80,80,80,80,80,80,80,80,80,80,80,80,80,80,80,80,80,80,80,80,80,80,80,80,80,80,80,80,80],"relics":["Burning Blood","Bottled Flame","Cursed Key","Orichalcum","Bottled Lightning"],"card_choices":[{"not_picked":["Twin Strike","Pommel Strike"],"picked":"Shrug It Off","floor":1},{"not_picked":["Combust","Pommel Strike"],"picked":"Perfected Strike","floor":2},{"not_picked":["True Grit","Shrug It Off"],"picked":"Cleave","floor":3},{"not_picked":["Sword Boomerang","Dual Wield"],"picked":"Fiend Fire","floor":4},{"not_picked":["Clash","Shrug It Off"],"picked":"Clothesline","floor":7},{"not_picked":["Sever Soul","Battle Trance"],"picked":"Iron Wave","floor":11},{"not_picked":["Rage","Clash"],"picked":"Armaments","floor":12},{"not_picked":["Feel No Pain","Flex"],"picked":"Shockwave","floor":14},{"not_picked":["Juggernaut","Reaper"],"picked":"Double Tap","floor":16},{"not_picked":["Bloodletting","Clothesline"],"picked":"Infernal Blade","floor":19},{"not_picked":["Sword Boomerang","True Grit"],"picked":"Dropkick","floor":20},{"not_picked":["Anger","Armaments"],"picked":"Headbutt","floor":21},{"not_picked":["Carnage","Headbutt"],"picked":"Impervious","floor":24},{"not_picked":["Headbutt","Juggernaut"],"picked":"Pommel Strike","floor":25},{"not_picked":["Cleave","Body Slam"],"picked":"Twin Strike","floor":27},{"not_picked":["Clothesline","Twin Strike"],"picked":"Flame Barrier","floor":31}],"player_experience":0,"potions_floor_usage":[4,16,19,21,24,25,25,33],"damage_taken":[{"damage":0,"enemies":"Small Slimes","floor":1,"turns":4},{"damage":0,"enemies":"2 Louse","floor":2,"turns":4},{"damage":3,"enemies":"Jaw Worm","floor":3,"turns":3},{"damage":33,"enemies":"Exordium Thugs","floor":4,"turns":5},{"damage":20,"enemies":"Gremlin Gang","floor":7,"turns":5},{"damage":1,"enemies":"3 Louse","floor":11,"turns":4},{"damage":2,"enemies":"Blue Slaver","floor":12,"turns":3},{"damage":9,"enemies":"Exordium Wildlife","floor":14,"turns":5},{"damage":23,"enemies":"The Guardian","floor":16,"turns":15},{"damage":18,"enemies":"3 Byrds","floor":18,"turns":6},{"damage":9,"enemies":"2 Thieves","floor":19,"turns":3},{"damage":25,"enemies":"Cultist and Chosen","floor":20,"turns":5},{"damage":16,"enemies":"Centurion and Healer","floor":21,"turns":6},{"damage":30,"enemies":"Snake Plant","floor":22,"turns":5},{"damage":6,"enemies":"Snecko","floor":24,"turns":4},{"damage":22,"enemies":"Slavers","floor":25,"turns":5},{"damage":29,"enemies":"Cultist and Chosen","floor":27,"turns":7},{"damage":16,"enemies":"Snake Plant","floor":31,"turns":2},{"damage":65,"enemies":"Champ","floor":33,"turns":11}],"event_choices":[{"event_name":"Shining Light","player_choice":"Entered Light","floor":5,"damage_taken":0},{"event_name":"Drug Dealer","player_choice":"Got JAXXED","floor":29,"damage_taken":0},{"event_name":"Beggar","player_choice":"Gave Gold","floor":30,"damage_taken":0}],"boss_relics":[{"not_picked":["Runic Cube","Tiny House"],"picked":"Cursed Key"}],"potions_floor_spawned":[3,7,12,16,19,21,24,27,31],"seed_played":"5989316630033415428","killed_by":"Champ","ascension_level":0,"is_trial":false}