{"gold_per_floor":[114,133,153,153,173,173,203,217,217,268,43,43,8,42,42,139,139,151,151,170,170,182,182,216,180,180,180,198,210,210,210,210,210],"floor_reached":33,"playtime":3421,"items_purged":[],"score":300,"play_id":"f82d9bc0-ac92-428b-a218-7f1217de2b37","local_time":"20191010194622","is_ascension_mode":false,"campfire_choices":[{"data":"Zap","floor":6.0,"key":"SMITH"},{"floor":12.0,"key":"REST"},{"floor":15.0,"key":"REST"},{"floor":23.0,"key":"REST"},{"floor":27.0,"key":"REST"},{"data":"Machine Learning","floor":30,"key":"SMITH"},{"data":"Dualcast","floor":32,"key":"SMITH"}],"neow_cost":"NONE","seed_source_timestamp":0,"circlet_count":0,"master_deck":["Defend_B+1","Defend_B+1","Defend_B+1","Defend_B+1","Zap+1","Dualcast+1","Melter","Coolheaded","Gash","Beam Cell","Conserve Battery","Glacier","Machine Learning+1","Buffer","Thunder Strike","Conserve Battery+1","Cold Snap+1","Defragment","Skim+1","Loop","Amplify","Sweeping Beam","Bite","Bite","Bite","Bite","Bite"],"special_seed":0,"relics":["Cracked Core","NeowsBlessing","Kunai","Darkstone Periapt","Bag of Preparation","Matryoshka","Nuclear Battery","Meat on the Bone","Boot","Orichalcum","Unceasing Top"],"potions_floor_usage":[33],"damage_taken":[{"damage":0.0,"enemies":"Jaw Worm","floor":1.0,"turns":1.0},{"damage":0.0,"enemies":"Small Slimes","floor":2.0,"turns":1.0},{"damage":0.0,"enemies":"Cultist","floor":3.0,"turns":1.0},{"damage":0.0,"enemies":"Blue Slaver","floor":5.0,"turns":4.0},{"damage":36.0,"enemies":"Lagavulin","floor":7.0,"turns":8.0},{"damage":3.0,"enemies":"Looter","floor":8.0,"turns":4.0},{"damage":13.0,"enemies":"Gremlin Nob","floor":14.0,"turns":4.0},{"damage":10.0,"enemies":"The Guardian","floor":16.0,"turns":19.0},{"damage":5.0,"enemies":"Chosen","floor":18.0,"turns":7.0},{"damage":9.0,"enemies":"3 Byrds","floor":20.0,"turns":6.0},{"damage":27.0,"enemies":"Centurion and Healer","floor":22.0,"turns":8.0},{"damage":31.0,"enemies":"Book of Stabbing","floor":24.0,"turns":8.0},{"damage":0.0,"enemies":"Shelled Parasite and Fungi","floor":28.0,"turns":8.0},{"damage":3,"enemies":"Snecko","floor":29,"turns":8},{"damage":89,"enemies":"Automaton","floor":33,"turns":20}],"seed_played":"2514701993433270607","potions_obtained":[{"floor":3.0,"key":"EssenceOfSteel"},{"floor":7.0,"key":"Strength Potion"},{"floor":14.0,"key":"SkillPotion"},{"floor":16.0,"key":"Dexterity Potion"},{"floor":28,"key":"GamblersBrew"},{"floor":29,"key":"Swift Potion"}],"is_trial":false,"path_per_floor":["M","M","M","?","M","R","E","M","T","?","$","R","?","E","R","B",null,"M","?","M","?","M","R","E","$","T","R","M","M","R","?","R","B"],"character_chosen":"DEFECT","items_purchased":["Bag of Preparation","Machine Learning","Loop"],"campfire_rested":4,"item_purchase_floors":[11,11,25],"current_hp_per_floor":[75,75,75,75,75,75,39,36,36,36,36,58,75,62,75,65,75,70,70,61,61,46,68,49,49,49,71,71,68,68,52,52,0],"gold":210,"neow_bonus":"THREE_ENEMY_KILL","is_prod":false,"is_daily":false,"chose_seed":false,"campfire_upgraded":3,"win_rate":0.0,"timestamp":1570761982,"path_taken":["M","M","M","?","M","R","E","M","T","?","$","R","?","E","R","BOSS","M","?","M","?","M","R","E","$","T","R","?","M","R","?","R","BOSS"],"build_version":"2019-07-17","purchased_purges":0,"victory":false,"max_hp_per_floor":[75,75,75,75,75,75,75,75,75,75,75,75,75,75,75,75,75,75,75,75,75,75,75,75,75,75,75,75,75,75,52,52,52],"card_choices":[{"not_picked":["Compile Driver","Glacier"],"picked":"Melter","floor":1.0},{"not_picked":["Chaos","Streamline"],"picked":"Coolheaded","floor":2.0},{"not_picked":["Force Field","Skim"],"picked":"Gash","floor":3.0},{"not_picked":["Steam","Hologram"],"picked":"Beam Cell","floor":5.0},{"not_picked":["Sweeping Beam","Leap"],"picked":"Conserve Battery","floor":7.0},{"not_picked":["Sweeping Beam","Barrage"],"picked":"Glacier","floor":8.0},{"not_picked":["Steam Power","Heatsinks"],"picked":"Buffer","floor":14.0},{"not_picked":["Amplify","Reboot"],"picked":"Thunder Strike","floor":16.0},{"not_picked":["Barrage","Storm"],"picked":"Conserve Battery+1","floor":18.0},{"not_picked":["Coolheaded+1","Compile Driver"],"picked":"Cold Snap+1","floor":20.0},{"not_picked":["Heatsinks","Seek"],"picked":"Defragment","floor":22.0},{"not_picked":["Compile Driver","Chaos"],"picked":"Skim+1","floor":24.0},{"not_picked":["Compile Driver","Barrage"],"picked":"Amplify","floor":28},{"not_picked":["Barrage","Compile Driver"],"picked":"Sweeping Beam","floor":29}],"player_experience":40012,"relics_obtained":[{"floor":7.0,"key":"Kunai"},{"floor":9.0,"key":"Darkstone Periapt"},{"floor":14.0,"key":"Matryoshka"},{"floor":24.0,"key":"Boot"},{"floor":26.0,"key":"Orichalcum"},{"floor":26.0,"key":"Unceasing Top"}],"event_choices":[{"damage_healed":0.0,"max_hp_gain":0.0,"max_hp_loss":0.0,"gold_gain":0.0,"event_name":"Shining Light","player_choice":"Ignored","floor":4.0,"gold_loss":0.0,"damage_taken":0.0},{"damage_healed":0.0,"max_hp_gain":0.0,"max_hp_loss":0.0,"gold_gain":51.0,"event_name":"Golden Wing","player_choice":"Gained Gold","floor":10.0,"gold_loss":0.0,"damage_taken":0.0},{"damage_healed":18.0,"max_hp_gain":0.0,"max_hp_loss":0.0,"gold_gain":0.0,"event_name":"The Cleric","player_choice":"Healed","floor":13.0,"gold_loss":35.0,"damage_taken":0.0},{"damage_healed":0.0,"max_hp_gain":0.0,"max_hp_loss":0.0,"gold_gain":0.0,"event_name":"Back to Basics","player_choice":"Simplicity","floor":19.0,"gold_loss":0.0,"damage_taken":0.0,"cards_upgraded":["Strike_B","Strike_B","Strike_B","Strike_B","Defend_B","Defend_B","Defend_B","Defend_B"]},{"damage_healed":0.0,"max_hp_gain":0.0,"max_hp_loss":0.0,"gold_gain":0.0,"event_name":"WeMeetAgain","player_choice":"Gave Potion","floor":21.0,"gold_loss":0.0,"damage_taken":0.0,"relics_obtained":["Meat on the Bone"]},{"damage_healed":0,"gold_gain":0,"player_choice":"Became a vampire","damage_taken":0,"max_hp_gain":0,"max_hp_loss":23,"event_name":"Vampires","floor":31,"gold_loss":0,"cards_obtained":["Bite","Bite","Bite","Bite","Bite"]}],"is_beta":false,"boss_relics":[{"not_picked":["Runic Pyramid","Ectoplasm"],"picked":"Nuclear Battery"}],"items_purged_floors":[],"is_endless":false,"potions_floor_spawned":[3,7,14,16,28,29],"killed_by":"Automaton","ascension_level":0}