{"gold_per_floor":[110,130,130,55,75,111,125,125,149,185,185,208,208,108,108,234,234,219,219,219,257,271,304,304,345,372,372,387,387,420,444,444,565,565,586,586,602,824,294,337,350,371,371,226,270,283,76,109,109,109,109,109,61,104,104],"floor_reached":55,"playtime":4825,"items_purged":["Defend_B","Strike_B"],"score":837,"play_id":"7a5100e4-6fd7-4b3a-81d2-3c93e8e7668f","local_time":"20190816110421","is_ascension_mode":true,"campfire_choices":[{"floor":8,"key":"REST"},{"data":"Glacier","floor":15,"key":"SMITH"},{"data":"Echo Form","floor":29,"key":"SMITH"},{"data":"Zap","floor":32,"key":"SMITH"},{"floor":49,"key":"RECALL"},{"data":"Dualcast","floor":52,"key":"SMITH"}],"neow_cost":"NONE","seed_source_timestamp":185618100630100,"circlet_count":0,"master_deck":["Zap+1","Dualcast+1","Steam","Coolheaded","Glacier+1","Ball Lightning","Cold Snap+1","Defragment+1","Doom and Gloom","Barrage","Core Surge","Force Field","Hologram","Self Repair","Echo Form+1","Recycle","Coolheaded+1","Steam","Lockon+1","Beam Cell+1","Steam+1","Reboot","Panache","Defragment+1","Skim+1","Core Surge+1","Darkness+1","Go for the Eyes+1"],"relics":["FrozenCore","Golden Idol","Vajra","Anchor","Whetstone","Bottled Lightning","Pandora\u0027s Box","Nilry\u0027s Codex","Red Mask","Boot","Molten Egg 2","Dream Catcher","Bag of Marbles","Happy Flower","Frozen Eye","PreservedInsect","Kunai","DataDisk","Meat on the Bone","DollysMirror","Question Card","Letter Opener"],"potions_floor_usage":[6,21,23,30,33,40,46,48,54],"damage_taken":[{"damage":2,"enemies":"Small Slimes","floor":1,"turns":3},{"damage":2,"enemies":"Jaw Worm","floor":2,"turns":4},{"damage":2,"enemies":"2 Louse","floor":5,"turns":2},{"damage":18,"enemies":"Lagavulin","floor":6,"turns":8},{"damage":0,"enemies":"Exordium Wildlife","floor":7,"turns":4},{"damage":16,"enemies":"3 Sentries","floor":10,"turns":7},{"damage":0,"enemies":"Blue Slaver","floor":12,"turns":2},{"damage":17,"enemies":"Hexaghost","floor":16,"turns":10},{"damage":0,"enemies":"2 Thieves","floor":18,"turns":4},{"damage":7,"enemies":"Masked Bandits","floor":21,"turns":4},{"damage":2,"enemies":"Shell Parasite","floor":22,"turns":6},{"damage":21,"enemies":"Book of Stabbing","floor":23,"turns":6},{"damage":17,"enemies":"Gremlin Leader","floor":25,"turns":8},{"damage":1,"enemies":"Snake Plant","floor":28,"turns":7},{"damage":24,"enemies":"Slavers","floor":30,"turns":5},{"damage":0,"enemies":"Snecko","floor":31,"turns":7},{"damage":8,"enemies":"Champ","floor":33,"turns":10},{"damage":0,"enemies":"Orb Walker","floor":35,"turns":4},{"damage":8,"enemies":"3 Shapes","floor":37,"turns":5},{"damage":2,"enemies":"Giant Head","floor":40,"turns":10},{"damage":4,"enemies":"Transient","floor":41,"turns":5},{"damage":7,"enemies":"Jaw Worm Horde","floor":42,"turns":4},{"damage":36,"enemies":"Nemesis","floor":45,"turns":5},{"damage":0,"enemies":"Spire Growth","floor":46,"turns":6},{"damage":34,"enemies":"Giant Head","floor":48,"turns":7},{"damage":40,"enemies":"Awakened One","floor":50,"turns":17},{"damage":24,"enemies":"Shield and Spear","floor":54,"turns":9},{"damage":71,"enemies":"The Heart","floor":55,"turns":6}],"seed_played":"6233537773488037469","potions_obtained":[{"floor":1,"key":"Dexterity Potion"},{"floor":10,"key":"Regen Potion"},{"floor":12,"key":"FairyPotion"},{"floor":16,"key":"Strength Potion"},{"floor":23,"key":"Regen Potion"},{"floor":28,"key":"EssenceOfSteel"},{"floor":30,"key":"Regen Potion"},{"floor":35,"key":"Strength Potion"},{"floor":42,"key":"Energy Potion"},{"floor":48,"key":"Ancient Potion"}],"is_trial":false,"path_per_floor":["M","M","?","$","M","E","M","R","T","E","?","M","T","$","R","B",null,"M","?","$","?","M","E","T","E","T","?","M","R","E","M","R","B",null,"M","?","M","?","$","E","M","M","T","$","E","M","$","E","R","B",null,"R","$","E","B"],"character_chosen":"DEFECT","items_purchased":["Happy Flower","Frozen Eye","Panache","DataDisk","DollysMirror","Go for the Eyes+1"],"campfire_rested":1,"item_purchase_floors":[39,39,39,44,47,53],"current_hp_per_floor":[73,71,53,53,51,33,33,55,55,39,39,39,39,39,39,22,75,75,59,59,52,64,72,72,62,62,62,68,68,51,58,58,72,75,75,75,75,75,75,75,75,75,75,75,53,60,60,54,54,26,75,75,75,58,0],"gold":104,"neow_bonus":"THREE_CARDS","is_prod":false,"is_daily":false,"chose_seed":false,"campfire_upgraded":4,"win_rate":0,"timestamp":1565978661,"path_taken":["M","M","?","$","M","E","M","R","T","E","?","M","?","$","R","BOSS","M","?","$","?","M","E","?","E","T","?","?","R","E","M","R","BOSS","M","?","M","?","?","E","M","M","T","$","E","M","$","E","R","BOSS","R","$","E","BOSS"],"build_version":"2019-08-15","purchased_purges":2,"victory":false,"max_hp_per_floor":[75,75,75,75,75,75,75,75,75,75,75,75,75,75,75,75,75,75,75,75,75,75,75,75,75,75,75,75,75,75,75,75,75,75,75,75,75,75,75,75,75,75,75,75,75,75,75,75,75,75,75,75,75,75,75],"card_choices":[{"not_picked":["Redo","Barrage"],"picked":"Steam","floor":0},{"not_picked":["Storm","Stack"],"picked":"Coolheaded","floor":1},{"not_picked":["Hologram","Beam Cell"],"picked":"Glacier","floor":2},{"not_picked":["Reprogram","Streamline"],"picked":"Ball Lightning","floor":5},{"not_picked":["Multi-Cast","Steam"],"picked":"Cold Snap","floor":6},{"not_picked":["Sweeping Beam","Stack"],"picked":"Defragment","floor":7},{"not_picked":["Darkness","Coolheaded"],"picked":"Doom and Gloom","floor":10},{"not_picked":["Cold Snap","Auto Shields"],"picked":"Barrage","floor":12},{"not_picked":["Rainbow","Hyperbeam"],"picked":"Core Surge","floor":16},{"not_picked":["Go for the Eyes","Leap"],"picked":"Steam+1","floor":18},{"not_picked":["Auto Shields","Go for the Eyes"],"picked":"Recycle","floor":21},{"not_picked":["Barrage+1","Double Energy","Gash"],"picked":"SKIP","floor":22},{"not_picked":["Reboot","Rebound"],"picked":"Coolheaded+1","floor":23},{"not_picked":["Auto Shields","Turbo+1","Barrage+1"],"picked":"SKIP","floor":25},{"not_picked":["Darkness","Stack+1"],"picked":"Beam Cell+1","floor":28},{"not_picked":["Undo","Rebound+1"],"picked":"Steam+1","floor":30},{"not_picked":["Hello World","Conserve Battery","Storm+1"],"picked":"SKIP","floor":31},{"not_picked":["Fission","Amplify"],"picked":"Reboot","floor":33},{"not_picked":["Beam Cell+1","Heatsinks","Cold Snap+1"],"picked":"SKIP","floor":35},{"not_picked":["Static Discharge","Coolheaded","Compile Driver+1"],"picked":"SKIP","floor":37},{"not_picked":["Redo+1","Rip and Tear+1"],"picked":"Defragment+1","floor":40},{"not_picked":["Coolheaded+1","Hello World+1","Hologram"],"picked":"SKIP","floor":41},{"not_picked":["Gash+1","Barrage+1","Chaos+1"],"picked":"SKIP","floor":42},{"not_picked":["FTL+1","Melter+1"],"picked":"Skim+1","floor":45},{"not_picked":["Conserve Battery","Amplify","Fusion+1"],"picked":"SKIP","floor":46},{"not_picked":["Compile Driver+1","Leap"],"picked":"Darkness+1","floor":48},{"not_picked":["Turbo+1","Melter+1","Beam Cell+1","Redo"],"picked":"SKIP","floor":54}],"player_experience":1394203,"relics_obtained":[{"floor":6,"key":"Vajra"},{"floor":9,"key":"Anchor"},{"floor":10,"key":"Whetstone"},{"floor":13,"key":"Bottled Lightning"},{"floor":19,"key":"Nilry\u0027s Codex"},{"floor":21,"key":"Red Mask"},{"floor":23,"key":"Boot"},{"floor":25,"key":"Molten Egg 2"},{"floor":26,"key":"Dream Catcher"},{"floor":30,"key":"Bag of Marbles"},{"floor":40,"key":"PreservedInsect"},{"floor":43,"key":"Kunai"},{"floor":45,"key":"Meat on the Bone"},{"floor":48,"key":"Question Card"},{"floor":54,"key":"Letter Opener"}],"event_choices":[{"damage_healed":0,"gold_gain":0,"player_choice":"Take Damage","damage_taken":18,"relics_obtained":["Golden Idol"],"max_hp_gain":0,"max_hp_loss":0,"event_name":"Golden Idol","floor":3,"gold_loss":0},{"damage_healed":0,"gold_gain":0,"player_choice":"Grow","damage_taken":0,"max_hp_gain":0,"max_hp_loss":0,"event_name":"Living Wall","floor":11,"gold_loss":0,"cards_upgraded":["Defragment"]},{"damage_healed":0,"gold_gain":0,"player_choice":"Obtained Book","damage_taken":16,"max_hp_gain":0,"max_hp_loss":0,"event_name":"Cursed Tome","floor":19,"gold_loss":0},{"damage_healed":0,"gold_gain":0,"player_choice":"Fought Bandits","damage_taken":0,"max_hp_gain":0,"max_hp_loss":0,"event_name":"Masked Bandits","floor":21,"gold_loss":0},{"damage_healed":0,"gold_gain":0,"cards_transformed":["Meteor Strike","Multi-Cast"],"player_choice":"Became Test Subject","damage_taken":0,"max_hp_gain":0,"max_hp_loss":0,"event_name":"Drug Dealer","floor":27,"gold_loss":0,"cards_obtained":["Steam","Lockon"]},{"cards_removed":["Steam"],"damage_healed":0,"gold_gain":0,"player_choice":"Removed Skill","damage_taken":0,"max_hp_gain":0,"max_hp_loss":0,"event_name":"Falling","floor":36,"gold_loss":0},{"damage_healed":0,"gold_gain":222,"player_choice":"Wore Mask","damage_taken":0,"max_hp_gain":0,"max_hp_loss":0,"event_name":"Tomb of Lord Red Mask","floor":38,"gold_loss":0}],"is_beta":true,"boss_relics":[{"not_picked":["Cursed Key","Snecko Eye"],"picked":"Pandora\u0027s Box"},{"not_picked":["Calling Bell","Sozu"],"picked":"FrozenCore"}],"items_purged_floors":[4,14],"is_endless":false,"potions_floor_spawned":[1,10,12,16,23,28,30,35,42,45,48],"killed_by":"The Heart","ascension_level":1}