{"gold_per_floor":[19,32,46,46,46,46,82,103,403,403,417,417,430,470,470,595,595,610,599,624,638,651,651,666,666,666,791,791,211,234,234,234,365,365,390,390,36,50,50,85,85,104,156,175,198,198,298,321,321,321,321,321,26,66,66],"floor_reached":56,"playtime":8064,"items_purged":["Strike_G"],"score":1193,"play_id":"e8f6944b-ef3a-41ba-bc89-ec34f7fb5ea3","local_time":"20191013063055","is_ascension_mode":false,"campfire_choices":[{"data":"Neutralize","floor":6,"key":"SMITH"},{"floor":10,"key":"REST"},{"data":"Terror","floor":12,"key":"SMITH"},{"floor":15,"key":"REST"},{"data":"Adrenaline","floor":23,"key":"SMITH"},{"floor":25,"key":"REST"},{"data":"Leg Sweep","floor":28,"key":"SMITH"},{"data":"Venomology","floor":32,"key":"SMITH"},{"data":"Wraith Form v2","floor":41,"key":"SMITH"},{"data":"Caltrops","floor":46,"key":"SMITH"},{"floor":49,"key":"RECALL"},{"data":"PiercingWail","floor":52,"key":"SMITH"}],"neow_cost":"NO_GOLD","seed_source_timestamp":418129929627200,"circlet_count":0,"master_deck":["Strike_G","Strike_G","Strike_G","Strike_G","Defend_G+1","Defend_G+1","Defend_G","Defend_G","Defend_G","Survivor","Neutralize+1","Predator+1","Leg Sweep+1","Dagger Spray+1","PiercingWail","Deadly Poison","Terror+1","Caltrops+1","Adrenaline+1","Backstab","Calculated Gamble","Escape Plan","Blur+1","Backflip","Bouncing Flask+1","Prepared","Venomology+1","Wraith Form v2+1","Dagger Throw+1","Parasite","PiercingWail+1"],"relics":["Ring of the Snake","Mango","Golden Idol","Ninja Scroll","Old Coin","Du-Vu Doll","White Beast Statue","Gambling Chip","Pantograph","Pocketwatch","Toy Ornithopter","Anchor","Busted Crown","Happy Flower","TwistedFunnel","Darkstone Periapt","Pear","Whetstone"],"potions_floor_usage":[14,16,20,24,30,30,33,33,33,38,40,40,42,42,44,44,45,48,50,50,50,50,55,55,55,55],"damage_taken":[{"damage":0,"enemies":"Small Slimes","floor":1,"turns":3},{"damage":0,"enemies":"Jaw Worm","floor":2,"turns":3},{"damage":0,"enemies":"Cultist","floor":3,"turns":3},{"damage":22,"enemies":"Gremlin Nob","floor":7,"turns":5},{"damage":3,"enemies":"Lots of Slimes","floor":8,"turns":3},{"damage":0,"enemies":"3 Louse","floor":11,"turns":2},{"damage":7,"enemies":"Blue Slaver","floor":13,"turns":3},{"damage":6,"enemies":"3 Sentries","floor":14,"turns":5},{"damage":19,"enemies":"The Guardian","floor":16,"turns":10},{"damage":11,"enemies":"Chosen","floor":18,"turns":4},{"damage":0,"enemies":"2 Thieves","floor":19,"turns":4},{"damage":0,"enemies":"Centurion and Healer","floor":20,"turns":7},{"damage":6,"enemies":"3 Cultists","floor":21,"turns":7},{"damage":6,"enemies":"Snake Plant","floor":22,"turns":4},{"damage":27,"enemies":"Sentry and Sphere","floor":24,"turns":9},{"damage":6,"enemies":"Colosseum Slavers","floor":27,"turns":4},{"damage":0,"enemies":"Colosseum Nobs","floor":27,"turns":4},{"damage":4,"enemies":"Shelled Parasite and Fungi","floor":30,"turns":6},{"damage":49,"enemies":"Collector","floor":33,"turns":12},{"damage":0,"enemies":"3 Shapes","floor":35,"turns":5},{"damage":0,"enemies":"3 Darklings","floor":38,"turns":4},{"damage":32,"enemies":"Reptomancer","floor":40,"turns":6},{"damage":0,"enemies":"Sphere and 2 Shapes","floor":42,"turns":4},{"damage":3,"enemies":"Writhing Mass","floor":44,"turns":5},{"damage":0,"enemies":"Transient","floor":45,"turns":5},{"damage":3,"enemies":"3 Darklings","floor":48,"turns":3},{"damage":72,"enemies":"Time Eater","floor":50,"turns":14},{"damage":15,"enemies":"Shield and Spear","floor":54,"turns":8},{"damage":90,"enemies":"The Heart","floor":55,"turns":12}],"seed_played":"-3146395302167543846","potions_obtained":[{"floor":1,"key":"SkillPotion"},{"floor":13,"key":"Explosive Potion"},{"floor":14,"key":"GamblersBrew"},{"floor":18,"key":"FearPotion"},{"floor":19,"key":"Dexterity Potion"},{"floor":20,"key":"Swift Potion"},{"floor":21,"key":"SkillPotion"},{"floor":24,"key":"Dexterity Potion"},{"floor":30,"key":"EssenceOfSteel"},{"floor":33,"key":"SpeedPotion"},{"floor":35,"key":"LiquidBronze"},{"floor":40,"key":"AttackPotion"},{"floor":42,"key":"GamblersBrew"},{"floor":44,"key":"FearPotion"},{"floor":45,"key":"Swift Potion"},{"floor":48,"key":"Energy Potion"},{"floor":54,"key":"SteroidPotion"}],"is_trial":false,"path_per_floor":["M","M","M","?","?","R","E","M","T","R","M","R","M","E","R","B",null,"M","M","M","M","M","R","M","R","T","?","R","$","M","?","R","B",null,"M","?","$","M","?","E","R","M","T","M","M","R","?","M","R","B",null,"R","$","E","B",null],"character_chosen":"THE_SILENT","items_purchased":["Toy Ornithopter","Anchor","Venomology","Happy Flower","TwistedFunnel","Pear","Dexterity Potion"],"campfire_rested":3,"item_purchase_floors":[29,29,29,37,37,53,53],"current_hp_per_floor":[84,84,84,78,62,62,40,37,37,60,60,60,53,47,70,51,78,67,67,67,61,55,55,28,51,51,45,45,45,51,88,88,43,88,88,88,88,88,84,62,62,72,72,85,90,90,90,90,90,38,90,90,100,85,35],"gold":66,"neow_bonus":"ONE_RARE_RELIC","is_prod":false,"is_daily":false,"chose_seed":false,"campfire_upgraded":8,"win_rate":0,"timestamp":1570966255,"path_taken":["M","M","M","?","?","R","E","M","T","R","M","R","M","E","R","BOSS","M","M","M","M","M","R","M","R","T","?","R","$","M","?","R","BOSS","M","?","$","?","?","E","R","M","T","M","M","R","?","?","R","BOSS","R","$","E","BOSS"],"build_version":"2019-07-17","purchased_purges":1,"victory":true,"max_hp_per_floor":[84,84,84,78,78,78,78,78,78,78,78,78,78,78,78,78,78,78,78,78,78,78,78,78,78,78,78,78,78,78,88,88,88,88,88,88,88,88,84,84,84,84,84,90,90,90,90,90,90,90,90,90,100,100,100],"card_choices":[{"not_picked":["Riddle With Holes","PiercingWail"],"picked":"Predator","floor":1},{"not_picked":["Terror","Slice"],"picked":"Leg Sweep","floor":2},{"not_picked":["Acrobatics","Tactician"],"picked":"Dagger Spray","floor":3},{"not_picked":["Poisoned Stab","Infinite Blades"],"picked":"PiercingWail","floor":7},{"not_picked":["Choke","Deflect"],"picked":"Deadly Poison","floor":8},{"not_picked":["All Out Attack","PiercingWail"],"picked":"Terror","floor":11},{"not_picked":["Infinite Blades","Distraction"],"picked":"Caltrops","floor":13},{"not_picked":["Calculated Gamble","Unload"],"picked":"Adrenaline","floor":14},{"not_picked":["Doppelganger","Phantasmal Killer"],"picked":"Adrenaline","floor":16},{"not_picked":["Riddle With Holes","Quick Slash"],"picked":"Backstab","floor":18},{"not_picked":["Sucker Punch","Eviscerate"],"picked":"Calculated Gamble","floor":19},{"not_picked":["Expertise+1","Dagger Spray"],"picked":"Escape Plan","floor":20},{"not_picked":["Dash","PiercingWail"],"picked":"Blur+1","floor":21},{"not_picked":["Quick Slash","Flying Knee"],"picked":"Backflip","floor":22},{"not_picked":["Leg Sweep","PiercingWail"],"picked":"Bouncing Flask+1","floor":24},{"not_picked":["Flying Knee","Bouncing Flask"],"picked":"Prepared","floor":27},{"not_picked":["Blade Dance","All Out Attack+1","Flechettes"],"picked":"SKIP","floor":30},{"not_picked":["Bullet Time","Adrenaline"],"picked":"Wraith Form v2","floor":33},{"not_picked":[],"picked":"Dagger Throw+1","floor":35},{"not_picked":["All Out Attack+1"],"picked":"SKIP","floor":38},{"not_picked":["Infinite Blades"],"picked":"SKIP","floor":40},{"not_picked":["Bane"],"picked":"SKIP","floor":42},{"not_picked":["Dagger Spray"],"picked":"SKIP","floor":44},{"not_picked":["Underhanded Strike"],"picked":"SKIP","floor":45},{"not_picked":[],"picked":"PiercingWail","floor":48},{"not_picked":["Flying Knee+1"],"picked":"SKIP","floor":54}],"player_experience":138266,"relics_obtained":[{"floor":7,"key":"Ninja Scroll"},{"floor":9,"key":"Old Coin"},{"floor":14,"key":"Du-Vu Doll"},{"floor":26,"key":"Gambling Chip"},{"floor":27,"key":"Pantograph"},{"floor":27,"key":"Pocketwatch"},{"floor":40,"key":"Darkstone Periapt"},{"floor":54,"key":"Whetstone"}],"event_choices":[{"damage_healed":0,"gold_gain":0,"player_choice":"Lose Max HP","damage_taken":0,"relics_obtained":["Golden Idol"],"max_hp_gain":0,"max_hp_loss":6,"event_name":"Golden Idol","floor":4,"gold_loss":0},{"damage_healed":0,"gold_gain":0,"player_choice":"Entered Light","damage_taken":16,"max_hp_gain":0,"max_hp_loss":0,"event_name":"Shining Light","floor":5,"gold_loss":0,"cards_upgraded":["Defend_G","Defend_G"]},{"damage_healed":0,"gold_gain":0,"player_choice":"Fight","damage_taken":0,"max_hp_gain":0,"max_hp_loss":0,"event_name":"Colosseum","floor":27,"gold_loss":0},{"damage_healed":0,"gold_gain":0,"player_choice":"Fought Nobs","damage_taken":0,"max_hp_gain":0,"max_hp_loss":0,"event_name":"Colosseum","floor":27,"gold_loss":0},{"cards_removed":["Adrenaline"],"damage_healed":27,"gold_gain":0,"player_choice":"Offered Rare","damage_taken":0,"max_hp_gain":10,"max_hp_loss":0,"event_name":"Bonfire Elementals","floor":31,"gold_loss":0},{"damage_healed":0,"gold_gain":0,"player_choice":"Ignored","damage_taken":0,"max_hp_gain":0,"max_hp_loss":0,"event_name":"NoteForYourself","floor":36,"gold_loss":0},{"damage_healed":0,"gold_gain":0,"player_choice":"Max HP","damage_taken":0,"max_hp_gain":0,"max_hp_loss":4,"event_name":"Winding Halls","floor":39,"gold_loss":0},{"damage_healed":0,"gold_gain":100,"player_choice":"Pray","damage_taken":0,"max_hp_gain":0,"max_hp_loss":0,"event_name":"Golden Shrine","floor":47,"gold_loss":0}],"is_beta":false,"boss_relics":[{"not_picked":["Snecko Eye","Coffee Dripper"],"picked":"White Beast Statue"},{"not_picked":["Empty Cage","Velvet Choker"],"picked":"Busted Crown"}],"items_purged_floors":[29],"is_endless":false,"potions_floor_spawned":[1,13,14,18,19,20,21,22,24,27,27,30,33,35,38,40,42,44,45,48,54],"ascension_level":0}