{"gold_per_floor":[111,127,127,139,159,193,29,29,106,124,152,152,122,122],"floor_reached":14,"playtime":669,"items_purged":[],"score":100,"play_id":"f487d5ee-1450-441b-b4de-1c93c60d0450","local_time":"20191015174130","is_ascension_mode":false,"campfire_choices":[{"floor":8,"key":"REST"}],"neow_cost":"NONE","seed_source_timestamp":179327141016200,"circlet_count":0,"master_deck":["Strike_G","Strike_G","Strike_G","Strike_G","Strike_G","Defend_G","Defend_G","Defend_G","Defend_G","Defend_G","Survivor","Neutralize","Poisoned Stab","Dodge and Roll","Noxious Fumes","Catalyst","Corpse Explosion"],"relics":["Ring of the Snake","Tingsha","Mummified Hand","Orichalcum"],"potions_floor_usage":[11,11],"damage_taken":[{"damage":2,"enemies":"Jaw Worm","floor":1,"turns":6},{"damage":0,"enemies":"Cultist","floor":2,"turns":3},{"damage":1,"enemies":"2 Louse","floor":4,"turns":4},{"damage":8,"enemies":"2 Fungi Beasts","floor":5,"turns":4},{"damage":32,"enemies":"Lagavulin","floor":6,"turns":10},{"damage":22,"enemies":"Gremlin Gang","floor":10,"turns":3},{"damage":26,"enemies":"Gremlin Nob","floor":11,"turns":5},{"damage":11,"enemies":"Lots of Slimes","floor":14,"turns":2}],"seed_played":"-2542381915548413347","potions_obtained":[{"floor":4,"key":"Ancient Potion"},{"floor":6,"key":"GhostInAJar"},{"floor":10,"key":"AttackPotion"},{"floor":13,"key":"PowerPotion"},{"floor":13,"key":"LiquidBronze"}],"is_trial":false,"path_per_floor":["M","M","?","M","M","E","$","R","T","M","E","?","?","M"],"character_chosen":"THE_SILENT","items_purchased":["Corpse Explosion"],"campfire_rested":1,"item_purchase_floors":[7],"current_hp_per_floor":[75,75,75,74,66,34,34,57,57,35,9,9,9,0],"gold":122,"neow_bonus":"TEN_PERCENT_HP_BONUS","is_prod":false,"is_daily":false,"chose_seed":false,"campfire_upgraded":0,"win_rate":0.0,"timestamp":1571186490,"path_taken":["M","M","?","M","M","E","?","R","T","M","E","?","?","M"],"build_version":"2019-07-17","purchased_purges":0,"victory":false,"max_hp_per_floor":[77,77,77,77,77,77,77,77,77,77,77,77,77,77],"card_choices":[{"not_picked":["Acrobatics","Flying Knee"],"picked":"Poisoned Stab","floor":1},{"not_picked":["Flying Knee","Underhanded Strike"],"picked":"Dodge and Roll","floor":2},{"not_picked":["Escape Plan","Heel Hook"],"picked":"Noxious Fumes","floor":4},{"not_picked":["Cloak And Dagger","Finisher","Blade Dance"],"picked":"SKIP","floor":5},{"not_picked":["Endless Agony","Outmaneuver"],"picked":"Catalyst","floor":6},{"not_picked":["Flechettes","Cloak And Dagger","Deflect"],"picked":"SKIP","floor":10},{"not_picked":["Storm of Steel","Underhanded Strike","Blade Dance"],"picked":"SKIP","floor":11}],"player_experience":66114,"relics_obtained":[{"floor":6,"key":"Tingsha"},{"floor":9,"key":"Mummified Hand"},{"floor":11,"key":"Orichalcum"}],"event_choices":[{"damage_healed":0,"gold_gain":0,"player_choice":"Leave","damage_taken":0,"max_hp_gain":0,"max_hp_loss":0,"event_name":"FaceTrader","floor":3,"gold_loss":0},{"damage_healed":0,"gold_gain":0,"player_choice":"Fled","damage_taken":0,"max_hp_gain":0,"max_hp_loss":0,"event_name":"Scrap Ooze","floor":12,"gold_loss":0},{"damage_healed":0,"gold_gain":0,"player_choice":"Bought 2 Potions","damage_taken":0,"max_hp_gain":0,"max_hp_loss":0,"event_name":"The Woman in Blue","floor":13,"gold_loss":0}],"is_beta":false,"boss_relics":[],"items_purged_floors":[],"is_endless":false,"potions_floor_spawned":[4,6,10],"killed_by":"Lots of Slimes","ascension_level":0}