{"gold_per_floor":[109,126,143,143,143,171,137,137,137,170,185,185,209,239,239,344,344,360,12,12,12,27,62,62,92,92,125,142,158,192,207,207,304,304,323,79,0,0,20,20,52,52,52,77,91,91,191,219,219,219,219,219,23,50,50],"floor_reached":56,"playtime":3518,"items_purged":[],"score":1668,"play_id":"120de46f-5463-4cad-a908-910f7ed4fe7d","local_time":"20190825124405","is_ascension_mode":true,"campfire_choices":[{"floor":8,"key":"DIG"},{"floor":12,"key":"REST"},{"floor":15,"key":"DIG"},{"floor":32,"key":"DIG"},{"floor":40,"key":"DIG"},{"floor":46,"key":"RECALL"},{"floor":49,"key":"DIG"},{"floor":52,"key":"DIG"}],"neow_cost":"NONE","seed_source_timestamp":222953857925400,"circlet_count":0,"master_deck":["Survivor+1","Neutralize+1","Adrenaline+1","Quick Slash+1","Deadly Poison","Noxious Fumes","Dash","Cloak And Dagger+1","Burst+1","Malaise+1","Bouncing Flask+1","Adrenaline+1","Corpse Explosion+1","Unload","Terror+1","Dagger Spray","Tactician+1","Outmaneuver+1","Adrenaline+1","Backflip+1","Deflect+1","Skewer+1","Calculated Gamble+1","Acrobatics+1","Night Terror+1","Prepared+1","Backflip+1"],"relics":["Ring of the Snake","Shovel","Toxic Egg 2","Ice Cream","Blue Candle","Anchor","Whetstone","Blood Vial","Pandora\u0027s Box","DollysMirror","Regal Pillow","Strawberry","Juzu Bracelet","Letter Opener","Tingsha","Pantograph","Dream Catcher","Busted Crown","Shuriken","Red Mask","PreservedInsect","Question Card","Bag of Marbles","Ancient Tea Set","Torii","War Paint","Pen Nib","Mummified Hand","Medical Kit","Centennial Puzzle"],"potions_floor_usage":[16,16,16,41,50,55,55,55],"damage_taken":[{"damage":5,"enemies":"Jaw Worm","floor":1,"turns":4},{"damage":0,"enemies":"Small Slimes","floor":2,"turns":3},{"damage":0,"enemies":"2 Louse","floor":3,"turns":3},{"damage":30,"enemies":"Gremlin Nob","floor":6,"turns":4},{"damage":8,"enemies":"Lagavulin","floor":10,"turns":7},{"damage":10,"enemies":"Exordium Thugs","floor":11,"turns":4},{"damage":4,"enemies":"3 Sentries","floor":14,"turns":5},{"damage":0,"enemies":"Slime Boss","floor":16,"turns":7},{"damage":0,"enemies":"Spheric Guardian","floor":18,"turns":2},{"damage":0,"enemies":"Chosen","floor":22,"turns":3},{"damage":0,"enemies":"Slavers","floor":23,"turns":2},{"damage":4,"enemies":"Gremlin Leader","floor":25,"turns":4},{"damage":0,"enemies":"Book of Stabbing","floor":27,"turns":2},{"damage":0,"enemies":"Snecko","floor":28,"turns":3},{"damage":0,"enemies":"Snake Plant","floor":29,"turns":3},{"damage":0,"enemies":"Gremlin Leader","floor":30,"turns":3},{"damage":2,"enemies":"Shelled Parasite and Fungi","floor":31,"turns":3},{"damage":0,"enemies":"Collector","floor":33,"turns":4},{"damage":0,"enemies":"Orb Walker","floor":35,"turns":1},{"damage":0,"enemies":"3 Darklings","floor":39,"turns":2},{"damage":7,"enemies":"Reptomancer","floor":41,"turns":3},{"damage":5,"enemies":"Giant Head","floor":44,"turns":5},{"damage":0,"enemies":"Jaw Worm Horde","floor":45,"turns":2},{"damage":0,"enemies":"Mind Bloom Boss Battle","floor":47,"turns":2},{"damage":0,"enemies":"Nemesis","floor":48,"turns":1},{"damage":1,"enemies":"Awakened One","floor":50,"turns":8},{"damage":0,"enemies":"Shield and Spear","floor":54,"turns":2},{"damage":40,"enemies":"The Heart","floor":55,"turns":5}],"seed_played":"4574015630568239209","potions_obtained":[{"floor":1,"key":"GamblersBrew"},{"floor":10,"key":"Strength Potion"},{"floor":11,"key":"AttackPotion"},{"floor":18,"key":"Energy Potion"},{"floor":23,"key":"SpeedPotion"},{"floor":27,"key":"Ancient Potion"},{"floor":41,"key":"GamblersBrew"},{"floor":45,"key":"PowerPotion"},{"floor":54,"key":"Fruit Juice"}],"is_trial":false,"path_per_floor":["M","M","M","?","?","E","?","R","T","E","M","R","T","E","R","B",null,"M","$","?","?","M","E","?","E","T","E","M","M","E","M","R","B",null,"M","$","?","?","M","R","E","?","T","E","M","R","?","E","R","B",null,"R","$","E","B",null],"character_chosen":"THE_SILENT","items_purchased":["DollysMirror","Regal Pillow","Shuriken","Medical Kit"],"campfire_rested":1,"item_purchase_floors":[19,19,36,53],"current_hp_per_floor":[65,65,65,58,70,40,40,40,40,32,22,43,43,39,39,41,70,70,70,70,70,70,77,77,73,73,75,77,77,77,75,75,77,77,77,77,77,77,77,77,70,70,70,67,69,69,77,77,77,76,77,77,77,77,42],"gold":50,"neow_bonus":"ONE_RANDOM_RARE_CARD","is_prod":false,"is_daily":false,"chose_seed":false,"campfire_upgraded":0,"win_rate":0,"timestamp":1566762245,"path_taken":["M","M","M","?","?","E","?","R","T","E","M","R","?","E","R","BOSS","M","$","?","?","?","E","?","E","T","E","M","M","E","M","R","BOSS","M","$","?","?","M","R","E","?","T","E","M","R","?","E","R","BOSS","R","$","E","BOSS"],"build_version":"2019-08-23","purchased_purges":0,"victory":true,"max_hp_per_floor":[70,70,70,70,70,70,70,70,70,70,70,70,70,70,70,70,70,70,70,70,70,70,77,77,77,77,77,77,77,77,77,77,77,77,77,77,77,77,77,77,77,77,77,77,77,77,77,77,77,77,77,77,77,77,82],"card_choices":[{"not_picked":["Slice","Outmaneuver"],"picked":"Quick Slash","floor":1},{"not_picked":["Expertise","Accuracy"],"picked":"Deadly Poison","floor":2},{"not_picked":["All Out Attack","Flying Knee"],"picked":"Noxious Fumes","floor":3},{"not_picked":["Concentrate","Setup"],"picked":"Dash","floor":6},{"not_picked":["Deadly Poison+1","Flechettes"],"picked":"Dagger Spray","floor":10},{"not_picked":["Prepared+1","Flying Knee"],"picked":"Cloak And Dagger+1","floor":11},{"not_picked":["Slice","Cloak And Dagger+1"],"picked":"Burst+1","floor":14},{"not_picked":["Wraith Form v2","Unload"],"picked":"Malaise+1","floor":16},{"not_picked":["Masterful Stab","Setup+1"],"picked":"Outmaneuver+1","floor":18},{"not_picked":["Slice+1","PiercingWail+1"],"picked":"Deflect+1","floor":22},{"not_picked":["Poisoned Stab","Accuracy"],"picked":"Skewer+1","floor":23},{"not_picked":["Sucker Punch","Tactician+1"],"picked":"Calculated Gamble+1","floor":25},{"not_picked":["Underhanded Strike","Heel Hook","Dash"],"picked":"SKIP","floor":27},{"not_picked":["Finisher+1","Slice","Die Die Die"],"picked":"SKIP","floor":28},{"not_picked":["Predator","Finisher","Deflect+1"],"picked":"SKIP","floor":29},{"not_picked":["Cloak And Dagger+1","Setup+1"],"picked":"Acrobatics+1","floor":30},{"not_picked":["Underhanded Strike+1","PiercingWail+1","Slice"],"picked":"SKIP","floor":31},{"not_picked":["Corpse Explosion+1","A Thousand Cuts"],"picked":"Night Terror+1","floor":33},{"not_picked":["Bane"],"picked":"SKIP","floor":35},{"not_picked":["Dash+1"],"picked":"SKIP","floor":39},{"not_picked":["Escape Plan+1"],"picked":"Prepared+1","floor":41},{"not_picked":["Riddle With Holes+1","Well Laid Plans+1"],"picked":"SKIP","floor":44},{"not_picked":["Dash+1","Flying Knee+1"],"picked":"SKIP","floor":45},{"not_picked":["Flying Knee"],"picked":"Backflip+1","floor":47},{"not_picked":["Prepared+1","Slice+1"],"picked":"SKIP","floor":48},{"not_picked":["Quick Slash","Die Die Die"],"picked":"SKIP","floor":54}],"player_experience":1422142,"relics_obtained":[{"floor":6,"key":"Shovel"},{"floor":8,"key":"Toxic Egg 2"},{"floor":9,"key":"Ice Cream"},{"floor":10,"key":"Blue Candle"},{"floor":13,"key":"Anchor"},{"floor":14,"key":"Whetstone"},{"floor":15,"key":"Blood Vial"},{"floor":23,"key":"Strawberry"},{"floor":25,"key":"Juzu Bracelet"},{"floor":26,"key":"Letter Opener"},{"floor":27,"key":"Tingsha"},{"floor":30,"key":"Pantograph"},{"floor":32,"key":"Dream Catcher"},{"floor":40,"key":"Question Card"},{"floor":41,"key":"Bag of Marbles"},{"floor":44,"key":"Ancient Tea Set"},{"floor":47,"key":"Torii"},{"floor":48,"key":"War Paint"},{"floor":49,"key":"Pen Nib"},{"floor":52,"key":"Mummified Hand"},{"floor":54,"key":"Centennial Puzzle"}],"event_choices":[{"cards_removed":["Strike_G"],"damage_healed":0,"gold_gain":0,"player_choice":"Card Removal","damage_taken":7,"max_hp_gain":0,"max_hp_loss":0,"event_name":"Golden Wing","floor":4,"gold_loss":0},{"damage_healed":23,"gold_gain":0,"player_choice":"Banana","damage_taken":0,"max_hp_gain":0,"max_hp_loss":0,"event_name":"Big Fish","floor":5,"gold_loss":0},{"damage_healed":0,"gold_gain":0,"player_choice":"Left Gold","damage_taken":0,"max_hp_gain":0,"max_hp_loss":0,"event_name":"World of Goop","floor":7,"gold_loss":34},{"damage_healed":0,"gold_gain":0,"player_choice":"Read","damage_taken":0,"max_hp_gain":0,"max_hp_loss":0,"event_name":"The Library","floor":20,"gold_loss":0,"cards_obtained":["Backflip"]},{"cards_removed":["Endless Agony"],"damage_healed":0,"gold_gain":0,"player_choice":"Offered Uncommon","damage_taken":0,"max_hp_gain":0,"max_hp_loss":0,"event_name":"Bonfire Elementals","floor":21,"gold_loss":0},{"cards_removed":["All Out Attack"],"damage_healed":0,"gold_gain":0,"player_choice":"Elegance","damage_taken":0,"max_hp_gain":0,"max_hp_loss":0,"event_name":"Back to Basics","floor":24,"gold_loss":0},{"damage_healed":0,"gold_gain":0,"player_choice":"Paid","damage_taken":0,"relics_obtained":["Red Mask"],"max_hp_gain":0,"max_hp_loss":0,"event_name":"Tomb of Lord Red Mask","floor":37,"gold_loss":79},{"damage_healed":0,"gold_gain":0,"player_choice":"Gave Potion","damage_taken":0,"relics_obtained":["PreservedInsect"],"max_hp_gain":0,"max_hp_loss":0,"event_name":"WeMeetAgain","floor":38,"gold_loss":0},{"cards_removed":["Dagger Spray"],"damage_healed":0,"gold_gain":0,"player_choice":"Removed Attack","damage_taken":0,"max_hp_gain":0,"max_hp_loss":0,"event_name":"Falling","floor":42,"gold_loss":0},{"damage_healed":0,"gold_gain":0,"player_choice":"Fight","damage_taken":0,"max_hp_gain":0,"max_hp_loss":0,"event_name":"MindBloom","floor":47,"gold_loss":0}],"is_beta":true,"boss_relics":[{"not_picked":["Cursed Key","Calling Bell"],"picked":"Pandora\u0027s Box"},{"not_picked":["Runic Dome","Sozu"],"picked":"Busted Crown"}],"items_purged_floors":[],"is_endless":false,"potions_floor_spawned":[1,10,11,18,23,27,41,45,54],"ascension_level":1}