{"gold_per_floor":[110,12,30,45,58,90,90,100,100,100,115,190,217,236,236,334,334,348,263,274,286,385,385,447,3,30,30,64,64,64,76,76,180,180,200,200,300,300,300,300,331,345,345,345,345,355,401,416,416,416],"floor_reached":51,"playtime":2586,"items_purged":["Decay"],"score":811,"play_id":"064fa718-1c93-49c4-8ccf-6678451f5d0a","local_time":"20190906215043","is_ascension_mode":true,"campfire_choices":[{"data":"Crippling Poison","floor":7,"key":"SMITH"},{"floor":10,"key":"REST"},{"data":"Backflip","floor":15,"key":"SMITH"},{"floor":23,"key":"REST"},{"floor":27,"key":"REST"},{"data":"Burst","floor":30,"key":"SMITH"},{"floor":32,"key":"REST"},{"data":"Terror","floor":40,"key":"SMITH"},{"floor":45,"key":"REST"},{"floor":49,"key":"REST"}],"neow_cost":"CURSE","seed_source_timestamp":81929443279300,"circlet_count":0,"master_deck":["Strike_G","Strike_G","Strike_G","Strike_G","Defend_G","Defend_G","Defend_G","Defend_G","Defend_G","Survivor","Neutralize","Crippling Poison+1","Bane","Dagger Throw","Backflip","Glass Knife","Riddle With Holes","Dagger Throw","Glass Knife","Backflip+1","Bouncing Flask","Corpse Explosion","Backflip","Noxious Fumes","Dodge and Roll+1","Burst+1","Caltrops","Die Die Die","Escape Plan+1","Terror+1","Writhe","Dodge and Roll+1","Poisoned Stab+1","Noxious Fumes+1"],"relics":["Ring of the Serpent","StoneCalendar","Bag of Preparation","Question Card","Ginger","Matryoshka","Tiny Chest","Meat on the Bone","Sling","Paper Crane","Happy Flower","Gremlin Horn","Nilry\u0027s Codex","Busted Crown","Dead Branch","Toxic Egg 2","Boot","Pear","Ice Cream"],"potions_floor_usage":[13,13,24,28,28,28,33,42,46,50],"damage_taken":[{"damage":2,"enemies":"Cultist","floor":1,"turns":6},{"damage":3,"enemies":"2 Louse","floor":3,"turns":2},{"damage":0,"enemies":"Small Slimes","floor":4,"turns":2},{"damage":5,"enemies":"Exordium Wildlife","floor":5,"turns":3},{"damage":23,"enemies":"Gremlin Nob","floor":6,"turns":5},{"damage":0,"enemies":"Large Slime","floor":8,"turns":4},{"damage":4,"enemies":"Looter","floor":11,"turns":3},{"damage":13,"enemies":"Lagavulin","floor":13,"turns":4},{"damage":0,"enemies":"3 Louse","floor":14,"turns":2},{"damage":9,"enemies":"The Guardian","floor":16,"turns":8},{"damage":17,"enemies":"Spheric Guardian","floor":18,"turns":4},{"damage":16,"enemies":"Shell Parasite","floor":20,"turns":5},{"damage":6,"enemies":"Snecko","floor":21,"turns":5},{"damage":31,"enemies":"Book of Stabbing","floor":24,"turns":6},{"damage":0,"enemies":"Gremlin Leader","floor":28,"turns":5},{"damage":14,"enemies":"Centurion and Healer","floor":31,"turns":5},{"damage":32,"enemies":"Automaton","floor":33,"turns":10},{"damage":0,"enemies":"3 Shapes","floor":35,"turns":3},{"damage":31,"enemies":"Mind Bloom Boss Battle","floor":37,"turns":7},{"damage":28,"enemies":"Giant Head","floor":41,"turns":8},{"damage":26,"enemies":"3 Darklings","floor":42,"turns":4},{"damage":15,"enemies":"Writhing Mass","floor":46,"turns":6},{"damage":42,"enemies":"2 Orb Walkers","floor":47,"turns":5},{"damage":3,"enemies":"Sphere and 2 Shapes","floor":48,"turns":5},{"damage":46,"enemies":"Donu and Deca","floor":50,"turns":7}],"seed_played":"1101514133056577682","potions_obtained":[{"floor":5,"key":"FearPotion"},{"floor":6,"key":"Explosive Potion"},{"floor":8,"key":"Poison Potion"},{"floor":13,"key":"Explosive Potion"},{"floor":18,"key":"LiquidBronze"},{"floor":24,"key":"Regen Potion"},{"floor":28,"key":"Strength Potion"},{"floor":41,"key":"Explosive Potion"},{"floor":42,"key":"GhostInAJar"},{"floor":48,"key":"Regen Potion"}],"is_trial":false,"path_per_floor":["M","$","M","M","M","E","R","M","T","R","M","?","E","M","R","B",null,"M","?","M","M","?","R","E","$","T","R","E","?","R","M","R","B",null,"M","?","?","?","?","R","E","M","T","T","R","M","?","M","R","B",null],"character_chosen":"THE_SILENT","items_purchased":["Bane","Meat on the Bone","Sling"],"campfire_rested":6,"item_purchase_floors":[2,25,25],"current_hp_per_floor":[68,68,65,65,60,37,37,37,37,58,54,43,30,30,30,21,70,53,53,37,31,31,52,21,21,21,42,57,41,41,39,60,40,70,70,70,39,57,57,57,41,27,27,37,61,46,16,25,49,30],"gold":416,"neow_bonus":"ONE_RARE_RELIC","is_prod":false,"is_daily":false,"chose_seed":false,"campfire_upgraded":4,"win_rate":0,"timestamp":1567831843,"path_taken":["M","$","M","M","M","E","R","M","T","R","M","?","E","M","R","BOSS","M","?","M","M","?","R","E","$","T","R","E","?","R","M","R","BOSS","M","?","?","?","?","R","E","M","T","?","R","M","?","?","R","BOSS"],"build_version":"2019-08-26","purchased_purges":1,"victory":true,"max_hp_per_floor":[70,70,70,70,70,70,70,70,70,70,70,70,70,70,70,70,70,70,70,70,70,70,70,70,70,70,70,70,70,70,70,70,70,70,70,70,70,70,70,70,70,70,70,80,80,80,80,80,80,80],"card_choices":[{"not_picked":["Slice","Dagger Throw"],"picked":"Crippling Poison","floor":1},{"not_picked":["Infinite Blades","Outmaneuver"],"picked":"Dagger Throw","floor":3},{"not_picked":["Blade Dance","Underhanded Strike"],"picked":"Backflip","floor":4},{"not_picked":["Dagger Throw","Prepared"],"picked":"Glass Knife","floor":5},{"not_picked":["Blade Dance","Eviscerate"],"picked":"Riddle With Holes","floor":6},{"not_picked":["Underhanded Strike","Deflect"],"picked":"Dagger Throw","floor":8},{"not_picked":["Caltrops","Prepared","Choke"],"picked":"Glass Knife","floor":11},{"not_picked":["Expertise","Dagger Throw","Outmaneuver"],"picked":"Backflip","floor":13},{"not_picked":["Setup","Outmaneuver","Caltrops"],"picked":"Bouncing Flask","floor":14},{"not_picked":["Bullet Time","Burst","After Image"],"picked":"Corpse Explosion","floor":16},{"not_picked":["Blade Dance","Backstab+1","Slice"],"picked":"Backflip","floor":18},{"not_picked":["Quick Slash","Reflex+1","Slice+1"],"picked":"Noxious Fumes","floor":20},{"not_picked":["Flying Knee","Blade Dance","Dodge and Roll","All Out Attack+1"],"picked":"SKIP","floor":21},{"not_picked":["Poisoned Stab","Tactician+1","Flying Knee"],"picked":"Dodge and Roll+1","floor":24},{"not_picked":["Backflip","Underhanded Strike","Leg Sweep"],"picked":"Burst","floor":28},{"not_picked":["Slice","Backflip","Dodge and Roll"],"picked":"Caltrops","floor":31},{"not_picked":["Wraith Form v2","Storm of Steel","Night Terror"],"picked":"Die Die Die","floor":33},{"not_picked":["Sucker Punch"],"picked":"Escape Plan+1","floor":35},{"not_picked":["Blur+1"],"picked":"Terror","floor":37},{"not_picked":["Cloak And Dagger"],"picked":"Dodge and Roll","floor":41},{"not_picked":["Underhanded Strike"],"picked":"Poisoned Stab+1","floor":42},{"not_picked":["Blur+1","Quick Slash"],"picked":"SKIP","floor":46},{"not_picked":["Blade Dance+1"],"picked":"Noxious Fumes+1","floor":48}],"player_experience":1474114,"relics_obtained":[{"floor":6,"key":"Bag of Preparation"},{"floor":9,"key":"Question Card"},{"floor":13,"key":"Ginger"},{"floor":24,"key":"Tiny Chest"},{"floor":26,"key":"Paper Crane"},{"floor":26,"key":"Happy Flower"},{"floor":28,"key":"Gremlin Horn"},{"floor":29,"key":"Nilry\u0027s Codex"},{"floor":37,"key":"Dead Branch"},{"floor":41,"key":"Toxic Egg 2"},{"floor":43,"key":"Boot"},{"floor":44,"key":"Pear"},{"floor":47,"key":"Ice Cream"}],"event_choices":[{"damage_healed":0,"gold_gain":75,"player_choice":"Gather Gold","damage_taken":11,"max_hp_gain":0,"max_hp_loss":0,"event_name":"World of Goop","floor":12,"gold_loss":0},{"damage_healed":0,"gold_gain":0,"player_choice":"Obtained Relic","damage_taken":0,"relics_obtained":["Matryoshka"],"max_hp_gain":0,"max_hp_loss":0,"event_name":"Addict","floor":19,"gold_loss":85},{"damage_healed":0,"gold_gain":99,"player_choice":"Stole From Cult","damage_taken":0,"max_hp_gain":0,"max_hp_loss":0,"event_name":"Nest","floor":22,"gold_loss":0},{"damage_healed":0,"gold_gain":0,"player_choice":"Obtained Book","damage_taken":16,"max_hp_gain":0,"max_hp_loss":0,"event_name":"Cursed Tome","floor":29,"gold_loss":0},{"cards_removed":["Strike_G"],"damage_healed":0,"gold_gain":0,"player_choice":"Removed Attack","damage_taken":0,"max_hp_gain":0,"max_hp_loss":0,"event_name":"Falling","floor":36,"gold_loss":0},{"damage_healed":0,"gold_gain":0,"player_choice":"Fight","damage_taken":0,"max_hp_gain":0,"max_hp_loss":0,"event_name":"MindBloom","floor":37,"gold_loss":0},{"damage_healed":18,"gold_gain":0,"player_choice":"Writhe","damage_taken":0,"max_hp_gain":0,"max_hp_loss":0,"event_name":"Winding Halls","floor":38,"gold_loss":0,"cards_obtained":["Writhe"]},{"damage_healed":0,"gold_gain":0,"player_choice":"Ignored","damage_taken":0,"max_hp_gain":0,"max_hp_loss":0,"event_name":"Tomb of Lord Red Mask","floor":39,"gold_loss":0},{"damage_healed":0,"gold_gain":0,"player_choice":"Fight","damage_taken":0,"max_hp_gain":0,"max_hp_loss":0,"event_name":"Mysterious Sphere","floor":47,"gold_loss":0}],"is_beta":true,"boss_relics":[{"not_picked":["Lizard Tail","Fusion Hammer"],"picked":"Ring of the Serpent"},{"not_picked":["Eternal Feather","Black Star"],"picked":"Busted Crown"}],"items_purged_floors":[2],"is_endless":false,"potions_floor_spawned":[5,6,8,13,18,24,28,41,42,48],"ascension_level":1}