{"gold_per_floor":[111,111,111,129,139,174,174,194,194,209,21,21,56,70,70,168,168,181,181,191,204,204,204,232,4,4,30,30,30,65,76,76,174,174,190,244,262,282,51,51,83,94,94,126,136,136,136,136,136,136,136,136,36,67,67],"floor_reached":56,"playtime":3734,"items_purged":["Eviscerate","Writhe"],"score":1455,"play_id":"aa860870-94f0-467a-a687-77915a4c467e","local_time":"20190807214135","is_ascension_mode":true,"campfire_choices":[{"floor":7,"key":"REST"},{"data":"Neutralize","floor":12,"key":"SMITH"},{"data":"Adrenaline","floor":15,"key":"SMITH"},{"floor":23,"key":"REST"},{"data":"Catalyst","floor":29,"key":"SMITH"},{"floor":32,"key":"RECALL"},{"data":"After Image","floor":40,"key":"SMITH"},{"data":"After Image","floor":47,"key":"SMITH"},{"data":"Wraith Form v2","floor":49,"key":"SMITH"},{"data":"Catalyst","floor":52,"key":"SMITH"}],"neow_cost":"NONE","seed_source_timestamp":390238633366300,"circlet_count":0,"master_deck":["Survivor","Neutralize+1","Poisoned Stab","Deadly Poison","Backflip","Backflip","Quick Slash","Dagger Spray","Well Laid Plans","Adrenaline+1","Terror","After Image+1","Backflip+1","Poisoned Stab+1","Bullet Time","Crippling Poison","Catalyst+1","After Image+1","Cloak And Dagger","Flying Knee","PiercingWail","Phantasmal Killer","Catalyst+1","Blade Dance","Prepared","Outmaneuver","Corpse Explosion","Backflip","Bouncing Flask+1","Wraith Form v2+1","Noxious Fumes"],"relics":["Ring of the Snake","Dream Catcher","Mummified Hand","Blue Candle","Pantograph","PreservedInsect","Bag of Marbles","Anchor","TwistedFunnel","Bottled Tornado","Tough Bandages","Bag of Preparation","Pandora\u0027s Box","Torii","Happy Flower","Juzu Bracelet","Dead Branch","Ornamental Fan"],"potions_floor_usage":[13,13,13,13,13,13,16,33,36,38,50,55],"damage_taken":[{"damage":0,"enemies":"Cultist","floor":1,"turns":4},{"damage":0,"enemies":"2 Louse","floor":4,"turns":2},{"damage":3,"enemies":"Small Slimes","floor":5,"turns":3},{"damage":17,"enemies":"3 Sentries","floor":6,"turns":11},{"damage":27,"enemies":"Exordium Wildlife","floor":8,"turns":9},{"damage":1,"enemies":"3 Louse","floor":10,"turns":5},{"damage":5,"enemies":"Lagavulin","floor":13,"turns":6},{"damage":0,"enemies":"Blue Slaver","floor":14,"turns":3},{"damage":24,"enemies":"Hexaghost","floor":16,"turns":8},{"damage":8,"enemies":"Spheric Guardian","floor":18,"turns":5},{"damage":0,"enemies":"Chosen","floor":20,"turns":5},{"damage":1,"enemies":"Centurion and Healer","floor":21,"turns":9},{"damage":4,"enemies":"Slavers","floor":24,"turns":5},{"damage":0,"enemies":"Gremlin Leader","floor":27,"turns":6},{"damage":0,"enemies":"Slavers","floor":30,"turns":4},{"damage":0,"enemies":"Snecko","floor":31,"turns":3},{"damage":15,"enemies":"Collector","floor":33,"turns":6},{"damage":0,"enemies":"3 Shapes","floor":35,"turns":3},{"damage":6,"enemies":"2 Orb Walkers","floor":36,"turns":2},{"damage":2,"enemies":"3 Darklings","floor":37,"turns":3},{"damage":0,"enemies":"Spire Growth","floor":38,"turns":3},{"damage":38,"enemies":"Reptomancer","floor":41,"turns":3},{"damage":0,"enemies":"Maw","floor":42,"turns":4},{"damage":18,"enemies":"Nemesis","floor":44,"turns":5},{"damage":0,"enemies":"3 Darklings","floor":45,"turns":2},{"damage":1,"enemies":"Donu and Deca","floor":50,"turns":4},{"damage":0,"enemies":"Shield and Spear","floor":54,"turns":3},{"damage":47,"enemies":"The Heart","floor":55,"turns":9}],"seed_played":"1000236684938607611","potions_obtained":[{"floor":6,"key":"GhostInAJar"},{"floor":8,"key":"EntropicBrew"},{"floor":10,"key":"Weak Potion"},{"floor":20,"key":"Regen Potion"},{"floor":24,"key":"Dexterity Potion"},{"floor":37,"key":"Fruit Juice"},{"floor":42,"key":"Poison Potion"},{"floor":44,"key":"FearPotion"}],"is_trial":false,"path_per_floor":["M","?","?","M","M","E","R","M","T","M","$","R","E","M","R","B",null,"M","?","M","M","?","R","E","$","T","E","?","R","E","M","R","B",null,"M","?","M","M","$","R","E","M","T","E","M","?","R","?","R","B",null,"R","$","E","B",null],"character_chosen":"THE_SILENT","items_purchased":["PreservedInsect","Well Laid Plans","TwistedFunnel","Crippling Poison","Happy Flower"],"campfire_rested":2,"item_purchase_floors":[11,11,25,25,39],"current_hp_per_floor":[70,75,75,75,72,55,75,48,48,47,47,47,56,56,56,51,75,67,67,67,66,52,76,72,72,72,72,72,72,72,72,72,65,80,80,74,72,77,77,77,39,39,39,21,21,42,42,42,42,66,85,85,85,85,53],"gold":67,"neow_bonus":"RANDOM_COMMON_RELIC","is_prod":false,"is_daily":false,"chose_seed":false,"campfire_upgraded":7,"win_rate":0,"timestamp":1565239295,"path_taken":["M","?","?","M","?","E","R","M","T","M","?","R","E","M","R","BOSS","M","?","M","M","?","R","E","?","T","E","?","R","E","?","R","BOSS","M","?","M","M","$","R","E","M","T","E","M","?","R","?","R","BOSS","R","$","E","BOSS"],"build_version":"2019-07-18","purchased_purges":2,"victory":true,"max_hp_per_floor":[70,75,75,75,75,75,75,75,75,75,75,75,75,75,75,75,75,75,75,75,75,80,80,80,80,80,80,80,80,80,80,80,80,80,80,80,80,85,85,85,85,85,85,85,85,85,85,85,85,85,85,85,85,85,85],"card_choices":[{"not_picked":["Flying Knee","Bane"],"picked":"Poisoned Stab","floor":1},{"not_picked":["Backflip","Blade Dance"],"picked":"Deadly Poison","floor":4},{"not_picked":["Eviscerate","Bane"],"picked":"Backflip","floor":5},{"not_picked":["Dagger Throw","Glass Knife"],"picked":"Backflip","floor":6},{"not_picked":["Deflect","Deadly Poison"],"picked":"Quick Slash","floor":8},{"not_picked":["Acrobatics","PiercingWail"],"picked":"Dagger Spray","floor":10},{"not_picked":["Underhanded Strike","Expertise"],"picked":"Adrenaline","floor":13},{"not_picked":["Flying Knee","Dagger Spray"],"picked":"Terror","floor":14},{"not_picked":["Envenom","Grand Finale"],"picked":"After Image","floor":16},{"not_picked":["Poisoned Stab","Cloak And Dagger+1"],"picked":"Backflip+1","floor":18},{"not_picked":["Cloak And Dagger","Dodge and Roll","All Out Attack+1"],"picked":"SKIP","floor":20},{"not_picked":["Distraction","Masterful Stab+1","Deflect+1"],"picked":"SKIP","floor":21},{"not_picked":["Deflect","Backflip"],"picked":"Poisoned Stab+1","floor":23},{"not_picked":["Sucker Punch+1","Flying Knee"],"picked":"Bullet Time","floor":24},{"not_picked":["Dagger Spray","Reflex","Outmaneuver"],"picked":"SKIP","floor":27},{"not_picked":["Quick Slash","Sucker Punch+1","Deadly Poison"],"picked":"SKIP","floor":30},{"not_picked":["Prepared","Acrobatics","Cloak And Dagger"],"picked":"SKIP","floor":31},{"not_picked":["Envenom","Venomology"],"picked":"After Image","floor":33},{"not_picked":["Concentrate","Sucker Punch"],"picked":"Backflip","floor":35},{"not_picked":["Deflect+1","Quick Slash"],"picked":"Bouncing Flask+1","floor":36},{"not_picked":["Deflect","Prepared","Storm of Steel"],"picked":"SKIP","floor":37},{"not_picked":["Deadly Poison","Outmaneuver","Deflect"],"picked":"SKIP","floor":38},{"not_picked":["Tactician+1","Choke"],"picked":"Wraith Form v2","floor":41},{"not_picked":["Calculated Gamble+1","Deflect+1"],"picked":"Noxious Fumes","floor":42},{"not_picked":["PiercingWail","Dodge and Roll+1","Blur"],"picked":"SKIP","floor":44},{"not_picked":["Cloak And Dagger","Tactician+1","Slice"],"picked":"SKIP","floor":45},{"not_picked":["Terror+1","Slice+1","Riddle With Holes+1"],"picked":"SKIP","floor":54}],"player_experience":1376230,"relics_obtained":[{"floor":3,"key":"Mummified Hand"},{"floor":6,"key":"Blue Candle"},{"floor":9,"key":"Pantograph"},{"floor":13,"key":"Bag of Marbles"},{"floor":24,"key":"Anchor"},{"floor":26,"key":"Bottled Tornado"},{"floor":27,"key":"Tough Bandages"},{"floor":30,"key":"Bag of Preparation"},{"floor":36,"key":"Torii"},{"floor":41,"key":"Juzu Bracelet"},{"floor":44,"key":"Dead Branch"},{"floor":54,"key":"Ornamental Fan"}],"event_choices":[{"damage_healed":0,"gold_gain":0,"player_choice":"Donut","damage_taken":0,"max_hp_gain":5,"max_hp_loss":0,"event_name":"Big Fish","floor":2,"gold_loss":0},{"damage_healed":0,"gold_gain":0,"player_choice":"Relic","damage_taken":0,"max_hp_gain":0,"max_hp_loss":0,"event_name":"Wheel of Change","floor":3,"gold_loss":0},{"damage_healed":0,"gold_gain":0,"player_choice":"Ignored","damage_taken":0,"max_hp_gain":0,"max_hp_loss":0,"event_name":"Vampires","floor":19,"gold_loss":0},{"damage_healed":0,"gold_gain":0,"player_choice":"Shed Blood","damage_taken":19,"max_hp_gain":5,"max_hp_loss":0,"event_name":"Forgotten Altar","floor":22,"gold_loss":0},{"damage_healed":0,"gold_gain":0,"player_choice":"Read","damage_taken":0,"max_hp_gain":0,"max_hp_loss":0,"event_name":"The Library","floor":28,"gold_loss":0,"cards_obtained":["Catalyst"]},{"damage_healed":0,"gold_gain":0,"player_choice":"Fight","damage_taken":0,"max_hp_gain":0,"max_hp_loss":0,"event_name":"Mysterious Sphere","floor":36,"gold_loss":0},{"damage_healed":21,"gold_gain":0,"player_choice":"Writhe","damage_taken":0,"max_hp_gain":0,"max_hp_loss":0,"event_name":"Winding Halls","floor":46,"gold_loss":0,"cards_obtained":["Writhe"]},{"damage_healed":0,"gold_gain":0,"player_choice":"Memory 1","damage_taken":0,"max_hp_gain":0,"max_hp_loss":0,"event_name":"SensoryStone","floor":48,"gold_loss":0}],"is_beta":true,"boss_relics":[{"not_picked":["Philosopher\u0027s Stone","Fusion Hammer","HoveringKite"]},{"not_picked":["Tiny House","Calling Bell"],"picked":"Pandora\u0027s Box"}],"items_purged_floors":[39,53],"is_endless":false,"potions_floor_spawned":[6,8,10,13,20,24,27,37,42,44,45],"ascension_level":1}