{"path_per_floor":["M","?","M","$","M","R","$","R","T","R","M","M","M","$","R","B",null,"M","?","M","?","M","R","M","R","T","M","R","M","M","?","R"],"character_chosen":"DEFECT","items_purchased":["Capacitor","Conserve Battery","Glacier","Leap","Loop"],"gold_per_floor":[117,192,211,49,63,63,27,27,52,52,66,79,93,12,12,113,113,132,0,19,19,38,38,55,55,55,68,68,85,103,103,103,103],"floor_reached":33,"campfire_rested":2,"playtime":2181,"item_purchase_floors":[4,4,7,14,14],"current_hp_per_floor":[69,58,49,49,48,48,48,48,48,48,38,37,28,28,50,21,75,54,54,51,51,41,41,29,29,29,20,20,19,1,1,23,0],"items_purged":["Strike_B"],"gold":103,"score":241,"play_id":"9dac21f1-9c55-4634-aa7d-4db7577d78cc","local_time":"20180603173406","is_prod":false,"is_daily":false,"chose_seed":false,"is_ascension_mode":false,"campfire_upgraded":6,"win_rate":0.0,"timestamp":1528072446,"campfire_choices":[{"data":"Defragment","floor":6,"key":"SMITH"},{"data":"Glacier","floor":8,"key":"SMITH"},{"data":"Zap","floor":10,"key":"SMITH"},{"floor":15,"key":"REST"},{"data":"Loop","floor":23,"key":"SMITH"},{"data":"Double Energy","floor":25,"key":"SMITH"},{"data":"Creative AI","floor":28,"key":"SMITH"},{"floor":32,"key":"REST"}],"path_taken":["M","?","M","$","?","R","$","R","T","R","M","M","M","$","R","BOSS","M","?","M","?","M","R","M","R","T","M","R","M","?","?","R","BOSS"],"build_version":"2018-05-31","seed_source_timestamp":18937501963259,"purchased_purges":1,"victory":false,"master_deck":["Strike_B+1","Strike_B+1","Strike_B+1","Defend_B+1","Defend_B+1","Defend_B+1","Defend_B+1","Zap+1","Dualcast","Defragment+1","Redo","Capacitor","Conserve Battery","Hologram","Glacier+1","Coolheaded","Streamline","Chill","Leap","Loop+1","Creative AI+1","Double Energy+1","Darkness+1","Capacitor","Cold Snap","FTL+1"],"max_hp_per_floor":[75,75,75,75,75,75,75,75,75,75,75,75,75,75,75,75,75,75,75,75,75,75,75,75,75,75,75,75,75,75,75,75,75],"relics":["Cracked Core","Blood Vial","White Beast Statue","Toolbox"],"card_choices":[{"not_picked":["Redo","Doom and Gloom"],"picked":"Defragment","floor":1},{"not_picked":["Rip and Tear","Force Field"],"picked":"Redo","floor":3},{"not_picked":["Coolheaded","Cold Snap"],"picked":"Hologram","floor":5},{"not_picked":["Hologram","Skim"],"picked":"Coolheaded","floor":11},{"not_picked":["Go for the Eyes","Conserve Battery"],"picked":"Streamline","floor":12},{"not_picked":["Conserve Battery","Blizzard"],"picked":"Chill","floor":13},{"not_picked":["Rainbow","Reboot"],"picked":"Creative AI","floor":16},{"not_picked":["Go for the Eyes","Steam+1"],"picked":"Double Energy","floor":18},{"not_picked":["Chill","Auto Shields"],"picked":"Darkness+1","floor":20},{"not_picked":["Steam","Rip and Tear"],"picked":"Capacitor","floor":22},{"not_picked":["Scrape","Steam"],"picked":"Cold Snap","floor":24},{"not_picked":["Conserve Battery+1","Barrage+1"],"picked":"FTL+1","floor":27},{"not_picked":["Go for the Eyes","Skim","Melter"],"picked":"SKIP","floor":29},{"not_picked":["Gash","Redo","Streamline"],"picked":"SKIP","floor":30}],"player_experience":337639,"potions_floor_usage":[24],"damage_taken":[{"damage":6,"enemies":"Jaw Worm","floor":1,"turns":4},{"damage":9,"enemies":"2 Louse","floor":3,"turns":3},{"damage":1,"enemies":"Cultist","floor":5,"turns":4},{"damage":12,"enemies":"2 Fungi Beasts","floor":11,"turns":3},{"damage":3,"enemies":"Looter","floor":12,"turns":3},{"damage":11,"enemies":"Large Slime","floor":13,"turns":6},{"damage":31,"enemies":"Hexaghost","floor":16,"turns":17},{"damage":21,"enemies":"Chosen","floor":18,"turns":8},{"damage":5,"enemies":"Spheric Guardian","floor":20,"turns":9},{"damage":12,"enemies":"Centurion and Healer","floor":22,"turns":6},{"damage":14,"enemies":"Snake Plant","floor":24,"turns":6},{"damage":11,"enemies":"Snecko","floor":27,"turns":4},{"damage":7,"enemies":"Centurion and Healer","floor":29,"turns":9},{"damage":20,"enemies":"Chosen and Byrds","floor":30,"turns":8},{"damage":46,"enemies":"Automaton","floor":33,"turns":10}],"relics_obtained":[{"floor":9,"key":"Blood Vial"},{"floor":26,"key":"Toolbox"}],"event_choices":[{"event_name":"World of Goop","player_choice":"Gather Gold","floor":2,"damage_taken":0},{"event_name":"Masked Bandits","player_choice":"Paid Bandits 132 gold","floor":19,"damage_taken":0},{"event_name":"Back to Basics","player_choice":"Simplicity","floor":21,"damage_taken":0},{"event_name":"Cursed Tome","player_choice":"Ignored","floor":31,"damage_taken":0}],"boss_relics":[{"not_picked":["Runic Dome","Cursed Key"],"picked":"White Beast Statue"}],"items_purged_floors":[4],"potions_floor_spawned":[1,12,13,18,20,22,24,27,29,30],"seed_played":"8159592434214924850","killed_by":"Automaton","ascension_level":0,"potions_obtained":[{"floor":1,"key":"SteroidPotion"},{"floor":12,"key":"EssenceOfSteel"},{"floor":13,"key":"Dexterity Potion"},{"floor":24,"key":"FairyPotion"},{"floor":27,"key":"Regen Potion"}],"is_trial":false}