{"gold_per_floor":[110,120,130,143,155,155,184,197,197,215,228,86,105,124,124,196,196,211,224,235,235,235,264,264,264,289,306,306,306,334,348,348,348],"floor_reached":33,"playtime":1698,"items_purged":["Strike_R"],"score":516,"play_id":"721638fa-b3dd-453e-a75e-b81dce73919c","local_time":"20190825200219","is_ascension_mode":true,"campfire_choices":[{"floor":6.0,"key":"REST"},{"floor":15,"key":"REST"},{"data":"Armaments","floor":24,"key":"SMITH"},{"floor":29,"key":"REST"},{"floor":32,"key":"REST"}],"neow_cost":"NONE","seed_source_timestamp":0,"circlet_count":0,"master_deck":["AscendersBane","Strike_R+1","Strike_R+1","Strike_R+1","Defend_R+1","Defend_R+1","Defend_R+1","Defend_R+1","Bash","Iron Wave","Spot Weakness","Whirlwind","Cleave","Twin Strike","Armaments+1","Reaper","Sentinel+1","Feed","Spot Weakness","Juggernaut","Feed","Sword Boomerang","J.A.X."],"special_seed":0,"relics":["Burning Blood","Gambling Chip","Thread and Needle","Velvet Choker","Dodecahedron","Anchor","Ornamental Fan"],"potions_floor_usage":[16,23,31,33],"damage_taken":[{"damage":6.0,"enemies":"Cultist","floor":1.0,"turns":4.0},{"damage":7.0,"enemies":"Small Slimes","floor":2.0,"turns":4.0},{"damage":3.0,"enemies":"2 Louse","floor":3.0,"turns":4.0},{"damage":17.0,"enemies":"Large Slime","floor":4.0,"turns":9.0},{"damage":9.0,"enemies":"3 Louse","floor":5.0,"turns":3.0},{"damage":55.0,"enemies":"3 Sentries","floor":7.0,"turns":6.0},{"damage":0.0,"enemies":"Lots of Slimes","floor":8.0,"turns":1.0},{"damage":2.0,"enemies":"2 Fungi Beasts","floor":10.0,"turns":3.0},{"damage":0.0,"enemies":"3 Louse","floor":11.0,"turns":3.0},{"damage":5.0,"enemies":"Exordium Wildlife","floor":13.0,"turns":4.0},{"damage":0.0,"enemies":"Looter","floor":14.0,"turns":2.0},{"damage":53,"enemies":"Slime Boss","floor":16,"turns":12},{"damage":8,"enemies":"Chosen","floor":18,"turns":4},{"damage":2,"enemies":"Spheric Guardian","floor":19,"turns":3},{"damage":3,"enemies":"Chosen and Byrds","floor":20,"turns":4},{"damage":42,"enemies":"Slavers","floor":23,"turns":5},{"damage":34,"enemies":"Centurion and Healer","floor":27,"turns":4},{"damage":21,"enemies":"Book of Stabbing","floor":30,"turns":5},{"damage":14,"enemies":"Snake Plant","floor":31,"turns":4},{"damage":75,"enemies":"Automaton","floor":33,"turns":6}],"seed_played":"7249036016300041219","potions_obtained":[{"floor":2.0,"key":"LiquidBronze"},{"floor":8.0,"key":"LiquidBronze"},{"floor":11.0,"key":"Dexterity Potion"},{"floor":13.0,"key":"Block Potion"},{"floor":18,"key":"Ancient Potion"},{"floor":19,"key":"PowerPotion"},{"floor":27,"key":"Block Potion"},{"floor":31,"key":"GamblersBrew"}],"is_trial":false,"path_per_floor":["M","M","M","M","M","R","E","M","T","M","M","$","M","M","R","B",null,"M","M","M","?","?","E","R","?","T","M","?","R","E","M","R","B"],"character_chosen":"IRONCLAD","items_purchased":["Feed"],"campfire_rested":4,"item_purchase_floors":[12],"current_hp_per_floor":[68,67,70,59,56,75,26,32,32,36,42,42,46,52,75,38,68,79,81,81,81,81,51,51,51,51,34,34,61,55,47,74,0],"gold":348,"neow_bonus":"REMOVE_CARD","is_prod":false,"is_daily":false,"chose_seed":false,"campfire_upgraded":1,"win_rate":0,"timestamp":1566788539,"path_taken":["M","?","M","M","M","R","E","M","T","M","M","$","M","M","R","BOSS","M","M","M","?","?","E","R","?","T","M","?","R","E","M","R","BOSS"],"build_version":"2019-07-17","purchased_purges":1,"victory":false,"max_hp_per_floor":[75,75,75,75,75,75,75,75,75,75,75,75,78,78,78,78,78,81,81,81,81,81,87,87,87,87,90,90,90,90,90,90,90],"card_choices":[{"not_picked":["Armaments","Clothesline"],"picked":"Iron Wave","floor":1.0},{"not_picked":["Havoc","Iron Wave"],"picked":"Spot Weakness","floor":2.0},{"not_picked":["Havoc","Fire Breathing"],"picked":"Whirlwind","floor":3.0},{"not_picked":["Body Slam","Sword Boomerang"],"picked":"Cleave","floor":4.0},{"not_picked":["Sever Soul","Body Slam","Havoc"],"picked":"SKIP","floor":5.0},{"not_picked":["Perfected Strike","Rupture"],"picked":"Twin Strike","floor":7.0},{"not_picked":["Dual Wield","Heavy Blade"],"picked":"Armaments","floor":8.0},{"not_picked":["Iron Wave","Shrug It Off"],"picked":"Reaper","floor":10.0},{"not_picked":["Havoc","Twin Strike"],"picked":"Sentinel","floor":11.0},{"not_picked":["Clothesline","Iron Wave"],"picked":"Spot Weakness","floor":13.0},{"not_picked":["Heavy Blade","True Grit"],"picked":"Juggernaut","floor":14.0},{"not_picked":["Dark Embrace","Impervious"],"picked":"Feed","floor":16},{"not_picked":["Havoc","Carnage","Pommel Strike"],"picked":"SKIP","floor":18},{"not_picked":["Rampage","Sever Soul"],"picked":"Sword Boomerang","floor":19},{"not_picked":["Shockwave","Body Slam","Wild Strike"],"picked":"SKIP","floor":20},{"not_picked":["Bloodletting","Flex","Havoc"],"picked":"SKIP","floor":23},{"not_picked":["Dropkick","Intimidate","Havoc"],"picked":"SKIP","floor":27},{"not_picked":["Anger+1","Clothesline","Carnage"],"picked":"SKIP","floor":30},{"not_picked":["Body Slam","Perfected Strike","Clash"],"picked":"SKIP","floor":31}],"player_experience":738471,"relics_obtained":[{"floor":7.0,"key":"Gambling Chip"},{"floor":9.0,"key":"Thread and Needle"},{"floor":23,"key":"Dodecahedron"},{"floor":26,"key":"Anchor"},{"floor":30,"key":"Ornamental Fan"}],"event_choices":[{"damage_healed":0,"gold_gain":0,"player_choice":"Simplicity","damage_taken":0,"max_hp_gain":0,"max_hp_loss":0,"event_name":"Back to Basics","floor":21,"gold_loss":0,"cards_upgraded":["Strike_R","Strike_R","Strike_R","Defend_R","Defend_R","Defend_R","Defend_R"]},{"damage_healed":0,"gold_gain":0,"player_choice":"Ignored","damage_taken":0,"max_hp_gain":0,"max_hp_loss":0,"event_name":"Cursed Tome","floor":22,"gold_loss":0},{"damage_healed":0,"gold_gain":0,"player_choice":"Obtain J.A.X.","damage_taken":0,"max_hp_gain":0,"max_hp_loss":0,"event_name":"Drug Dealer","floor":25,"gold_loss":0,"cards_obtained":["J.A.X."]},{"damage_healed":0,"gold_gain":0,"player_choice":"Upgraded","damage_taken":0,"max_hp_gain":0,"max_hp_loss":0,"event_name":"Upgrade Shrine","floor":28,"gold_loss":0,"cards_upgraded":["Sentinel"]}],"is_beta":false,"boss_relics":[{"not_picked":["Tiny House","Coffee Dripper"],"picked":"Velvet Choker"}],"items_purged_floors":[12],"is_endless":false,"potions_floor_spawned":[2,8,11,13,18,19,27,31],"killed_by":"Automaton","ascension_level":15}