{"gold_per_floor":[109,126,201,213,226,260,260,290,290,290,345,371,381,53,53,151,151,161,176,187,200,95,95,123,123,123,123,123,143,8,37,37,133,133,149,163,173,193,37,37,72,82,82,116,10,10,29,29,29,29],"floor_reached":50,"playtime":3462,"items_purged":["Defend_R","Normality"],"score":666,"play_id":"503b894e-52c7-4fb4-95c7-6acd6ef12a87","local_time":"20180729152009","is_ascension_mode":true,"campfire_choices":[{"data":"Heavy Blade","floor":7,"key":"SMITH"},{"data":"Inflame","floor":10,"key":"SMITH"},{"data":"Armaments","floor":15,"key":"SMITH"},{"data":"Spot Weakness","floor":23,"key":"SMITH"},{"floor":25,"key":"REST"},{"floor":32,"key":"REST"},{"floor":40,"key":"REST"},{"data":"Armaments","floor":46,"key":"SMITH"},{"data":"Shockwave","floor":49,"key":"SMITH"}],"neow_cost":"","seed_source_timestamp":311597083864260,"circlet_count":0,"master_deck":["Strike_R+1","Strike_R+1","Strike_R+1","Strike_R+1","Strike_R+1","Defend_R+1","Defend_R+1","Defend_R+1","Bash","Inflame+1","Iron Wave","Armaments+1","Pommel Strike","Heavy Blade+1","Offering","Disarm","Shrug It Off","Headbutt","Thunderclap","Double Tap","Sword Boomerang","Bloodletting+1","Spot Weakness+1","Finesse","Twin Strike","Ghostly","Ghostly","Ghostly","Ghostly","Ghostly","Shockwave+1","Inflame","Twin Strike+1","Immolate","Armaments+1","Rupture+1","Intimidate+1","Sword Boomerang+1","Clumsy","Sword Boomerang+1","Whirlwind","Shockwave","Pummel+1","Madness","Madness"],"relics":["Black Blood","Peace Pipe","Juzu Bracelet","Bronze Scales","Pear","Orichalcum","Cursed Key","Potion Belt","Ancient Tea Set","Sundial","Anchor","Regal Pillow","Frozen Egg 2","Mango"],"potions_floor_usage":[21,24,24,24,33,42,50],"damage_taken":[{"damage":6,"enemies":"Jaw Worm","floor":1,"turns":3},{"damage":6,"enemies":"2 Louse","floor":2,"turns":4},{"damage":0,"enemies":"Small Slimes","floor":4,"turns":4},{"damage":5,"enemies":"Looter","floor":5,"turns":3},{"damage":12,"enemies":"3 Sentries","floor":6,"turns":10},{"damage":25,"enemies":"Lagavulin","floor":8,"turns":10},{"damage":11,"enemies":"Gremlin Nob","floor":12,"turns":3},{"damage":8,"enemies":"Red Slaver","floor":13,"turns":3},{"damage":32,"enemies":"The Guardian","floor":16,"turns":9},{"damage":11,"enemies":"Shell Parasite","floor":18,"turns":3},{"damage":4,"enemies":"Chosen","floor":19,"turns":3},{"damage":17,"enemies":"Snake Plant","floor":20,"turns":4},{"damage":24,"enemies":"Centurion and Healer","floor":21,"turns":5},{"damage":49,"enemies":"Slavers","floor":24,"turns":4},{"damage":5,"enemies":"Chosen and Byrds","floor":29,"turns":6},{"damage":23,"enemies":"Gremlin Leader","floor":31,"turns":6},{"damage":23,"enemies":"Collector","floor":33,"turns":8},{"damage":16,"enemies":"Flame Bruiser 1 Orb","floor":35,"turns":4},{"damage":0,"enemies":"3 Darklings","floor":36,"turns":4},{"damage":0,"enemies":"Sphere and 2 Shapes","floor":37,"turns":7},{"damage":29,"enemies":"Maw","floor":38,"turns":7},{"damage":16,"enemies":"Giant Head","floor":41,"turns":6},{"damage":0,"enemies":"Transient","floor":42,"turns":5},{"damage":5,"enemies":"Nemesis","floor":44,"turns":5},{"damage":14,"enemies":"Flame Bruiser 2 Orb","floor":47,"turns":4},{"damage":61,"enemies":"Time Eater","floor":50,"turns":12}],"seed_played":"485112385396464764","potions_obtained":[{"floor":1,"key":"Ancient Potion"},{"floor":6,"key":"BloodPotion"},{"floor":12,"key":"SneckoOil"},{"floor":18,"key":"LiquidBronze"},{"floor":21,"key":"Poison Potion"},{"floor":31,"key":"AttackPotion"},{"floor":38,"key":"BloodPotion"},{"floor":41,"key":"Fruit Juice"}],"is_trial":false,"path_per_floor":["M","M","?","M","M","E","R","E","T","R","?","E","M","$","R","B",null,"M","M","M","M","$","R","E","R","T","?","?","M","$","E","R","B",null,"M","M","M","M","$","R","E","M","T","E","$","R","M","?","R"],"character_chosen":"IRONCLAD","items_purchased":["Headbutt","Thunderclap","Orichalcum","Finesse","Inflame","Anchor","Whirlwind","Shockwave"],"campfire_rested":3,"item_purchase_floors":[14,14,14,22,30,39,45,45],"current_hp_per_floor":[80,80,69,75,76,70,70,51,51,51,51,56,54,54,54,28,90,85,87,76,67,67,67,24,51,51,45,45,45,45,28,41,24,45,39,45,45,26,26,39,33,48,48,64,64,64,60,52,52,0],"gold":29,"neow_bonus":"","is_prod":false,"is_daily":false,"chose_seed":false,"campfire_upgraded":6,"win_rate":0,"timestamp":1532902809,"path_taken":["M","M","?","M","M","E","R","E","T","R","?","E","M","$","R","BOSS","M","M","M","M","$","R","E","R","T","?","?","M","$","E","R","BOSS","M","M","M","M","$","R","E","M","T","E","$","R","M","?","R","BOSS"],"build_version":"2018-07-26","purchased_purges":2,"victory":false,"max_hp_per_floor":[80,80,80,80,80,80,80,80,80,80,80,90,90,90,90,90,90,90,90,90,90,90,90,90,90,90,45,45,45,45,45,45,45,45,45,45,45,45,45,45,45,50,50,64,64,64,64,64,64,64],"card_choices":[{"not_picked":["Warcry","Iron Wave"],"picked":"Inflame","floor":1},{"not_picked":["Warcry","Havoc"],"picked":"Iron Wave","floor":2},{"not_picked":["Ghostly Armor","Evolve"],"picked":"Armaments","floor":4},{"not_picked":["Entrench","Disarm"],"picked":"Pommel Strike","floor":5},{"not_picked":["Iron Wave","Combust"],"picked":"Heavy Blade","floor":6},{"not_picked":["True Grit","Perfected Strike"],"picked":"Offering","floor":8},{"not_picked":["Body Slam","Shrug It Off"],"picked":"Disarm","floor":12},{"not_picked":["Fire Breathing","True Grit"],"picked":"Shrug It Off","floor":13},{"not_picked":["Offering","Fiend Fire"],"picked":"Double Tap","floor":16},{"not_picked":["Body Slam","Carnage","True Grit"],"picked":"SKIP","floor":18},{"not_picked":["Feel No Pain","Infernal Blade+1"],"picked":"Sword Boomerang","floor":19},{"not_picked":["Dual Wield","Seeing Red"],"picked":"Bloodletting+1","floor":20},{"not_picked":["Shrug It Off","Armaments"],"picked":"Spot Weakness","floor":21},{"not_picked":["Evolve","Blood for Blood"],"picked":"Twin Strike","floor":24},{"not_picked":["Hemokinesis","Perfected Strike"],"picked":"Shockwave","floor":29},{"not_picked":["Cleave","Dual Wield"],"picked":"Twin Strike+1","floor":31},{"not_picked":["Double Tap","Fiend Fire"],"picked":"Immolate","floor":33},{"not_picked":["Hemokinesis","Cleave+1"],"picked":"Armaments","floor":35},{"not_picked":["Searing Blow","Feel No Pain"],"picked":"Rupture+1","floor":36},{"not_picked":["Seeing Red+1","Burning Pact+1","Clothesline"],"picked":"SKIP","floor":37},{"not_picked":["Metallicize","Heavy Blade+1"],"picked":"Intimidate+1","floor":38},{"not_picked":["Ghostly Armor","Twin Strike+1","True Grit"],"picked":"SKIP","floor":41},{"not_picked":["Metallicize","Burning Pact"],"picked":"Sword Boomerang+1","floor":42},{"not_picked":["Hemokinesis","Pommel Strike"],"picked":"Sword Boomerang+1","floor":44},{"not_picked":["Cleave+1","Barricade+1"],"picked":"Pummel+1","floor":47}],"player_experience":218418,"relics_obtained":[{"floor":6,"key":"Peace Pipe"},{"floor":8,"key":"Juzu Bracelet"},{"floor":9,"key":"Bronze Scales"},{"floor":12,"key":"Pear"},{"floor":24,"key":"Potion Belt"},{"floor":26,"key":"Ancient Tea Set"},{"floor":31,"key":"Sundial"},{"floor":41,"key":"Regal Pillow"},{"floor":43,"key":"Frozen Egg 2"},{"floor":44,"key":"Mango"}],"event_choices":[{"event_name":"World of Goop","player_choice":"Gather Gold","floor":3,"damage_taken":0},{"event_name":"Golden Wing","player_choice":"Gained Gold","floor":11,"damage_taken":0},{"event_name":"Ghosts","player_choice":"Became a Ghost","floor":27,"damage_taken":0},{"event_name":"Back to Basics","player_choice":"Simplicity","floor":28,"damage_taken":0},{"event_name":"Winding Halls","player_choice":"Embrace Madness","floor":48,"damage_taken":0}],"is_beta":false,"boss_relics":[{"not_picked":["Sozu","Runic Cube"],"picked":"Cursed Key"},{"not_picked":["Orrery","Black Star"],"picked":"Black Blood"}],"items_purged_floors":[14,30],"is_endless":false,"potions_floor_spawned":[1,6,12,16,18,21,31,38,41],"killed_by":"Time Eater","ascension_level":1}