{"gold_per_floor":[116,130,143,157,167,167,201,201,224,16,27,27,27,41,41,139,139,155,165,180,190,115,115,115,126,126,6,6,6,18,29,29,29],"floor_reached":33,"playtime":2142,"items_purged":["Zap"],"score":304,"play_id":"e873e07f-22fa-4478-805c-7a163e751013","local_time":"20181231235255","is_ascension_mode":true,"campfire_choices":[{"data":"Glacier","floor":6,"key":"SMITH"},{"floor":13,"key":"REST"},{"floor":15,"key":"REST"},{"floor":23,"key":"REST"},{"floor":29,"key":"REST"},{"floor":32,"key":"REST"}],"neow_cost":"NONE","seed_source_timestamp":970485135686439,"circlet_count":0,"master_deck":["Strike_B","Strike_B","Strike_B","Strike_B","Defend_B","Defend_B","Defend_B","Dualcast","Glacier+1","Rebound","Streamline","Steam Power","Streamline","Double Energy","Hologram","Sweeping Beam","Leap","Core Surge","Turbo+1","Leap","Go for the Eyes+1","Beam Cell","Conserve Battery+1"],"relics":["Cracked Core","Orichalcum","Matryoshka","DataDisk","Bag of Preparation","Happy Flower","Philosopher\u0027s Stone","Oddly Smooth Stone","Toxic Egg 2"],"potions_floor_usage":[4,20,21,30,33,33],"damage_taken":[{"damage":0,"enemies":"Cultist","floor":1,"turns":4},{"damage":5,"enemies":"2 Louse","floor":2,"turns":2},{"damage":7,"enemies":"Jaw Worm","floor":3,"turns":2},{"damage":14,"enemies":"Exordium Wildlife","floor":4,"turns":3},{"damage":0,"enemies":"Large Slime","floor":5,"turns":4},{"damage":14,"enemies":"Gremlin Nob","floor":7,"turns":4},{"damage":2,"enemies":"Gremlin Gang","floor":11,"turns":3},{"damage":5,"enemies":"Looter","floor":14,"turns":2},{"damage":53,"enemies":"Hexaghost","floor":16,"turns":10},{"damage":0,"enemies":"Chosen","floor":18,"turns":4},{"damage":18,"enemies":"3 Byrds","floor":19,"turns":3},{"damage":20,"enemies":"Centurion and Healer","floor":20,"turns":6},{"damage":16,"enemies":"Cultist and Chosen","floor":21,"turns":5},{"damage":18,"enemies":"Snake Plant","floor":25,"turns":6},{"damage":12,"enemies":"Centurion and Healer","floor":30,"turns":4},{"damage":2,"enemies":"3 Cultists","floor":31,"turns":5},{"damage":58,"enemies":"Collector","floor":33,"turns":7}],"seed_played":"-8475793225041533487","potions_obtained":[{"floor":1,"key":"GamblersBrew"},{"floor":2,"key":"Ancient Potion"},{"floor":3,"key":"Explosive Potion"},{"floor":7,"key":"Ancient Potion"},{"floor":14,"key":"FocusPotion"},{"floor":16,"key":"PowerPotion"},{"floor":18,"key":"Dexterity Potion"},{"floor":21,"key":"AttackPotion"},{"floor":31,"key":"AttackPotion"}],"is_trial":false,"path_per_floor":["M","M","M","M","M","R","E","?","T","$","M","?","R","M","R","B",null,"M","M","M","M","?","R","?","M","T","$","?","R","M","M","R","B"],"character_chosen":"DEFECT","items_purchased":["Happy Flower","Hologram","Beam Cell"],"campfire_rested":5,"item_purchase_floors":[10,10,27],"current_hp_per_floor":[75,70,63,49,49,49,35,40,40,40,38,38,62,57,80,27,80,80,62,42,26,26,50,50,32,32,32,24,48,36,34,58,0],"gold":29,"neow_bonus":"RANDOM_COMMON_RELIC","is_prod":false,"is_daily":false,"chose_seed":false,"campfire_upgraded":1,"win_rate":0,"timestamp":1546329175,"path_taken":["M","M","M","?","?","R","E","?","T","$","M","?","R","M","R","BOSS","M","M","M","M","?","R","?","M","T","$","?","R","M","?","R","BOSS"],"build_version":"2018-12-20","purchased_purges":1,"victory":false,"max_hp_per_floor":[75,75,75,75,75,75,75,80,80,80,80,80,80,80,80,80,80,80,80,80,80,80,80,80,80,80,80,80,80,80,80,80,80],"card_choices":[{"not_picked":["Darkness","Storm"],"picked":"Glacier","floor":1},{"not_picked":["Static Discharge","Storm"],"picked":"Rebound","floor":2},{"not_picked":["Rebound","BootSequence"],"picked":"Streamline","floor":3},{"not_picked":["Steam","Redo"],"picked":"Steam Power","floor":4},{"not_picked":["Blizzard","Fusion"],"picked":"Streamline","floor":5},{"not_picked":["Multi-Cast","Storm"],"picked":"Double Energy","floor":7},{"not_picked":["Stack","Undo"],"picked":"Sweeping Beam","floor":11},{"not_picked":["Defragment","Doom and Gloom"],"picked":"Leap","floor":14},{"not_picked":["Rainbow","Amplify"],"picked":"Core Surge","floor":16},{"not_picked":["Conserve Battery","Consume","Compile Driver"],"picked":"SKIP","floor":18},{"not_picked":["Chill","Sweeping Beam"],"picked":"Turbo+1","floor":19},{"not_picked":["Consume+1","Gash"],"picked":"Leap","floor":20},{"not_picked":["Double Energy","Barrage+1","Undo"],"picked":"SKIP","floor":21},{"not_picked":["Stack","Streamline"],"picked":"Go for the Eyes+1","floor":25},{"not_picked":["Recycle+1","Go for the Eyes"],"picked":"Conserve Battery+1","floor":30},{"not_picked":["Recycle+1","Go for the Eyes","Steam+1"],"picked":"SKIP","floor":31}],"player_experience":575765,"relics_obtained":[{"floor":7,"key":"Matryoshka"},{"floor":9,"key":"DataDisk"},{"floor":9,"key":"Bag of Preparation"},{"floor":26,"key":"Oddly Smooth Stone"},{"floor":26,"key":"Toxic Egg 2"}],"event_choices":[{"damage_healed":0,"gold_gain":0,"player_choice":"Donut","damage_taken":0,"max_hp_gain":5,"max_hp_loss":0,"event_name":"Big Fish","floor":8,"gold_loss":0},{"damage_healed":0,"gold_gain":0,"player_choice":"Leave","damage_taken":0,"max_hp_gain":0,"max_hp_loss":0,"event_name":"The Cleric","floor":12,"gold_loss":0},{"cards_removed":["Defend_B"],"damage_healed":0,"gold_gain":0,"player_choice":"Gave Gold","damage_taken":0,"max_hp_gain":0,"max_hp_loss":0,"event_name":"Beggar","floor":22,"gold_loss":75},{"damage_healed":0,"gold_gain":0,"player_choice":"Ignored","damage_taken":0,"max_hp_gain":0,"max_hp_loss":0,"event_name":"Cursed Tome","floor":24,"gold_loss":0},{"damage_healed":0,"gold_gain":0,"player_choice":"Damaged","damage_taken":8,"max_hp_gain":0,"max_hp_loss":0,"event_name":"Wheel of Change","floor":28,"gold_loss":0}],"is_beta":false,"boss_relics":[{"not_picked":["Empty Cage","Snecko Eye"],"picked":"Philosopher\u0027s Stone"}],"items_purged_floors":[27],"is_endless":false,"potions_floor_spawned":[1,2,3,7,14,16,18,21,31],"killed_by":"Collector","ascension_level":4}