{"gold_per_floor":[363,363,387,387,44,87,87,128,128,168,168,182,182,222,222,347,347,368,386,131,149,174,213,213,237,237,270,286,307,330,363,363,493,493,517,530,530,555,578,612,612,632,632,666,791,791,807,826,826,826,826,826,16,54,54],"floor_reached":56,"playtime":6922,"items_purged":["Strike_R","Pain"],"score":1502,"play_id":"7fda2c60-76d0-4e76-8fbe-5d3144facc64","local_time":"20191016114238","is_ascension_mode":true,"campfire_choices":[{"floor":7.0,"key":"REST"},{"data":"Armaments","floor":11.0,"key":"SMITH"},{"data":"Whirlwind","floor":13.0,"key":"SMITH"},{"floor":15.0,"key":"REST"},{"data":"Corruption","floor":32.0,"key":"SMITH"},{"floor":41.0,"key":"REST"},{"floor":46.0,"key":"RECALL"},{"data":"Demon Form","floor":49.0,"key":"SMITH"},{"data":"True Grit","floor":52.0,"key":"SMITH"}],"neow_cost":"PERCENT_DAMAGE","seed_source_timestamp":299524521018300,"circlet_count":0,"master_deck":["Strike_R","Strike_R","Strike_R+1","Strike_R","Defend_R","Defend_R","Defend_R","Defend_R","Bash+1","Ghostly Armor","Metallicize","Armaments+1","Whirlwind+1","Feed","Shockwave","True Grit+1","Offering","Shockwave","Seeing Red+1","Corruption+1","Metallicize","Feed","Injury","Shockwave","Dropkick","Demon Form+1","Injury","Clumsy","Parasite","Shockwave","Shrug It Off+1","Burning Pact","Impervious","Ghostly Armor","Battle Trance+1","Heavy Blade+1","Headbutt+1","Magnetism","Impatience","Inflame","Warcry","True Grit","Shrug It Off+1"],"special_seed":0,"relics":["Burning Blood","Golden Idol","Magic Flower","Bag of Marbles","Ginger","Anchor","Paper Frog","Bronze Scales","Smiling Mask","Cursed Key","Frozen Eye","Red Skull","Orichalcum","Regal Pillow","Calling Bell","Potion Belt","Matryoshka","Gambling Chip","FossilizedHelix","Centennial Puzzle","Letter Opener","Whetstone","Ice Cream","Membership Card","Bottled Tornado","Pantograph","Gremlin Horn"],"potions_floor_usage":[55,55,55],"damage_taken":[{"damage":7.0,"enemies":"2 Louse","floor":1.0,"turns":3.0},{"damage":1.0,"enemies":"Cultist","floor":3.0,"turns":3.0},{"damage":32.0,"enemies":"Gremlin Nob","floor":6.0,"turns":5.0},{"damage":20.0,"enemies":"3 Sentries","floor":8.0,"turns":9.0},{"damage":26.0,"enemies":"Lagavulin","floor":10.0,"turns":8.0},{"damage":0.0,"enemies":"Small Slimes","floor":12.0,"turns":4.0},{"damage":16.0,"enemies":"3 Sentries","floor":14.0,"turns":9.0},{"damage":25.0,"enemies":"The Guardian","floor":16.0,"turns":14.0},{"damage":6.0,"enemies":"Chosen","floor":18.0,"turns":2.0},{"damage":6.0,"enemies":"Shell Parasite","floor":19.0,"turns":4.0},{"damage":2.0,"enemies":"Centurion and Healer","floor":21.0,"turns":2.0},{"damage":6.0,"enemies":"Snake Plant","floor":22.0,"turns":3.0},{"damage":22.0,"enemies":"Slavers","floor":23.0,"turns":4.0},{"damage":17.0,"enemies":"Sentry and Sphere","floor":25.0,"turns":5.0},{"damage":9.0,"enemies":"Gremlin Leader","floor":27.0,"turns":6.0},{"damage":11.0,"enemies":"3 Cultists","floor":28.0,"turns":6.0},{"damage":3.0,"enemies":"Shelled Parasite and Fungi","floor":29.0,"turns":7.0},{"damage":9.0,"enemies":"Snake Plant","floor":30.0,"turns":5.0},{"damage":6.0,"enemies":"Slavers","floor":31.0,"turns":1.0},{"damage":41.0,"enemies":"Champ","floor":33.0,"turns":11.0},{"damage":0.0,"enemies":"3 Shapes","floor":35.0,"turns":3.0},{"damage":9.0,"enemies":"Orb Walker","floor":36.0,"turns":5.0},{"damage":42.0,"enemies":"Writhing Mass","floor":38.0,"turns":5.0},{"damage":18.0,"enemies":"Maw","floor":39.0,"turns":8.0},{"damage":51.0,"enemies":"Reptomancer","floor":40.0,"turns":6.0},{"damage":9.0,"enemies":"Jaw Worm Horde","floor":42.0,"turns":4.0},{"damage":24.0,"enemies":"Giant Head","floor":44.0,"turns":8.0},{"damage":9.0,"enemies":"Mind Bloom Boss Battle","floor":45.0,"turns":7.0},{"damage":10.0,"enemies":"Spire Growth","floor":47.0,"turns":3.0},{"damage":23.0,"enemies":"Sphere and 2 Shapes","floor":48.0,"turns":7.0},{"damage":26.0,"enemies":"Donu and Deca","floor":50.0,"turns":7.0},{"damage":11,"enemies":"Shield and Spear","floor":54,"turns":4},{"damage":74,"enemies":"The Heart","floor":55,"turns":8}],"seed_played":"37618884896562244","potions_obtained":[{"floor":1.0,"key":"SpeedPotion"},{"floor":10.0,"key":"Ancient Potion"},{"floor":16.0,"key":"SkillPotion"},{"floor":19.0,"key":"SkillPotion"},{"floor":23.0,"key":"Poison Potion"},{"floor":27.0,"key":"Weak Potion"},{"floor":28.0,"key":"PowerPotion"},{"floor":35.0,"key":"Swift Potion"},{"floor":36.0,"key":"PowerPotion"},{"floor":40.0,"key":"Strength Potion"},{"floor":42.0,"key":"SkillPotion"}],"is_trial":false,"path_per_floor":["M","?","M","?","$","E","R","E","T","E","R","M","R","E","R","B",null,"M","M","$","M","M","E","?","M","T","E","M","M","M","E","R","B",null,"M","M","?","M","M","E","R","M","T","E","?","R","M","M","R","B",null,"R","$","E","B",null],"character_chosen":"IRONCLAD","items_purchased":["Bag of Marbles","Metallicize","Regen Potion","Armaments","Frozen Eye","Membership Card","Bottled Tornado","AttackPotion","FearPotion","AttackPotion","Pantograph","Magnetism","Impatience","Inflame","Warcry","True Grit"],"campfire_rested":3,"item_purchase_floors":[5,5,5,5,20,53,53,53,53,53,53,53,53,53,53,53],"current_hp_per_floor":[55,35,40,28,28,27,51,40,40,23,23,37,37,35,60,49,89,89,93,93,96,99,86,86,83,83,89,92,104,104,107,107,75,113,113,113,113,80,76,39,89,94,94,79,79,79,78,74,74,62,131,131,131,134,69],"gold":54,"neow_bonus":"TWO_FIFTY_GOLD","is_prod":false,"is_daily":false,"chose_seed":false,"campfire_upgraded":5,"win_rate":1,"timestamp":1571218958,"path_taken":["M","?","M","?","$","E","R","E","T","E","R","M","R","E","R","BOSS","M","M","$","M","M","E","?","?","T","E","M","M","M","E","R","BOSS","M","M","?","M","M","E","R","M","T","E","?","R","M","M","R","BOSS","R","$","E","BOSS"],"build_version":"2019-07-17","purchased_purges":2,"victory":true,"max_hp_per_floor":[80,80,80,80,80,80,80,80,80,80,80,83,83,86,86,89,89,89,93,93,96,99,99,99,102,102,106,109,113,113,113,113,113,113,113,113,113,113,116,119,119,122,122,122,122,122,122,128,128,131,131,131,131,134,134],"card_choices":[{"not_picked":["Intimidate","Headbutt","Twin Strike"],"picked":"SKIP","floor":1.0},{"not_picked":["Rampage","Anger"],"picked":"Ghostly Armor","floor":3.0},{"not_picked":["Thunderclap","Bludgeon"],"picked":"Whirlwind","floor":6.0},{"not_picked":["Power Through","Armaments","Clothesline"],"picked":"SKIP","floor":8.0},{"not_picked":["Thunderclap","Blood for Blood"],"picked":"Feed","floor":10.0},{"not_picked":["Combust","Ghostly Armor"],"picked":"Shockwave","floor":12.0},{"not_picked":["Intimidate","Second Wind"],"picked":"True Grit","floor":14.0},{"not_picked":["Dark Embrace","Brutality"],"picked":"Offering","floor":16.0},{"not_picked":["Pommel Strike","Rampage"],"picked":"Shockwave","floor":18.0},{"not_picked":["Twin Strike","Second Wind"],"picked":"Seeing Red+1","floor":19.0},{"not_picked":["Uppercut","Perfected Strike+1","Iron Wave"],"picked":"SKIP","floor":21.0},{"not_picked":["Perfected Strike","Twin Strike"],"picked":"Corruption","floor":22.0},{"not_picked":["True Grit+1","Anger"],"picked":"Metallicize","floor":23.0},{"not_picked":["Cleave+1","Combust","True Grit"],"picked":"SKIP","floor":25.0},{"not_picked":["Clothesline","Double Tap","Sword Boomerang"],"picked":"SKIP","floor":27.0},{"not_picked":["Cleave","Twin Strike+1","Clothesline"],"picked":"SKIP","floor":28.0},{"not_picked":["Power Through+1","Clothesline","Sword Boomerang"],"picked":"SKIP","floor":29.0},{"not_picked":["Armaments","Ghostly Armor"],"picked":"Shockwave","floor":30.0},{"not_picked":["Disarm","Sever Soul+1"],"picked":"Dropkick","floor":31.0},{"not_picked":["Berserk","Juggernaut"],"picked":"Demon Form","floor":33.0},{"not_picked":["Cleave","Armaments+1","Clash"],"picked":"SKIP","floor":35.0},{"not_picked":["Sword Boomerang+1","Intimidate+1"],"picked":"Shockwave","floor":36.0},{"not_picked":["Anger","True Grit+1"],"picked":"Shrug It Off+1","floor":38.0},{"not_picked":["Hemokinesis+1","Sword Boomerang"],"picked":"Burning Pact","floor":39.0},{"not_picked":["Clash+1","Power Through"],"picked":"Impervious","floor":40.0},{"not_picked":["Perfected Strike","Fire Breathing"],"picked":"Ghostly Armor","floor":42.0},{"not_picked":["Pommel Strike+1","Sword Boomerang"],"picked":"Battle Trance+1","floor":44.0},{"not_picked":["Power Through+1","Clash+1"],"picked":"Heavy Blade+1","floor":45.0},{"not_picked":["Clothesline+1","Feed","Body Slam"],"picked":"SKIP","floor":47.0},{"not_picked":["Pommel Strike+1","Clothesline"],"picked":"Headbutt+1","floor":48.0},{"not_picked":["Corruption+1","Twin Strike"],"picked":"Shrug It Off+1","floor":54}],"player_experience":27802,"relics_obtained":[{"floor":6.0,"key":"Ginger"},{"floor":8.0,"key":"Anchor"},{"floor":9.0,"key":"Paper Frog"},{"floor":10.0,"key":"Bronze Scales"},{"floor":14.0,"key":"Smiling Mask"},{"floor":23.0,"key":"Red Skull"},{"floor":27.0,"key":"Orichalcum"},{"floor":31.0,"key":"Regal Pillow"},{"floor":34.0,"key":"Potion Belt"},{"floor":34.0,"key":"Matryoshka"},{"floor":34.0,"key":"Gambling Chip"},{"floor":40.0,"key":"FossilizedHelix"},{"floor":43.0,"key":"Centennial Puzzle"},{"floor":43.0,"key":"Letter Opener"},{"floor":44.0,"key":"Whetstone"},{"floor":45.0,"key":"Ice Cream"},{"floor":54,"key":"Gremlin Horn"}],"event_choices":[{"damage_healed":0.0,"max_hp_gain":0.0,"max_hp_loss":0.0,"gold_gain":0.0,"event_name":"Golden Idol","player_choice":"Take Damage","floor":2.0,"gold_loss":0.0,"damage_taken":20.0,"relics_obtained":["Golden Idol"]},{"damage_healed":0.0,"max_hp_gain":0.0,"max_hp_loss":0.0,"gold_gain":0.0,"event_name":"Scrap Ooze","player_choice":"Success","floor":4.0,"gold_loss":0.0,"damage_taken":12.0,"relics_obtained":["Magic Flower"]},{"damage_healed":0.0,"max_hp_gain":0.0,"max_hp_loss":0.0,"gold_gain":0.0,"event_name":"Duplicator","player_choice":"Copied","floor":24.0,"gold_loss":0.0,"damage_taken":0.0,"cards_obtained":["Feed"]},{"damage_healed":0.0,"max_hp_gain":0.0,"max_hp_loss":0.0,"gold_gain":0.0,"event_name":"Tomb of Lord Red Mask","player_choice":"Ignored","floor":37.0,"gold_loss":0.0,"damage_taken":0.0},{"damage_healed":0.0,"max_hp_gain":0.0,"max_hp_loss":0.0,"gold_gain":0.0,"event_name":"MindBloom","player_choice":"Fight","floor":45.0,"gold_loss":0.0,"damage_taken":0.0}],"is_beta":false,"boss_relics":[{"not_picked":["Coffee Dripper","Astrolabe"],"picked":"Cursed Key"},{"not_picked":["Busted Crown","Philosopher\u0027s Stone"],"picked":"Calling Bell"}],"items_purged_floors":[20,53],"is_endless":false,"potions_floor_spawned":[1,10,16,19,23,27,28,29,35,36,40,42],"ascension_level":1}