{"gold_per_floor":[13,24,40,40,58,88,108,135,135,151,151,170,187,221,221,321,321,321,321,321,65,65,65,65,65,65,65,65,65,65,65,65,65,65,65,0,0,0,0,0,0,0,0,0,0,0,0,0,0,0],"floor_reached":51,"playtime":3967,"items_purged":[],"score":958,"play_id":"dac2b599-8272-4ab2-b30a-5ac352793f1e","local_time":"20180923211254","is_ascension_mode":true,"campfire_choices":[{"floor":11.0,"key":"REST"},{"floor":15.0,"key":"REST"},{"data":"Dash","floor":23.0,"key":"SMITH"},{"floor":27.0,"key":"REST"},{"floor":29.0,"key":"REST"},{"data":"Burst","floor":32,"key":"SMITH"},{"floor":40,"key":"REST"},{"floor":42,"key":"REST"},{"floor":47,"key":"REST"},{"floor":49,"key":"REST"}],"neow_cost":"NO_GOLD","seed_source_timestamp":0,"circlet_count":0,"master_deck":["Defend_G","Defend_G","Defend_G+1","Defend_G","Defend_G","Strike_G","Strike_G","Strike_G","Strike_G","Strike_G","Survivor","Neutralize","After Image","Leg Sweep","Acrobatics+1","Backflip","Dash+1","Crippling Poison","A Thousand Cuts","Blade Dance","Slice","Cloak And Dagger","Prepared","Bullet Time","Flechettes","Blade Dance","Cloak And Dagger","Slice+1","Endless Agony","Slice","Accuracy+1","Burst+1","After Image","Dagger Spray","Dagger Spray+1","Terror","Blade Dance+1","After Image","Dash+1"],"special_seed":0,"relics":["Ring of the Snake","Pen Nib","Bronze Scales","FossilizedHelix","Question Card","Ectoplasm","Shuriken","Blood Vial","Mango","WristBlade","Red Mask","Shovel","War Paint","Mercury Hourglass","Molten Egg 2"],"potions_floor_usage":[33,33,33,50,50],"damage_taken":[{"damage":1.0,"enemies":"Small Slimes","floor":1.0,"turns":4.0},{"damage":1.0,"enemies":"2 Louse","floor":2.0,"turns":3.0},{"damage":0.0,"enemies":"Cultist","floor":3.0,"turns":5.0},{"damage":12.0,"enemies":"3 Louse","floor":5.0,"turns":6.0},{"damage":14.0,"enemies":"3 Sentries","floor":6.0,"turns":15.0},{"damage":0.0,"enemies":"Blue Slaver","floor":7.0,"turns":5.0},{"damage":29.0,"enemies":"Lagavulin","floor":8.0,"turns":16.0},{"damage":6.0,"enemies":"2 Fungi Beasts","floor":10.0,"turns":5.0},{"damage":0.0,"enemies":"Large Slime","floor":12.0,"turns":10.0},{"damage":0.0,"enemies":"Red Slaver","floor":13.0,"turns":5.0},{"damage":11.0,"enemies":"Gremlin Nob","floor":14.0,"turns":5.0},{"damage":31.0,"enemies":"Slime Boss","floor":16.0,"turns":11.0},{"damage":0.0,"enemies":"Shell Parasite","floor":18.0,"turns":6.0},{"damage":0.0,"enemies":"Chosen","floor":19.0,"turns":6.0},{"damage":14.0,"enemies":"Sentry and Sphere","floor":20.0,"turns":8.0},{"damage":8.0,"enemies":"Snake Plant","floor":22.0,"turns":4.0},{"damage":23.0,"enemies":"Chosen and Byrds","floor":24.0,"turns":7.0},{"damage":0.0,"enemies":"Snecko","floor":25.0,"turns":4.0},{"damage":0.0,"enemies":"Snake Plant","floor":28.0,"turns":3.0},{"damage":0.0,"enemies":"Gremlin Leader","floor":30.0,"turns":6.0},{"damage":0,"enemies":"Cultist and Chosen","floor":31,"turns":5},{"damage":25,"enemies":"Collector","floor":33,"turns":7},{"damage":8,"enemies":"3 Shapes","floor":35,"turns":5},{"damage":0,"enemies":"Orb Walker","floor":37,"turns":2},{"damage":18,"enemies":"Mind Bloom Boss Battle","floor":38,"turns":6},{"damage":41,"enemies":"Spire Growth","floor":39,"turns":5},{"damage":0,"enemies":"Giant Head","floor":41,"turns":7},{"damage":61,"enemies":"Nemesis","floor":44,"turns":7},{"damage":0,"enemies":"3 Darklings","floor":45,"turns":5},{"damage":0,"enemies":"Sphere and 2 Shapes","floor":46,"turns":3},{"damage":53,"enemies":"Awakened One","floor":50,"turns":11}],"seed_played":"-605610560273417987","potions_obtained":[{"floor":1.0,"key":"SkillPotion"},{"floor":5.0,"key":"Weak Potion"},{"floor":7.0,"key":"LiquidBronze"},{"floor":8.0,"key":"Ancient Potion"},{"floor":10.0,"key":"FearPotion"},{"floor":18.0,"key":"EssenceOfSteel"},{"floor":22.0,"key":"Energy Potion"},{"floor":28.0,"key":"Block Potion"},{"floor":30,"key":"LiquidBronze"},{"floor":37,"key":"SpeedPotion"},{"floor":39,"key":"FairyPotion"},{"floor":44,"key":"AttackPotion"},{"floor":45,"key":"Block Potion"}],"is_trial":false,"path_per_floor":["M","M","M","?","M","E","M","E","T","M","R","M","M","E","R","B",null,"M","M","M","$","M","R","M","M","T","R","M","R","E","M","R","B",null,"M","?","M","?","M","R","E","R","T","E","M","M","R","?","R","B"],"character_chosen":"THE_SILENT","items_purchased":["Shuriken"],"campfire_rested":8,"item_purchase_floors":[21],"current_hp_per_floor":[69,68,68,73,61,47,47,18,18,12,34,34,34,23,45,14,75,75,75,61,61,53,53,30,30,30,52,54,75,89,89,89,64,89,81,81,83,67,28,54,56,82,82,23,25,27,53,53,79,28],"gold":0,"neow_bonus":"THREE_RARE_CARDS","is_prod":false,"is_daily":false,"chose_seed":false,"campfire_upgraded":2,"win_rate":0,"timestamp":1537762374,"path_taken":["M","M","M","?","M","E","M","E","T","?","R","M","M","E","R","BOSS","M","M","M","$","M","R","M","M","T","R","M","R","E","M","R","BOSS","M","?","M","?","?","R","E","R","T","E","M","M","R","?","R","BOSS"],"build_version":"2018-09-20","purchased_purges":0,"victory":true,"max_hp_per_floor":[70,70,70,75,75,75,75,75,75,75,75,75,75,75,75,75,75,75,75,75,75,75,75,75,75,75,75,75,75,89,89,89,89,89,89,89,89,89,89,89,89,89,89,89,89,89,89,89,89,89],"card_choices":[{"not_picked":["Wraith Form v2","Unload"],"picked":"After Image","floor":0.0},{"not_picked":["Dagger Throw","Outmaneuver"],"picked":"Leg Sweep","floor":1.0},{"not_picked":["Reflex","Prepared"],"picked":"Acrobatics","floor":2.0},{"not_picked":["Infinite Blades","Dagger Throw"],"picked":"Backflip","floor":3.0},{"not_picked":["Sucker Punch","Finisher"],"picked":"Dash","floor":5.0},{"not_picked":["Burst","Dagger Throw"],"picked":"Crippling Poison","floor":6.0},{"not_picked":["Accuracy","Leg Sweep","Outmaneuver"],"picked":"SKIP","floor":7.0},{"not_picked":["Dash","Poisoned Stab"],"picked":"A Thousand Cuts","floor":8.0},{"not_picked":["Sucker Punch","Quick Slash"],"picked":"Blade Dance","floor":10.0},{"not_picked":["Deadly Poison","Choke"],"picked":"Slice","floor":12.0},{"not_picked":["Flying Knee","Backflip"],"picked":"Cloak And Dagger","floor":13.0},{"not_picked":["Dagger Throw","Glass Knife"],"picked":"Prepared","floor":14.0},{"not_picked":["Corpse Explosion","Wraith Form v2","Storm of Steel"],"picked":"Bullet Time","floor":16.0},{"not_picked":["Reflex","Eviscerate","Backflip"],"picked":"Flechettes","floor":18.0},{"not_picked":["Dodge and Roll","Underhanded Strike","Concentrate"],"picked":"Blade Dance","floor":19.0},{"not_picked":["Choke+1","Deadly Poison+1","Calculated Gamble+1"],"picked":"Cloak And Dagger","floor":20.0},{"not_picked":["Slice","Dash","Acrobatics+1"],"picked":"Underhanded Strike+1","floor":22.0},{"not_picked":["Dash+1","Noxious Fumes","Acrobatics"],"picked":"Slice+1","floor":24.0},{"not_picked":["Backflip","PiercingWail+1","Heel Hook+1"],"picked":"Endless Agony","floor":25.0},{"not_picked":["Dodge and Roll","PiercingWail","Outmaneuver"],"picked":"Slice","floor":28.0},{"not_picked":["Concentrate","Poisoned Stab","Slice"],"picked":"Accuracy+1","floor":30},{"not_picked":["Backstab","Slice+1","Bane"],"picked":"Burst","floor":31},{"not_picked":["Bullet Time","Wraith Form v2","Burst"],"picked":"After Image","floor":33},{"not_picked":["Bane+1","Underhanded Strike","Flying Knee"],"picked":"Dagger Spray","floor":35},{"not_picked":["Slice+1","Backstab+1","Catalyst"],"picked":"Dagger Spray+1","floor":37},{"not_picked":["PiercingWail+1","Bouncing Flask","Choke"],"picked":"Terror","floor":39},{"not_picked":["Flechettes","Prepared","Grand Finale"],"picked":"Blade Dance+1","floor":41},{"not_picked":["Outmaneuver+1","Slice","Underhanded Strike"],"picked":"After Image","floor":44},{"not_picked":["Terror","Bane+1","Dodge and Roll","Dagger Spray+1"],"picked":"SKIP","floor":45},{"not_picked":["Predator+1","Slice+1","Acrobatics"],"picked":"Dash+1","floor":46}],"player_experience":390687,"relics_obtained":[{"floor":6.0,"key":"Pen Nib"},{"floor":8.0,"key":"Bronze Scales"},{"floor":9.0,"key":"FossilizedHelix"},{"floor":14.0,"key":"Question Card"},{"floor":26.0,"key":"Blood Vial"},{"floor":30,"key":"Mango"},{"floor":38,"key":"Shovel"},{"floor":41,"key":"War Paint"},{"floor":43,"key":"Mercury Hourglass"},{"floor":44,"key":"Molten Egg 2"}],"event_choices":[{"event_name":"Big Fish","player_choice":"Donut","floor":4.0,"damage_taken":0.0},{"event_name":"Tomb of Lord Red Mask","player_choice":"Paid","floor":36,"damage_taken":0},{"event_name":"MindBloom","player_choice":"Fight","floor":38,"damage_taken":0},{"event_name":"Falling","player_choice":"Removed Attack","floor":48,"damage_taken":0}],"is_beta":false,"boss_relics":[{"not_picked":["Sozu","Empty Cage"],"picked":"Ectoplasm"},{"not_picked":["Black Star","Coffee Dripper"],"picked":"WristBlade"}],"items_purged_floors":[],"is_endless":false,"potions_floor_spawned":[1,5,7,8,10,12,18,22,28,30,37,39,44,45],"ascension_level":4}