{"gold_per_floor":[116,116,136,146,146,174,174,69,69,79,97,127,127,141,141,244,244,263,273,291,8,8,8,8],"floor_reached":24,"playtime":1342,"items_purged":[],"score":218,"play_id":"87ec71f6-b012-458f-82a4-e4f59f6d517e","local_time":"20181130224332","is_ascension_mode":true,"campfire_choices":[{"floor":7,"key":"REST"},{"data":"Beam Cell","floor":13,"key":"SMITH"},{"floor":15,"key":"REST"},{"floor":23,"key":"REST"}],"neow_cost":"NONE","seed_source_timestamp":0,"circlet_count":0,"master_deck":["Strike_B","Strike_B","Strike_B","Strike_B","Defend_B","Defend_B","Defend_B","Defend_B","Zap","Dualcast+1","Gash","Hologram","Gash","Beam Cell+1","Self Repair","Leap","Rebound","Auto Shields","Seek","Sweeping Beam","Turbo+1","Streamline","Self Repair","Writhe"],"special_seed":0,"relics":["Cracked Core","Art of War","Nuclear Battery","Sling","Juzu Bracelet"],"potions_floor_usage":[16,16,18,24],"damage_taken":[{"damage":0.0,"enemies":"2 Louse","floor":1.0,"turns":2.0},{"damage":0.0,"enemies":"Small Slimes","floor":3.0,"turns":3.0},{"damage":2.0,"enemies":"Jaw Worm","floor":4.0,"turns":3.0},{"damage":27.0,"enemies":"3 Sentries","floor":6.0,"turns":8.0},{"damage":19,"enemies":"Exordium Wildlife","floor":10,"turns":3},{"damage":8,"enemies":"3 Louse","floor":11,"turns":2},{"damage":9,"enemies":"Large Slime","floor":14,"turns":4},{"damage":15,"enemies":"The Guardian","floor":16,"turns":10},{"damage":27,"enemies":"3 Byrds","floor":18,"turns":6},{"damage":26,"enemies":"Spheric Guardian","floor":19,"turns":6},{"damage":24,"enemies":"Chosen and Byrds","floor":20,"turns":7},{"damage":53,"enemies":"Slavers","floor":24,"turns":2}],"seed_played":"-6884813120748933331","potions_obtained":[{"floor":3.0,"key":"FearPotion"},{"floor":4.0,"key":"FearPotion"},{"floor":14,"key":"EssenceOfSteel"},{"floor":16,"key":"Explosive Potion"},{"floor":19,"key":"Strength Potion"}],"is_trial":false,"path_per_floor":["M","?","M","M","?","E","R","$","T","M","M","?","R","M","R","B",null,"M","M","M","$","?","R","E"],"character_chosen":"DEFECT","items_purchased":["Beam Cell","Self Repair","Sling","Self Repair"],"campfire_rested":3,"item_purchase_floors":[8,8,21,21],"current_hp_per_floor":[75,75,75,73,78,51,75,75,75,63,55,55,55,53,77,69,80,60,41,24,24,24,48,0],"gold":8,"neow_bonus":"UPGRADE_CARD","is_prod":false,"is_daily":false,"chose_seed":false,"campfire_upgraded":1,"win_rate":0,"timestamp":1543646612,"path_taken":["M","?","M","M","?","E","R","$","T","M","M","?","R","M","R","BOSS","M","M","M","$","?","R","E"],"build_version":"2018-11-15","purchased_purges":0,"victory":false,"max_hp_per_floor":[75,75,75,75,80,80,80,80,80,80,80,80,80,80,80,80,80,80,80,80,80,80,80,80],"card_choices":[{"not_picked":["Steam","Auto Shields"],"picked":"Gash","floor":1.0},{"not_picked":["Reinforced Body","BootSequence","Turbo"],"picked":"SKIP","floor":3.0},{"not_picked":["Darkness","Defragment"],"picked":"Hologram","floor":4.0},{"not_picked":["White Noise","Biased Cognition"],"picked":"Gash","floor":6.0},{"not_picked":["Hello World","Barrage"],"picked":"Leap","floor":10},{"not_picked":["Go for the Eyes","Blizzard"],"picked":"Rebound","floor":11},{"not_picked":["Reinforced Body","Leap"],"picked":"Auto Shields","floor":14},{"not_picked":["Machine Learning","Multi-Cast"],"picked":"Seek","floor":16},{"not_picked":["Compile Driver","Redo"],"picked":"Sweeping Beam","floor":18},{"not_picked":["Aggregate+1","Fusion"],"picked":"Turbo+1","floor":19},{"not_picked":["Compile Driver","Beam Cell"],"picked":"Streamline","floor":20}],"player_experience":535531,"relics_obtained":[{"floor":9,"key":"Art of War"}],"event_choices":[{"damage_healed":0.0,"max_hp_gain":0.0,"max_hp_loss":0.0,"gold_gain":0.0,"event_name":"Golden Wing","player_choice":"Ignored","floor":2.0,"gold_loss":0.0,"damage_taken":0.0},{"damage_healed":0.0,"max_hp_gain":5.0,"max_hp_loss":0.0,"gold_gain":0.0,"event_name":"Big Fish","player_choice":"Donut","floor":5.0,"gold_loss":0.0,"damage_taken":0.0},{"damage_healed":0,"gold_gain":30,"player_choice":"Searched \u00271\u0027 times","damage_taken":0,"max_hp_gain":0,"max_hp_loss":0,"event_name":"Dead Adventurer","floor":12,"gold_loss":0},{"damage_healed":0,"gold_gain":0,"player_choice":"Opened","damage_taken":0,"relics_obtained":["Juzu Bracelet"],"max_hp_gain":0,"max_hp_loss":0,"event_name":"The Mausoleum","floor":22,"gold_loss":0,"cards_obtained":["Writhe"]}],"is_beta":false,"boss_relics":[{"not_picked":["White Beast Statue","Cursed Key"],"picked":"Nuclear Battery"}],"items_purged_floors":[],"is_endless":false,"potions_floor_spawned":[3,4,14,16,19],"killed_by":"Slavers","ascension_level":2}