{"gold_per_floor":[114,129,146,146,146,146,92,106,106,149,149,174,194,212,212,212],"floor_reached":16,"playtime":1074,"items_purged":[],"score":172,"play_id":"2eb8ce19-fb26-443a-81d7-992ef6c4a9e4","local_time":"20190718202755","is_ascension_mode":true,"campfire_choices":[{"floor":6,"key":"REST"},{"floor":11,"key":"REST"},{"floor":15,"key":"REST"}],"neow_cost":"NONE","seed_source_timestamp":727033456580956,"circlet_count":0,"master_deck":["AscendersBane","Strike_R","Strike_R","Strike_R","Defend_R","Defend_R","Defend_R","Defend_R","Bash+1","Cleave+1","Shockwave","Infernal Blade","Shrug It Off","Power Through","Pommel Strike","True Grit","Wild Strike","Inflame"],"relics":["Empty Cage","Golden Idol","Gambling Chip","Champion Belt"],"potions_floor_usage":[10],"damage_taken":[{"damage":14,"enemies":"Jaw Worm","floor":1,"turns":6},{"damage":15,"enemies":"Small Slimes","floor":2,"turns":4},{"damage":2,"enemies":"2 Louse","floor":3,"turns":2},{"damage":0,"enemies":"2 Fungi Beasts","floor":8,"turns":4},{"damage":12,"enemies":"3 Sentries","floor":10,"turns":9},{"damage":1,"enemies":"Blue Slaver","floor":12,"turns":5},{"damage":11,"enemies":"Large Slime","floor":13,"turns":7},{"damage":0,"enemies":"Lots of Slimes","floor":14,"turns":1},{"damage":69,"enemies":"The Guardian","floor":16,"turns":16}],"seed_played":"-2002757218597136933","potions_obtained":[{"floor":3,"key":"Block Potion"},{"floor":10,"key":"Explosive Potion"},{"floor":13,"key":"Regen Potion"},{"floor":14,"key":"BloodPotion"}],"is_trial":false,"path_per_floor":["M","M","M","?","?","R","$","M","T","E","R","M","M","M","R","B"],"character_chosen":"IRONCLAD","items_purchased":["Shrug It Off"],"campfire_rested":3,"item_purchase_floors":[7],"current_hp_per_floor":[58,43,41,25,25,47,47,47,47,35,57,56,45,45,67,0],"gold":212,"neow_bonus":"BOSS_RELIC","is_prod":false,"is_daily":false,"chose_seed":false,"campfire_upgraded":0,"win_rate":0,"timestamp":1563506875,"path_taken":["M","M","M","?","?","R","$","M","T","E","R","M","M","M","R","BOSS"],"build_version":"2019-07-17","purchased_purges":0,"victory":false,"max_hp_per_floor":[80,80,80,80,74,74,74,74,74,74,74,74,74,74,74,74],"card_choices":[{"not_picked":["Warcry","Flex"],"picked":"Cleave","floor":1},{"not_picked":["Anger","Warcry"],"picked":"Shockwave","floor":2},{"not_picked":["Pommel Strike","Dark Embrace"],"picked":"Infernal Blade","floor":3},{"not_picked":["Reckless Charge","Feel No Pain"],"picked":"Power Through","floor":8},{"not_picked":["Havoc","Rupture"],"picked":"Pommel Strike","floor":10},{"not_picked":["Clash","Metallicize"],"picked":"True Grit","floor":12},{"not_picked":["Searing Blow","Whirlwind"],"picked":"Wild Strike","floor":13},{"not_picked":["Thunderclap","Cleave"],"picked":"Inflame","floor":14}],"player_experience":668772,"relics_obtained":[{"floor":9,"key":"Gambling Chip"},{"floor":10,"key":"Champion Belt"}],"event_choices":[{"damage_healed":0,"gold_gain":0,"player_choice":"Entered Light","damage_taken":16,"max_hp_gain":0,"max_hp_loss":0,"event_name":"Shining Light","floor":4,"gold_loss":0,"cards_upgraded":["Bash","Cleave"]},{"damage_healed":0,"gold_gain":0,"player_choice":"Lose Max HP","damage_taken":0,"relics_obtained":["Golden Idol"],"max_hp_gain":0,"max_hp_loss":6,"event_name":"Golden Idol","floor":5,"gold_loss":0}],"is_beta":false,"boss_relics":[],"items_purged_floors":[],"is_endless":false,"potions_floor_spawned":[3,10,13,14],"killed_by":"The Guardian","ascension_level":13}