{"gold_per_floor":[215,54,54,67,81,111,111,143,143,162,180,7,7,26,26,105,105,116,133,145,40,40,40,40],"floor_reached":24,"playtime":1086,"items_purged":[],"score":425,"play_id":"0d21f54f-d161-4dac-8b89-e6fd118eebde","local_time":"20190727160013","is_ascension_mode":true,"campfire_choices":[{"data":"Zap","floor":7.0,"key":"SMITH"},{"floor":15.0,"key":"REST"},{"data":"Creative AI","floor":23.0,"key":"SMITH"}],"neow_cost":"NONE","seed_source_timestamp":942285551539040,"circlet_count":0,"master_deck":["AscendersBane","Strike_B","Defend_B","Defend_B","Defend_B","Defend_B","Zap+1","Dualcast","Sunder","Genetic Algorithm","Undo","FTL","Static Discharge","Creative AI+1","Defragment","Sweeping Beam","Coolheaded","Compile Driver","Ball Lightning","Machine Learning","Self Repair+1","Auto Shields+1","Redo+1","Stack","Coolheaded+1","Compile Driver+1","Flash of Steel","Shame"],"special_seed":0,"relics":["Cracked Core","Letter Opener","Bird Faced Urn","Dead Branch","Dream Catcher","Astrolabe","Peace Pipe"],"potions_floor_usage":[],"damage_taken":[{"damage":0.0,"enemies":"Cultist","floor":1.0,"turns":3.0},{"damage":0.0,"enemies":"Jaw Worm","floor":4.0,"turns":3.0},{"damage":0.0,"enemies":"2 Louse","floor":5.0,"turns":2.0},{"damage":8.0,"enemies":"Gremlin Nob","floor":6.0,"turns":3.0},{"damage":40.0,"enemies":"3 Sentries","floor":8.0,"turns":8.0},{"damage":14.0,"enemies":"Exordium Thugs","floor":10.0,"turns":4.0},{"damage":2.0,"enemies":"Red Slaver","floor":11.0,"turns":3.0},{"damage":0.0,"enemies":"Lagavulin","floor":13.0,"turns":1.0},{"damage":0.0,"enemies":"Looter","floor":14.0,"turns":3.0},{"damage":32.0,"enemies":"Slime Boss","floor":16.0,"turns":10.0},{"damage":11.0,"enemies":"Spheric Guardian","floor":18.0,"turns":4.0},{"damage":23.0,"enemies":"Chosen","floor":19.0,"turns":6.0},{"damage":25.0,"enemies":"Snake Plant","floor":20.0,"turns":4.0},{"damage":64,"enemies":"Slavers","floor":24,"turns":4}],"seed_played":"8651182511803729937","potions_obtained":[{"floor":1.0,"key":"SteroidPotion"},{"floor":3.0,"key":"SmokeBomb"},{"floor":5.0,"key":"PowerPotion"},{"floor":10.0,"key":"Swift Potion"}],"is_trial":false,"path_per_floor":["M","$","?","M","M","E","R","E","T","M","M","$","E","M","R","B",null,"M","M","M","$","?","R","E"],"character_chosen":"DEFECT","items_purchased":["Genetic Algorithm","Undo","Dream Catcher","Flash of Steel"],"campfire_rested":1,"item_purchase_floors":[2,2,12,21],"current_hp_per_floor":[64,64,64,64,64,56,56,16,16,8,10,10,10,12,33,17,58,65,64,57,57,57,57,0],"gold":40,"neow_bonus":"HUNDRED_GOLD","is_prod":false,"is_daily":false,"chose_seed":false,"campfire_upgraded":2,"win_rate":0,"timestamp":1564268413,"path_taken":["M","?","?","M","?","E","R","E","T","M","M","$","E","M","R","BOSS","M","M","M","$","?","R","E"],"build_version":"2019-07-17","purchased_purges":0,"victory":false,"max_hp_per_floor":[71,71,71,71,71,71,71,71,71,71,71,71,71,71,71,71,71,71,71,71,71,71,71,71],"card_choices":[{"not_picked":["Leap","Hologram"],"picked":"Sunder","floor":1.0},{"not_picked":["Leap","Skim"],"picked":"FTL","floor":4.0},{"not_picked":["Barrage","Go for the Eyes"],"picked":"Static Discharge","floor":5.0},{"not_picked":["Rebound","Conserve Battery"],"picked":"Creative AI","floor":6.0},{"not_picked":["Beam Cell","Leap"],"picked":"Defragment","floor":8.0},{"not_picked":["Gash","Fusion"],"picked":"Sweeping Beam","floor":10.0},{"not_picked":["Streamline","Go for the Eyes"],"picked":"Coolheaded","floor":11.0},{"not_picked":["Melter","Go for the Eyes"],"picked":"Compile Driver","floor":14.0},{"not_picked":["Buffer","FTL"],"picked":"Ball Lightning","floor":15.0},{"not_picked":["Creative AI","Biased Cognition"],"picked":"Machine Learning","floor":16.0},{"not_picked":["Tempest","Go for the Eyes"],"picked":"Stack","floor":18.0},{"not_picked":["Stack","Cold Snap"],"picked":"Coolheaded+1","floor":19.0},{"not_picked":["BootSequence","Sweeping Beam"],"picked":"Compile Driver+1","floor":20.0}],"player_experience":2392148,"relics_obtained":[{"floor":6.0,"key":"Letter Opener"},{"floor":8.0,"key":"Bird Faced Urn"},{"floor":9.0,"key":"Dead Branch"}],"event_choices":[{"damage_healed":0.0,"max_hp_gain":0.0,"max_hp_loss":0.0,"gold_gain":0.0,"event_name":"Lab","player_choice":"Got Potions","floor":3.0,"gold_loss":0.0,"damage_taken":0.0},{"damage_healed":0.0,"max_hp_gain":0.0,"max_hp_loss":0.0,"gold_gain":0.0,"event_name":"Addict","player_choice":"Stole Relic","floor":22.0,"gold_loss":0.0,"damage_taken":0.0,"relics_obtained":["Peace Pipe"],"cards_obtained":["Shame"]}],"is_beta":false,"boss_relics":[{"not_picked":["Lizard Tail","White Beast Statue"],"picked":"Astrolabe"}],"items_purged_floors":[],"is_endless":false,"potions_floor_spawned":[1,5,10],"killed_by":"Slavers","ascension_level":19}