{"gold_per_floor":[116,133,152,152,252,277,277,297,297,6,41,41,68,82,82,186,236,252,177,177,192,45,73,73,85,85,85,116,126,126,160,160,259,259,279,379,392,392,412,444,464,209,254,254,285,44,76,76,76,76,76,76,27,52,52],"floor_reached":56,"playtime":3396,"items_purged":["Strike_B"],"score":1414,"play_id":"06629c91-395b-4062-b7fe-7b865ab25d7b","local_time":"20190816225352","is_ascension_mode":true,"campfire_choices":[{"data":"Dualcast","floor":7,"key":"SMITH"},{"floor":12,"key":"REST"},{"data":"Go for the Eyes","floor":15,"key":"SMITH"},{"data":"White Noise","floor":24,"key":"SMITH"},{"floor":27,"key":"REST"},{"data":"Gash","floor":32,"key":"SMITH"},{"floor":44,"key":"RECALL"},{"data":"Seek","floor":49,"key":"SMITH"},{"data":"Glacier","floor":52,"key":"SMITH"}],"neow_cost":"NONE","seed_source_timestamp":229594811067200,"circlet_count":0,"master_deck":["Strike_B+1","Defend_B","Defend_B","Defend_B","Defend_B","Zap+1","Dualcast+1","Leap","Beam Cell","Gash+1","Ball Lightning","Gash","BootSequence","Sweeping Beam","White Noise+1","Go for the Eyes+1","Beam Cell","All For One","Go for the Eyes","Conserve Battery+1","Gash","Seek+1","Steam+1","Chill","Glacier+1","Steam+1","Buffer","Coolheaded+1","Beam Cell+1","Coolheaded+1","Panache","Coolheaded+1","FTL+1"],"relics":["Cracked Core","Happy Flower","Shuriken","Medical Kit","Question Card","Prayer Wheel","Tiny House","PreservedInsect","Bronze Scales","Cables","Kunai","Anchor","Busted Crown","Ice Cream","Mummified Hand","Orichalcum","Gremlin Horn","Bottled Lightning","Art of War","Letter Opener"],"potions_floor_usage":[6,6,13,16,23,36,39,50,55],"damage_taken":[{"damage":0,"enemies":"Small Slimes","floor":1,"turns":4},{"damage":0,"enemies":"Cultist","floor":2,"turns":3},{"damage":1,"enemies":"2 Louse","floor":3,"turns":2},{"damage":37,"enemies":"Gremlin Nob","floor":6,"turns":5},{"damage":6,"enemies":"Exordium Thugs","floor":8,"turns":4},{"damage":8,"enemies":"3 Sentries","floor":11,"turns":5},{"damage":8,"enemies":"Lagavulin","floor":13,"turns":4},{"damage":0,"enemies":"Exordium Wildlife","floor":14,"turns":3},{"damage":5,"enemies":"Hexaghost","floor":16,"turns":6},{"damage":2,"enemies":"Shell Parasite","floor":18,"turns":3},{"damage":23,"enemies":"3 Byrds","floor":21,"turns":5},{"damage":0,"enemies":"Book of Stabbing","floor":23,"turns":4},{"damage":16,"enemies":"Snecko","floor":25,"turns":6},{"damage":8,"enemies":"Gremlin Leader","floor":28,"turns":3},{"damage":0,"enemies":"Centurion and Healer","floor":29,"turns":6},{"damage":13,"enemies":"Slavers","floor":31,"turns":2},{"damage":35,"enemies":"Champ","floor":33,"turns":11},{"damage":0,"enemies":"3 Darklings","floor":35,"turns":6},{"damage":5,"enemies":"Mind Bloom Boss Battle","floor":36,"turns":6},{"damage":0,"enemies":"3 Shapes","floor":37,"turns":3},{"damage":0,"enemies":"Writhing Mass","floor":39,"turns":8},{"damage":0,"enemies":"Giant Head","floor":40,"turns":6},{"damage":4,"enemies":"Jaw Worm Horde","floor":41,"turns":4},{"damage":13,"enemies":"Reptomancer","floor":45,"turns":5},{"damage":0,"enemies":"Nemesis","floor":47,"turns":5},{"damage":24,"enemies":"Time Eater","floor":50,"turns":10},{"damage":4,"enemies":"Shield and Spear","floor":54,"turns":6},{"damage":35,"enemies":"The Heart","floor":55,"turns":9}],"seed_played":"982977443354219529","potions_obtained":[{"floor":2,"key":"FocusPotion"},{"floor":3,"key":"Ancient Potion"},{"floor":11,"key":"FearPotion"},{"floor":14,"key":"LiquidBronze"},{"floor":17,"key":"FearPotion"},{"floor":21,"key":"Poison Potion"},{"floor":29,"key":"LiquidBronze"},{"floor":35,"key":"SpeedPotion"},{"floor":39,"key":"Energy Potion"},{"floor":41,"key":"EssenceOfSteel"}],"is_trial":false,"path_per_floor":["M","M","M","?","?","E","R","M","T","$","E","R","E","M","R","B",null,"M","?","T","M","$","E","R","M","T","R","E","M","?","E","R","B",null,"M","?","M","?","M","E","M","$","T","R","E","$","E","?","R","B",null,"R","$","E","B",null],"character_chosen":"DEFECT","items_purchased":["Gash","BootSequence","Medical Kit","PreservedInsect","Panache","Bottled Lightning","Dexterity Potion"],"campfire_rested":2,"item_purchase_floors":[10,10,10,22,42,46,53],"current_hp_per_floor":[75,75,74,67,67,30,30,24,24,24,16,38,30,30,30,25,80,78,78,78,55,55,55,55,39,39,63,55,55,80,67,67,32,80,80,75,75,75,75,75,71,71,71,71,58,58,58,58,58,34,76,76,76,72,37],"gold":52,"neow_bonus":"UPGRADE_CARD","is_prod":false,"is_daily":false,"chose_seed":false,"campfire_upgraded":6,"win_rate":0,"timestamp":1566021232,"path_taken":["M","M","M","?","?","E","R","?","T","$","E","R","E","M","R","BOSS","M","?","?","M","?","E","R","M","T","R","E","M","?","E","R","BOSS","M","?","M","?","M","E","M","$","T","R","E","$","E","?","R","BOSS","R","$","E","BOSS"],"build_version":"2019-08-15","purchased_purges":1,"victory":true,"max_hp_per_floor":[75,75,75,75,75,75,75,75,75,75,75,75,75,75,75,75,80,80,80,80,80,80,80,80,80,80,80,80,80,80,80,80,80,80,80,80,80,76,76,76,76,76,76,76,76,76,76,76,76,76,76,76,76,76,76],"card_choices":[{"not_picked":["Coolheaded","Streamline"],"picked":"Leap","floor":1},{"not_picked":["Steam","Recycle"],"picked":"Beam Cell","floor":2},{"not_picked":["Machine Learning","Barrage"],"picked":"Gash","floor":3},{"not_picked":["Barrage","Sweeping Beam"],"picked":"Ball Lightning","floor":6},{"not_picked":["Stack","Compile Driver","Static Discharge"],"picked":"SKIP","floor":8},{"not_picked":["Barrage","Stack"],"picked":"Sweeping Beam","floor":11},{"not_picked":["Rip and Tear","Streamline","Stack"],"picked":"White Noise","floor":13},{"not_picked":["Turbo","Steam Power","Barrage"],"picked":"Go for the Eyes","floor":14},{"not_picked":["Chaos","Redo","Undo"],"picked":"Beam Cell","floor":14},{"not_picked":["Creative AI","Seek","Hyperbeam"],"picked":"All For One","floor":16},{"not_picked":["Sunder","Defragment","Conserve Battery"],"picked":"Go for the Eyes","floor":17},{"not_picked":["Genetic Algorithm+1","Turbo","Defragment"],"picked":"Conserve Battery+1","floor":18},{"not_picked":["Gash","Streamline","Double Energy","Steam"],"picked":"SKIP","floor":18},{"not_picked":["Streamline","Double Energy","Steam"],"picked":"Gash","floor":18},{"not_picked":["Rebound","Storm+1","Aggregate"],"picked":"Seek","floor":21},{"not_picked":["Streamline+1","Gash","Ball Lightning"],"picked":"Steam+1","floor":21},{"not_picked":["Ball Lightning","Turbo+1","Barrage+1","Stack+1"],"picked":"SKIP","floor":23},{"not_picked":["Rebound","Compile Driver","Ball Lightning"],"picked":"Chill","floor":25},{"not_picked":["Turbo","Ball Lightning","Auto Shields"],"picked":"Glacier","floor":25},{"not_picked":["Compile Driver+1","Cold Snap+1","Blizzard","Barrage"],"picked":"SKIP","floor":28},{"not_picked":["Turbo","Streamline","Reboot","Ball Lightning"],"picked":"SKIP","floor":29},{"not_picked":["Cold Snap","Storm","Compile Driver","Go for the Eyes+1"],"picked":"SKIP","floor":29},{"not_picked":["Redo","Melter","Streamline"],"picked":"Steam+1","floor":31},{"not_picked":["Seek","Biased Cognition","Reboot"],"picked":"Buffer","floor":33},{"not_picked":["Steam Power+1"],"picked":"Coolheaded+1","floor":35},{"not_picked":["Streamline"],"picked":"Beam Cell+1","floor":35},{"not_picked":["Stack","Rebound"],"picked":"SKIP","floor":37},{"not_picked":["Cold Snap","Rip and Tear+1"],"picked":"SKIP","floor":37},{"not_picked":["Chill+1","Hologram"],"picked":"SKIP","floor":39},{"not_picked":["Glacier","Hologram"],"picked":"SKIP","floor":39},{"not_picked":["Capacitor","Scrape+1"],"picked":"SKIP","floor":40},{"not_picked":["Stack"],"picked":"Coolheaded+1","floor":41},{"not_picked":["Biased Cognition","Auto Shields+1"],"picked":"SKIP","floor":41},{"not_picked":["Cold Snap"],"picked":"Coolheaded+1","floor":45},{"not_picked":["Auto Shields+1"],"picked":"FTL+1","floor":47},{"not_picked":["Beam Cell","Double Energy"],"picked":"SKIP","floor":54}],"player_experience":1399792,"relics_obtained":[{"floor":6,"key":"Happy Flower"},{"floor":9,"key":"Shuriken"},{"floor":11,"key":"Question Card"},{"floor":13,"key":"Prayer Wheel"},{"floor":23,"key":"Bronze Scales"},{"floor":26,"key":"Cables"},{"floor":28,"key":"Kunai"},{"floor":31,"key":"Anchor"},{"floor":36,"key":"Ice Cream"},{"floor":40,"key":"Mummified Hand"},{"floor":43,"key":"Orichalcum"},{"floor":45,"key":"Gremlin Horn"},{"floor":47,"key":"Art of War"},{"floor":54,"key":"Letter Opener"}],"event_choices":[{"cards_removed":["Strike_B"],"damage_healed":0,"gold_gain":0,"player_choice":"Card Removal","damage_taken":7,"max_hp_gain":0,"max_hp_loss":0,"event_name":"Golden Wing","floor":4,"gold_loss":0},{"damage_healed":0,"gold_gain":100,"player_choice":"Pray","damage_taken":0,"max_hp_gain":0,"max_hp_loss":0,"event_name":"Golden Shrine","floor":5,"gold_loss":0},{"cards_removed":["Strike_B"],"damage_healed":0,"gold_gain":0,"player_choice":"Gave Gold","damage_taken":0,"max_hp_gain":0,"max_hp_loss":0,"event_name":"Beggar","floor":19,"gold_loss":75},{"damage_healed":26,"gold_gain":0,"player_choice":"Heal","damage_taken":0,"max_hp_gain":0,"max_hp_loss":0,"event_name":"The Library","floor":30,"gold_loss":0},{"damage_healed":0,"gold_gain":0,"player_choice":"Fight","damage_taken":0,"max_hp_gain":0,"max_hp_loss":0,"event_name":"MindBloom","floor":36,"gold_loss":0},{"damage_healed":0,"gold_gain":0,"player_choice":"Max HP","damage_taken":0,"max_hp_gain":0,"max_hp_loss":4,"event_name":"Winding Halls","floor":38,"gold_loss":0},{"damage_healed":0,"gold_gain":0,"player_choice":"Memory 1","damage_taken":0,"max_hp_gain":0,"max_hp_loss":0,"event_name":"SensoryStone","floor":48,"gold_loss":0}],"is_beta":true,"boss_relics":[{"not_picked":["Cursed Key","Fusion Hammer"],"picked":"Tiny House"},{"not_picked":["Coffee Dripper","Calling Bell"],"picked":"Busted Crown"}],"items_purged_floors":[42],"is_endless":false,"potions_floor_spawned":[2,3,11,14,21,29,35,39,41],"ascension_level":1}