{"gold_per_floor":[109,109,123,134,144,144,203,203,203,228,300,320,320,42,42,115,115,129,145,162,19,19,52,52,52,52,52,52,52,65,83,83,83],"floor_reached":33,"playtime":1096,"items_purged":["Strike_R"],"score":489,"play_id":"9eb22210-0381-4356-918f-21742134dfef","local_time":"20190819223650","is_ascension_mode":true,"campfire_choices":[{"data":"Bash","floor":6,"key":"SMITH"},{"floor":8,"key":"REST"},{"floor":13,"key":"REST"},{"floor":15,"key":"REST"},{"floor":24,"key":"REST"},{"data":"True Grit","floor":32,"key":"SMITH"}],"neow_cost":"NONE","seed_source_timestamp":504653714312248,"circlet_count":0,"master_deck":["AscendersBane","Defend_R","Defend_R","Defend_R","Defend_R","Bash+1","True Grit+1","Heavy Blade","Cleave","Twin Strike","Inflame","Demon Form","Double Tap","Battle Trance","True Grit","Bite+1","Bite+1","Bite+1","Bite+1","Bite+1","Iron Wave+1"],"relics":["Burning Blood","Art of War","Tiny Chest","Bottled Flame","Unceasing Top","Odd Mushroom","Happy Flower","Runic Dome","Vajra","Molten Egg 2","Bottled Tornado","MutagenicStrength"],"potions_floor_usage":[5,7,16,23,23],"damage_taken":[{"damage":6,"enemies":"2 Louse","floor":1,"turns":4},{"damage":1,"enemies":"Cultist","floor":3,"turns":4},{"damage":3,"enemies":"Jaw Worm","floor":4,"turns":5},{"damage":5,"enemies":"Looter","floor":5,"turns":3},{"damage":30,"enemies":"Lagavulin","floor":7,"turns":7},{"damage":33,"enemies":"3 Sentries","floor":10,"turns":9},{"damage":26,"enemies":"The Mushroom Lair","floor":12,"turns":4},{"damage":35,"enemies":"Hexaghost","floor":16,"turns":8},{"damage":16,"enemies":"Shell Parasite","floor":18,"turns":4},{"damage":1,"enemies":"Spheric Guardian","floor":19,"turns":3},{"damage":26,"enemies":"Centurion and Healer","floor":20,"turns":4},{"damage":54,"enemies":"Slavers","floor":23,"turns":7},{"damage":34,"enemies":"Snake Plant","floor":30,"turns":5},{"damage":26,"enemies":"Sentry and Sphere","floor":31,"turns":4},{"damage":87,"enemies":"Automaton","floor":33,"turns":6}],"seed_played":"2822160764968239284","potions_obtained":[{"floor":3,"key":"SkillPotion"},{"floor":4,"key":"AttackPotion"},{"floor":16,"key":"EssenceOfSteel"},{"floor":18,"key":"SteroidPotion"},{"floor":31,"key":"EntropicBrew"}],"is_trial":false,"path_per_floor":["M","?","M","M","M","R","E","R","T","E","?","?","R","$","R","B",null,"M","M","M","$","?","E","R","?","T","T","?","?","M","M","R","B"],"character_chosen":"IRONCLAD","items_purchased":["Happy Flower","Dexterity Potion","Vajra"],"campfire_rested":4,"item_purchase_floors":[14,14,21],"current_hp_per_floor":[68,68,73,75,75,75,51,73,73,46,46,26,48,48,70,41,67,57,62,42,42,67,19,41,41,41,41,41,41,36,46,46,0],"gold":83,"neow_bonus":"RANDOM_COMMON_RELIC","is_prod":false,"is_daily":false,"chose_seed":false,"campfire_upgraded":2,"win_rate":0,"timestamp":1566279410,"path_taken":["M","?","M","M","?","R","E","R","T","E","?","?","R","$","R","BOSS","M","M","M","$","?","E","R","?","T","?","?","?","M","?","R","BOSS"],"build_version":"2019-07-17","purchased_purges":1,"victory":false,"max_hp_per_floor":[75,75,75,75,75,75,75,75,75,75,75,75,75,75,75,75,75,75,75,75,75,75,75,75,52,52,52,52,52,52,52,52,52],"card_choices":[{"not_picked":["Combust","Disarm"],"picked":"True Grit","floor":1},{"not_picked":["Dual Wield","Havoc"],"picked":"Heavy Blade","floor":3},{"not_picked":["Warcry","Iron Wave"],"picked":"Cleave","floor":4},{"not_picked":["Blood for Blood","Pommel Strike"],"picked":"Twin Strike","floor":5},{"not_picked":["Warcry","Headbutt"],"picked":"Inflame","floor":7},{"not_picked":["Fire Breathing","Warcry"],"picked":"Demon Form","floor":10},{"not_picked":["Bludgeon","Offering"],"picked":"Double Tap","floor":16},{"not_picked":["Intimidate","Perfected Strike","Pommel Strike"],"picked":"SKIP","floor":18},{"not_picked":["Pommel Strike","Anger"],"picked":"Battle Trance","floor":19},{"not_picked":["Warcry","Anger"],"picked":"True Grit","floor":20},{"not_picked":["Thunderclap","Burning Pact","Fire Breathing"],"picked":"SKIP","floor":23},{"not_picked":["Rupture","Thunderclap+1","Combust+1"],"picked":"SKIP","floor":30},{"not_picked":["Wild Strike+1","Headbutt+1"],"picked":"Iron Wave+1","floor":31}],"player_experience":729568,"relics_obtained":[{"floor":7,"key":"Tiny Chest"},{"floor":9,"key":"Bottled Flame"},{"floor":10,"key":"Unceasing Top"},{"floor":12,"key":"Odd Mushroom"},{"floor":23,"key":"Molten Egg 2"},{"floor":26,"key":"Bottled Tornado"}],"event_choices":[{"cards_removed":["Strike_R"],"damage_healed":0,"gold_gain":0,"player_choice":"Offered Basic","damage_taken":0,"max_hp_gain":0,"max_hp_loss":0,"event_name":"Bonfire Elementals","floor":2,"gold_loss":0},{"damage_healed":0,"gold_gain":72,"player_choice":"Gained Gold","damage_taken":0,"max_hp_gain":0,"max_hp_loss":0,"event_name":"Golden Wing","floor":11,"gold_loss":0},{"damage_healed":0,"gold_gain":0,"player_choice":"Fought Mushrooms","damage_taken":0,"max_hp_gain":0,"max_hp_loss":0,"event_name":"Mushrooms","floor":12,"gold_loss":0},{"damage_healed":25,"gold_gain":0,"player_choice":"Heal","damage_taken":0,"max_hp_gain":0,"max_hp_loss":0,"event_name":"The Library","floor":22,"gold_loss":0},{"damage_healed":0,"gold_gain":0,"player_choice":"Became a vampire","damage_taken":0,"max_hp_gain":0,"max_hp_loss":23,"event_name":"Vampires","floor":25,"gold_loss":0,"cards_obtained":["Bite","Bite","Bite","Bite","Bite"]},{"damage_healed":0,"gold_gain":0,"player_choice":"Inject Mutagens","damage_taken":0,"relics_obtained":["MutagenicStrength"],"max_hp_gain":0,"max_hp_loss":0,"event_name":"Drug Dealer","floor":28,"gold_loss":0},{"damage_healed":0,"gold_gain":0,"player_choice":"Ignored","damage_taken":0,"max_hp_gain":0,"max_hp_loss":0,"event_name":"Cursed Tome","floor":29,"gold_loss":0}],"is_beta":false,"boss_relics":[{"not_picked":["Tiny House","Calling Bell"],"picked":"Runic Dome"}],"items_purged_floors":[14],"is_endless":false,"potions_floor_spawned":[3,4,16,18,19,31],"killed_by":"Automaton","ascension_level":14}