{"gold_per_floor":[118,118,132,132,132,159,177,192,192,206,206,216,247,259,259,259],"floor_reached":16,"playtime":733,"items_purged":[],"score":114,"play_id":"1e182f1b-520e-4e3f-85d2-25bb2627fe92","local_time":"20191006134512","is_ascension_mode":false,"campfire_choices":[{"floor":11,"key":"REST"},{"floor":15,"key":"REST"}],"neow_cost":"NONE","seed_source_timestamp":88850417760700,"circlet_count":0,"master_deck":["Strike_R","Strike_R","Strike_R","Strike_R","Strike_R","Defend_R","Defend_R","Defend_R","Defend_R","Bash","Cleave+1","Feel No Pain","Rage","Anger","Rupture","Armaments","Seeing Red","Impervious","Burning Pact"],"relics":["Runic Cube","Happy Flower","PreservedInsect","Darkstone Periapt"],"potions_floor_usage":[13,16,16,16],"damage_taken":[{"damage":1,"enemies":"Jaw Worm","floor":1,"turns":5},{"damage":6,"enemies":"Cultist","floor":3,"turns":3},{"damage":28,"enemies":"Gremlin Nob","floor":6,"turns":4},{"damage":7,"enemies":"2 Louse","floor":7,"turns":2},{"damage":14,"enemies":"Looter","floor":8,"turns":3},{"damage":13,"enemies":"2 Fungi Beasts","floor":10,"turns":4},{"damage":2,"enemies":"Blue Slaver","floor":12,"turns":3},{"damage":18,"enemies":"Lagavulin","floor":13,"turns":6},{"damage":10,"enemies":"Lots of Slimes","floor":14,"turns":3},{"damage":36,"enemies":"Slime Boss","floor":16,"turns":11}],"seed_played":"-8561096357412456993","potions_obtained":[{"floor":3,"key":"Ancient Potion"},{"floor":6,"key":"Energy Potion"},{"floor":8,"key":"Dexterity Potion"},{"floor":14,"key":"EssenceOfSteel"}],"is_trial":false,"path_per_floor":["M","?","M","?","?","E","M","M","T","M","R","M","E","M","R","B"],"character_chosen":"IRONCLAD","items_purchased":[],"campfire_rested":2,"item_purchase_floors":[],"current_hp_per_floor":[79,79,73,73,73,45,38,24,24,11,35,33,15,5,29,0],"gold":259,"neow_bonus":"BOSS_RELIC","is_prod":false,"is_daily":false,"chose_seed":false,"campfire_upgraded":0,"win_rate":0.0,"timestamp":1570394712,"path_taken":["M","?","M","?","?","E","M","M","T","M","R","?","E","M","R","BOSS"],"build_version":"2019-07-17","purchased_purges":0,"victory":false,"max_hp_per_floor":[80,80,80,80,80,80,80,80,80,80,80,80,80,80,80,80],"card_choices":[{"not_picked":["Anger","Headbutt"],"picked":"Cleave","floor":1},{"not_picked":["Entrench","Cleave"],"picked":"Feel No Pain","floor":3},{"not_picked":["Body Slam","Pommel Strike"],"picked":"Rage","floor":6},{"not_picked":["Iron Wave","Dual Wield"],"picked":"Anger","floor":7},{"not_picked":["Shrug It Off","Cleave"],"picked":"Rupture","floor":8},{"not_picked":["Perfected Strike","Metallicize"],"picked":"Armaments","floor":10},{"not_picked":["Twin Strike","Clothesline"],"picked":"Seeing Red","floor":12},{"not_picked":["Cleave","Clothesline"],"picked":"Impervious","floor":13},{"not_picked":["Body Slam","Twin Strike"],"picked":"Burning Pact","floor":14}],"player_experience":2437,"relics_obtained":[{"floor":6,"key":"Happy Flower"},{"floor":9,"key":"PreservedInsect"},{"floor":13,"key":"Darkstone Periapt"}],"event_choices":[{"damage_healed":0,"gold_gain":0,"player_choice":"Ignored","damage_taken":0,"max_hp_gain":0,"max_hp_loss":0,"event_name":"Golden Wing","floor":2,"gold_loss":0},{"damage_healed":0,"gold_gain":0,"player_choice":"Ignored","damage_taken":0,"max_hp_gain":0,"max_hp_loss":0,"event_name":"Liars Game","floor":4,"gold_loss":0},{"damage_healed":0,"gold_gain":0,"player_choice":"Upgraded","damage_taken":0,"max_hp_gain":0,"max_hp_loss":0,"event_name":"Upgrade Shrine","floor":5,"gold_loss":0,"cards_upgraded":["Cleave"]}],"is_beta":false,"boss_relics":[],"items_purged_floors":[],"is_endless":false,"potions_floor_spawned":[3,6,8,14],"killed_by":"Slime Boss","ascension_level":0}