{"gold_per_floor":[12,31,31,48,48,48,79,79,105,115,115,115,147,157,157,257,257,269,289,289,204,217,217,237,162,208,227,35,35,50,50,50,50],"floor_reached":33,"playtime":1360,"items_purged":[],"score":257,"play_id":"24ca7481-885d-42c2-a5b2-da6185d956d3","local_time":"20191011214751","is_ascension_mode":false,"campfire_choices":[{"data":"Anger","floor":6,"key":"SMITH"},{"floor":8,"key":"REST"},{"data":"Double Tap","floor":11,"key":"SMITH"},{"floor":15,"key":"REST"},{"floor":23,"key":"DIG"},{"floor":32,"key":"REST"}],"neow_cost":"NO_GOLD","seed_source_timestamp":307067383043500,"circlet_count":0,"master_deck":["Strike_R","Strike_R","Strike_R","Defend_R","Defend_R","Defend_R","Defend_R","Bash","Double Tap+1","Anger+1","Headbutt","Rupture","Seeing Red","Rampage","Shockwave","Clothesline","Demon Form","Metallicize","Pommel Strike","Havoc","Power Through","Uppercut+1","Anger+1","Fire Breathing","Blood for Blood+1"],"relics":["Burning Blood","Oddly Smooth Stone","Bottled Tornado","Bronze Scales","Shovel","Orichalcum","Runic Cube","Gambling Chip","Letter Opener","Ancient Tea Set","DollysMirror"],"potions_floor_usage":[22,33,33,33],"damage_taken":[{"damage":6,"enemies":"Cultist","floor":1,"turns":3},{"damage":14,"enemies":"Small Slimes","floor":2,"turns":3},{"damage":0,"enemies":"2 Louse","floor":4,"turns":3},{"damage":42,"enemies":"3 Sentries","floor":7,"turns":10},{"damage":13,"enemies":"Blue Slaver","floor":10,"turns":2},{"damage":8,"enemies":"Gremlin Nob","floor":13,"turns":3},{"damage":10,"enemies":"3 Louse","floor":14,"turns":3},{"damage":24,"enemies":"Hexaghost","floor":16,"turns":7},{"damage":24,"enemies":"Spheric Guardian","floor":18,"turns":5},{"damage":2,"enemies":"Shell Parasite","floor":19,"turns":4},{"damage":19,"enemies":"Centurion and Healer","floor":22,"turns":6},{"damage":4,"enemies":"Cultist and Chosen","floor":24,"turns":6},{"damage":22,"enemies":"Shelled Parasite and Fungi","floor":27,"turns":6},{"damage":32,"enemies":"3 Cultists","floor":30,"turns":6},{"damage":51,"enemies":"Collector","floor":33,"turns":5}],"seed_played":"8063941116964275097","potions_obtained":[{"floor":2,"key":"Block Potion"},{"floor":4,"key":"Ancient Potion"},{"floor":14,"key":"Dexterity Potion"},{"floor":22,"key":"SneckoOil"}],"is_trial":false,"path_per_floor":["M","M","?","M","?","R","E","R","T","M","R","T","E","M","R","B",null,"M","M","?","?","M","R","M","?","T","M","$","?","M","?","R","B"],"character_chosen":"IRONCLAD","items_purchased":["DollysMirror"],"campfire_rested":3,"item_purchase_floors":[28],"current_hp_per_floor":[80,72,69,75,80,80,44,69,69,62,62,62,60,56,81,63,85,67,71,71,71,58,58,60,60,60,44,44,44,18,18,43,0],"gold":50,"neow_bonus":"THREE_RARE_CARDS","is_prod":false,"is_daily":false,"chose_seed":false,"campfire_upgraded":2,"win_rate":0,"timestamp":1570848471,"path_taken":["M","?","?","M","?","R","E","R","T","M","R","?","E","M","R","BOSS","M","M","?","?","M","R","M","?","T","M","?","?","M","?","R","BOSS"],"build_version":"2019-07-17","purchased_purges":0,"victory":false,"max_hp_per_floor":[80,80,80,80,85,85,85,85,85,85,85,85,85,85,85,85,85,85,85,85,85,85,85,85,85,85,85,85,85,85,85,85,85],"card_choices":[{"not_picked":["Berserk","Impervious"],"picked":"Double Tap","floor":0},{"not_picked":["Headbutt","Searing Blow"],"picked":"Anger","floor":1},{"not_picked":["Perfected Strike","Cleave"],"picked":"Headbutt","floor":2},{"not_picked":["Carnage","Shrug It Off"],"picked":"Rupture","floor":4},{"not_picked":["Anger","True Grit"],"picked":"Seeing Red","floor":7},{"not_picked":["Rupture","Cleave"],"picked":"Rampage","floor":10},{"not_picked":["Infernal Blade","True Grit"],"picked":"Shockwave","floor":13},{"not_picked":["Wild Strike","Shockwave"],"picked":"Clothesline","floor":14},{"not_picked":["Fiend Fire","Juggernaut"],"picked":"Demon Form","floor":16},{"not_picked":["Clash","Heavy Blade"],"picked":"Metallicize","floor":18},{"not_picked":["Ghostly Armor","Heavy Blade"],"picked":"Pommel Strike","floor":19},{"not_picked":["Flex","Pommel Strike"],"picked":"Havoc","floor":22},{"not_picked":["Combust+1","Flex+1"],"picked":"Power Through","floor":24},{"not_picked":["Thunderclap","Wild Strike"],"picked":"Uppercut+1","floor":27},{"not_picked":["Warcry","Cleave"],"picked":"Blood for Blood+1","floor":30}],"player_experience":119698,"relics_obtained":[{"floor":7,"key":"Bottled Tornado"},{"floor":9,"key":"Bronze Scales"},{"floor":12,"key":"Shovel"},{"floor":13,"key":"Orichalcum"},{"floor":23,"key":"Letter Opener"},{"floor":26,"key":"Ancient Tea Set"}],"event_choices":[{"damage_healed":0,"gold_gain":0,"player_choice":"Success","damage_taken":3,"relics_obtained":["Oddly Smooth Stone"],"max_hp_gain":0,"max_hp_loss":0,"event_name":"Scrap Ooze","floor":3,"gold_loss":0},{"damage_healed":0,"gold_gain":0,"player_choice":"Donut","damage_taken":0,"max_hp_gain":5,"max_hp_loss":0,"event_name":"Big Fish","floor":5,"gold_loss":0},{"damage_healed":0,"gold_gain":0,"player_choice":"Ignored","damage_taken":0,"max_hp_gain":0,"max_hp_loss":0,"event_name":"Vampires","floor":20,"gold_loss":0},{"damage_healed":0,"gold_gain":0,"player_choice":"Obtained Relic","damage_taken":0,"relics_obtained":["Gambling Chip"],"max_hp_gain":0,"max_hp_loss":0,"event_name":"Addict","floor":21,"gold_loss":85},{"cards_removed":["Strike_R"],"damage_healed":0,"gold_gain":0,"player_choice":"Gave Gold","damage_taken":0,"max_hp_gain":0,"max_hp_loss":0,"event_name":"Beggar","floor":25,"gold_loss":75},{"damage_healed":0,"gold_gain":0,"player_choice":"Read","damage_taken":0,"max_hp_gain":0,"max_hp_loss":0,"event_name":"The Library","floor":29,"gold_loss":0,"cards_obtained":["Fire Breathing"]},{"cards_removed":["Strike_R"],"damage_healed":0,"gold_gain":0,"player_choice":"Elegance","damage_taken":0,"max_hp_gain":0,"max_hp_loss":0,"event_name":"Back to Basics","floor":31,"gold_loss":0}],"is_beta":false,"boss_relics":[{"not_picked":["Astrolabe","Pandora\u0027s Box"],"picked":"Runic Cube"}],"items_purged_floors":[],"is_endless":false,"potions_floor_spawned":[2,4,14,18,22],"killed_by":"Collector","ascension_level":0}