{"gold_per_floor":[116,116,134,151,49,49,63,11,11,46,46,46,11,31,31,133,133,150,50,50,320,337,337,355,380,380,380,394,408,408,95,95,198,198,209,222,222,238,256,256,269,269,314,347,361,376,42,42,42,42],"floor_reached":51,"playtime":5192,"items_purged":["Regret","Strike_R","Shame"],"score":1095,"play_id":"06018675-1595-46a3-94bd-2a3a3249c75b","local_time":"20191016040635","is_ascension_mode":true,"campfire_choices":[{"data":"Feed","floor":6.0,"key":"SMITH"},{"data":"Metallicize","floor":11.0,"key":"SMITH"},{"data":"Dual Wield","floor":15.0,"key":"SMITH"},{"data":"Inflame","floor":23.0,"key":"SMITH"},{"floor":27.0,"key":"REST"},{"data":"Heavy Blade","floor":30.0,"key":"SMITH"},{"data":"Inflame","floor":32.0,"key":"SMITH"},{"data":"Spot Weakness","floor":40.0,"key":"SMITH"},{"data":"Shrug It Off","floor":42.0,"key":"SMITH"},{"data":"Shrug It Off","floor":49.0,"key":"SMITH"}],"neow_cost":"NONE","seed_source_timestamp":39439115557751,"circlet_count":0,"master_deck":["AscendersBane","Strike_R","Strike_R","Strike_R","Defend_R","Defend_R","Defend_R","Defend_R","Bash","Feed+1","Spot Weakness+1","Metallicize+1","Shrug It Off+1","Dual Wield+1","Headbutt","Shrug It Off+1","Reaper","Inflame+1","Inflame+1","Thunderclap+1","Heavy Blade+1","Ghostly Armor+1","Panacea+1","Flex+1","True Grit+1","Limit Break+1","Spot Weakness+1","Flame Barrier+1","Thunderclap+1","Flame Barrier+1","Disarm+1","Shrug It Off+1","Madness+1","Madness+1"],"special_seed":0,"relics":["Burning Blood","Darkstone Periapt","Question Card","Ornamental Fan","Sozu","Nunchaku","Orichalcum","Toxic Egg 2","Philosopher\u0027s Stone","Anchor","Ice Cream"],"potions_floor_usage":[],"damage_taken":[{"damage":7.0,"enemies":"2 Louse","floor":1.0,"turns":3.0},{"damage":12.0,"enemies":"Small Slimes","floor":3.0,"turns":6.0},{"damage":15.0,"enemies":"Cultist","floor":4.0,"turns":5.0},{"damage":21.0,"enemies":"Lots of Slimes","floor":7.0,"turns":6.0},{"damage":33.0,"enemies":"Gremlin Nob","floor":10.0,"turns":6.0},{"damage":13.0,"enemies":"Gremlin Gang","floor":14.0,"turns":4.0},{"damage":43.0,"enemies":"The Guardian","floor":16.0,"turns":24.0},{"damage":13.0,"enemies":"Shell Parasite","floor":18.0,"turns":7.0},{"damage":18.0,"enemies":"3 Byrds","floor":22.0,"turns":7.0},{"damage":49.0,"enemies":"Shelled Parasite and Fungi","floor":24.0,"turns":10.0},{"damage":42.0,"enemies":"Slavers","floor":25.0,"turns":8.0},{"damage":24.0,"enemies":"3 Cultists","floor":28.0,"turns":5.0},{"damage":33.0,"enemies":"Snake Plant","floor":29.0,"turns":4.0},{"damage":79.0,"enemies":"Automaton","floor":33.0,"turns":10.0},{"damage":30.0,"enemies":"3 Darklings","floor":35.0,"turns":6.0},{"damage":13.0,"enemies":"Orb Walker","floor":36.0,"turns":2.0},{"damage":40.0,"enemies":"Spire Growth","floor":38.0,"turns":6.0},{"damage":37.0,"enemies":"Jaw Worm Horde","floor":39.0,"turns":5.0},{"damage":5.0,"enemies":"Writhing Mass","floor":41.0,"turns":5.0},{"damage":54.0,"enemies":"Reptomancer","floor":44.0,"turns":7.0},{"damage":62.0,"enemies":"4 Shapes","floor":45.0,"turns":10.0},{"damage":11.0,"enemies":"Sphere and 2 Shapes","floor":46.0,"turns":3.0},{"damage":39,"enemies":"Donu and Deca","floor":50,"turns":7}],"seed_played":"-1277753042926321903","potions_obtained":[{"floor":1.0,"key":"Dexterity Potion"},{"floor":4.0,"key":"Ancient Potion"},{"floor":14.0,"key":"Dexterity Potion"}],"is_trial":false,"path_per_floor":["M","?","M","M","$","R","M","$","T","E","R","?","?","M","R","B",null,"M","$","?","?","M","R","M","E","T","R","M","M","R","$","R","B",null,"M","M","?","M","M","R","M","R","T","E","M","M","$","?","R","B",null],"character_chosen":"IRONCLAD","items_purchased":["Shrug It Off","FearPotion","Panacea+1","Flex+1","True Grit+1","Ice Cream","Shrug It Off+1"],"campfire_rested":1,"item_purchase_floors":[5,8,31,31,31,47,47],"current_hp_per_floor":[74,80,77,71,71,71,60,60,60,33,33,33,57,54,54,21,86,93,93,99,55,55,55,48,38,38,76,90,73,73,73,73,30,113,121,134,134,153,145,145,149,149,149,126,165,164,164,143,143,147],"gold":42,"neow_bonus":"ONE_RANDOM_RARE_CARD","is_prod":false,"is_daily":false,"chose_seed":false,"campfire_upgraded":9,"win_rate":0,"timestamp":1571213195,"path_taken":["M","?","M","M","$","R","M","$","T","E","R","?","?","M","R","BOSS","M","$","?","?","?","R","M","E","T","R","M","M","R","?","R","BOSS","M","?","?","M","?","R","?","R","T","E","M","M","$","?","R","BOSS"],"build_version":"2019-07-17","purchased_purges":3,"victory":true,"max_hp_per_floor":[83,89,92,95,95,95,99,99,99,99,99,99,99,103,103,107,107,111,111,117,117,121,121,121,129,129,129,137,141,141,141,141,141,141,145,149,149,153,157,157,157,157,157,161,165,169,169,169,169,173],"card_choices":[{"not_picked":["Reckless Charge","Sword Boomerang"],"picked":"Spot Weakness","floor":1.0},{"not_picked":["Infernal Blade","Clash","Perfected Strike"],"picked":"SKIP","floor":3.0},{"not_picked":["Anger","Entrench"],"picked":"Metallicize","floor":4.0},{"not_picked":["Anger","Heavy Blade"],"picked":"Dual Wield","floor":7.0},{"not_picked":["Rage","Cleave","Body Slam"],"picked":"Headbutt","floor":10.0},{"not_picked":["Headbutt","Hemokinesis","Reckless Charge"],"picked":"Shrug It Off","floor":14.0},{"not_picked":["Demon Form","Immolate","Barricade"],"picked":"Reaper","floor":16.0},{"not_picked":["Dual Wield+1","Hemokinesis+1","Headbutt+1"],"picked":"Inflame","floor":18.0},{"not_picked":["Pommel Strike","Sword Boomerang","Burning Pact+1"],"picked":"Inflame","floor":22.0},{"not_picked":["Shrug It Off","Pommel Strike","Perfected Strike+1"],"picked":"Thunderclap+1","floor":24.0},{"not_picked":["Juggernaut","Bloodletting","Sword Boomerang"],"picked":"Heavy Blade","floor":25.0},{"not_picked":["Heavy Blade","Second Wind+1","Uppercut","Anger"],"picked":"SKIP","floor":28.0},{"not_picked":["Searing Blow","Clothesline+1","Fire Breathing"],"picked":"Ghostly Armor+1","floor":29.0},{"not_picked":["Exhume+1","Berserk","Juggernaut"],"picked":"Limit Break+1","floor":33.0},{"not_picked":["Feel No Pain","Iron Wave+1","Havoc+1","Searing Blow+1"],"picked":"SKIP","floor":35.0},{"not_picked":["Clothesline","Sword Boomerang","Body Slam+1"],"picked":"Spot Weakness+1","floor":36.0},{"not_picked":["Twin Strike","Uppercut","Reckless Charge+1","Clash+1"],"picked":"SKIP","floor":38.0},{"not_picked":["Inflame+1","Cleave","Anger"],"picked":"Flame Barrier+1","floor":39.0},{"not_picked":["Rupture+1","Clash+1","Heavy Blade"],"picked":"Thunderclap+1","floor":41.0},{"not_picked":["Dual Wield+1","Body Slam+1","Hemokinesis+1"],"picked":"Flame Barrier+1","floor":44.0},{"not_picked":["Armaments+1","Wild Strike","Brutality","Pommel Strike+1"],"picked":"SKIP","floor":45.0},{"not_picked":["Metallicize","Carnage","Pommel Strike+1"],"picked":"Disarm+1","floor":46.0}],"player_experience":809261,"relics_obtained":[{"floor":9.0,"key":"Question Card"},{"floor":10.0,"key":"Ornamental Fan"},{"floor":25.0,"key":"Orichalcum"},{"floor":26.0,"key":"Toxic Egg 2"},{"floor":44.0,"key":"Anchor"}],"event_choices":[{"damage_healed":0.0,"max_hp_gain":0.0,"max_hp_loss":0.0,"gold_gain":0.0,"event_name":"Big Fish","player_choice":"Box","floor":2.0,"gold_loss":0.0,"damage_taken":0.0,"relics_obtained":["Darkstone Periapt"],"cards_obtained":["Regret"]},{"damage_healed":0.0,"max_hp_gain":0.0,"max_hp_loss":0.0,"gold_gain":0.0,"event_name":"Shining Light","player_choice":"Ignored","floor":12.0,"gold_loss":0.0,"damage_taken":0.0},{"damage_healed":24.0,"max_hp_gain":0.0,"max_hp_loss":0.0,"gold_gain":0.0,"event_name":"The Cleric","player_choice":"Healed","floor":13.0,"gold_loss":35.0,"damage_taken":0.0},{"damage_healed":0.0,"max_hp_gain":0.0,"max_hp_loss":0.0,"gold_gain":0.0,"event_name":"Addict","player_choice":"Stole Relic","floor":20.0,"gold_loss":0.0,"damage_taken":0.0,"relics_obtained":["Nunchaku"],"cards_obtained":["Shame"]},{"damage_healed":0.0,"max_hp_gain":0.0,"max_hp_loss":0.0,"gold_gain":270.0,"event_name":"Knowing Skull","player_choice":"GOLD GOLD GOLD ","floor":21.0,"potions_obtained":[],"gold_loss":0.0,"damage_taken":44.0,"cards_obtained":[]},{"cards_removed":["Strike_R"],"damage_healed":0.0,"max_hp_gain":0.0,"max_hp_loss":0.0,"gold_gain":0.0,"event_name":"Bonfire Elementals","player_choice":"Offered Basic","floor":37.0,"gold_loss":0.0,"damage_taken":0.0},{"damage_healed":0.0,"max_hp_gain":0.0,"max_hp_loss":0.0,"gold_gain":0.0,"event_name":"Winding Halls","player_choice":"Embrace Madness","floor":48.0,"gold_loss":0.0,"damage_taken":21.0,"cards_obtained":["Madness","Madness"]}],"is_beta":false,"boss_relics":[{"not_picked":["Pandora\u0027s Box","Empty Cage"],"picked":"Sozu"},{"not_picked":["Busted Crown","Coffee Dripper"],"picked":"Philosopher\u0027s Stone"}],"items_purged_floors":[5,19,31],"is_endless":false,"potions_floor_spawned":[1,4,14,22,28,29,38,41,46],"ascension_level":11}