{"gold_per_floor":[116,116,116,134,148,148,73,102,129,140,140,140,2,16,16,115,115,133,48,48],"floor_reached":20,"playtime":841,"items_purged":["Defend_B","Strike_B"],"score":267,"play_id":"7da9ff02-df7c-487f-ba87-e098139f966e","local_time":"20190105122809","is_ascension_mode":true,"campfire_choices":[{"data":"Zap","floor":6,"key":"SMITH"},{"data":"Turbo","floor":12,"key":"SMITH"},{"data":"Loop","floor":15,"key":"SMITH"}],"neow_cost":"NONE","seed_source_timestamp":5975921677517,"circlet_count":0,"master_deck":["AscendersBane","Strike_B","Strike_B","Defend_B","Defend_B","Defend_B","Zap+1","Chill","Turbo+1","Cold Snap","Loop+1","Capacitor","Seek"],"relics":["Cracked Core","NeowsBlessing","Ancient Tea Set","Juzu Bracelet","Lizard Tail","Centennial Puzzle"],"potions_floor_usage":[8,8,16],"damage_taken":[{"damage":0,"enemies":"2 Louse","floor":1,"turns":1},{"damage":0,"enemies":"Small Slimes","floor":4,"turns":1},{"damage":0,"enemies":"Cultist","floor":5,"turns":1},{"damage":5,"enemies":"3 Sentries","floor":8,"turns":2},{"damage":11,"enemies":"Exordium Wildlife","floor":10,"turns":5},{"damage":4,"enemies":"Blue Slaver","floor":14,"turns":4},{"damage":32,"enemies":"The Guardian","floor":16,"turns":15},{"damage":14,"enemies":"Spheric Guardian","floor":18,"turns":6},{"damage":0,"enemies":"3 Byrds","floor":20,"turns":1}],"seed_played":"-1577719879811224792","potions_obtained":[{"floor":4,"key":"SkillPotion"},{"floor":5,"key":"PowerPotion"},{"floor":8,"key":"Weak Potion"},{"floor":10,"key":"Regen Potion"},{"floor":18,"key":"SpeedPotion"}],"is_trial":false,"path_per_floor":["M","?","?","M","M","R","$","E","T","M","T","R","$","M","R","B",null,"M","?","M"],"character_chosen":"DEFECT","items_purchased":["Loop"],"campfire_rested":0,"item_purchase_floors":[13],"current_hp_per_floor":[68,61,61,61,61,61,61,56,56,45,45,45,45,41,41,9,59,45,45,45],"gold":48,"neow_bonus":"THREE_ENEMY_KILL","is_prod":false,"is_daily":false,"chose_seed":false,"campfire_upgraded":3,"win_rate":0,"timestamp":1546720089,"path_taken":["M","?","?","?","M","R","$","E","T","M","?","R","$","M","R","BOSS","M","?","M"],"build_version":"2019-01-03v4","purchased_purges":2,"victory":false,"max_hp_per_floor":[75,75,75,75,75,75,75,75,75,75,75,75,75,75,75,75,75,75,75,75],"card_choices":[{"not_picked":["Compile Driver","Fusion"],"picked":"Chill","floor":1},{"not_picked":["Barrage","Chaos","Consume"],"picked":"SKIP","floor":4},{"not_picked":["Go for the Eyes","Darkness"],"picked":"Turbo","floor":5},{"not_picked":["Sweeping Beam","Melter","Compile Driver"],"picked":"SKIP","floor":8},{"not_picked":["Leap","Compile Driver"],"picked":"Cold Snap","floor":10},{"not_picked":["Chill","Recycle"],"picked":"Capacitor","floor":14},{"not_picked":["Hyperbeam","Core Surge"],"picked":"Seek","floor":16},{"not_picked":["Steam","Consume","Turbo"],"picked":"SKIP","floor":18}],"player_experience":748346,"relics_obtained":[{"floor":8,"key":"Ancient Tea Set"},{"floor":9,"key":"Juzu Bracelet"}],"event_choices":[{"cards_removed":["Dualcast"],"damage_healed":0,"gold_gain":0,"player_choice":"Card Removal","damage_taken":7,"max_hp_gain":0,"max_hp_loss":0,"event_name":"Golden Wing","floor":2,"gold_loss":0},{"cards_removed":["Strike_B"],"damage_healed":0,"gold_gain":0,"player_choice":"Offered Basic","damage_taken":0,"max_hp_gain":0,"max_hp_loss":0,"event_name":"Bonfire Elementals","floor":3,"gold_loss":0},{"damage_healed":0,"gold_gain":0,"player_choice":"Obtained Relic","damage_taken":0,"relics_obtained":["Centennial Puzzle"],"max_hp_gain":0,"max_hp_loss":0,"event_name":"Addict","floor":19,"gold_loss":85}],"is_beta":false,"boss_relics":[{"not_picked":["Fusion Hammer","Runic Dome"],"picked":"Lizard Tail"}],"items_purged_floors":[7,13],"is_endless":false,"potions_floor_spawned":[4,5,8,10,18],"killed_by":"3 Byrds","ascension_level":11}