{"path_per_floor":["M","?","$","M","M","R","M","M","T","R","?","?","R","E","R","B",null,"M","?","?","M","?","R","E","R","T","M","M","R","$","$","R"],"character_chosen":"DEFECT","items_purchased":["Glacier","Capacitor","Defragment","Skim","Self Repair"],"gold_per_floor":[210,210,25,39,57,57,68,85,85,85,160,160,160,189,189,291,291,307,232,232,242,242,242,275,275,323,338,355,355,104,24,24,24],"floor_reached":33,"campfire_rested":2,"playtime":2162,"item_purchase_floors":[3,3,30,30,31],"current_hp_per_floor":[75,75,75,73,73,73,72,72,72,72,61,46,68,31,53,28,63,63,63,63,62,62,62,35,35,42,39,44,44,44,44,44,0],"items_purged":["Strike_B","Strike_B"],"gold":24,"score":329,"play_id":"f9d36997-3aa6-4486-b308-3924c7a3d5c5","local_time":"20180617151423","is_prod":false,"is_daily":false,"chose_seed":false,"is_ascension_mode":true,"campfire_upgraded":6,"win_rate":0,"timestamp":1529273663,"campfire_choices":[{"data":"Zap","floor":6,"key":"SMITH"},{"data":"Hologram","floor":10,"key":"SMITH"},{"floor":13,"key":"REST"},{"floor":15,"key":"REST"},{"data":"Rainbow","floor":23,"key":"SMITH"},{"data":"Blizzard","floor":25,"key":"SMITH"},{"data":"Coolheaded","floor":29,"key":"SMITH"},{"data":"Defragment","floor":32,"key":"SMITH"}],"path_taken":["M","?","$","M","M","R","M","M","T","R","?","?","R","E","R","BOSS","M","?","?","M","?","R","E","R","T","?","?","R","?","$","R","BOSS"],"build_version":"2018-06-14v2","seed_source_timestamp":9498583629472,"purchased_purges":2,"victory":false,"master_deck":["Strike_B+1","Defend_B","Defend_B","Defend_B+1","Defend_B","Zap+1","Dualcast","Coolheaded+1","Glacier","Capacitor","Hologram+1","Darkness","Rainbow+1","Blizzard+1","BootSequence","Defragment+1","Skim","Self Repair"],"max_hp_per_floor":[75,75,75,75,75,75,75,75,75,75,75,75,75,75,75,75,75,75,75,75,75,75,75,75,75,82,82,82,82,82,82,82,82],"relics":["Cracked Core","Centennial Puzzle","Meat on the Bone","Sozu","Ginger","Strawberry"],"card_choices":[{"not_picked":["Conserve Battery","Redo"],"picked":"Coolheaded","floor":1},{"not_picked":["Sweeping Beam","Coolheaded"],"picked":"Hologram","floor":4},{"not_picked":["Streamline","Storm","Force Field"],"picked":"SKIP","floor":5},{"not_picked":["Hologram","Reprogram","Coolheaded"],"picked":"SKIP","floor":7},{"not_picked":["Capacitor","Conserve Battery"],"picked":"Darkness","floor":8},{"not_picked":["Double Energy","Hologram","Buffer"],"picked":"SKIP","floor":14},{"not_picked":["Multi-Cast","Meteor Strike"],"picked":"Rainbow","floor":16},{"not_picked":["Coolheaded+1","Steam+1","Leap"],"picked":"SKIP","floor":18},{"not_picked":["Hologram","Aggregate+1","Steam Power"],"picked":"SKIP","floor":21},{"not_picked":["Turbo","Hologram+1","Stack"],"picked":"SKIP","floor":24},{"not_picked":["Heatsinks","Beam Cell"],"picked":"BootSequence","floor":27},{"not_picked":["Beam Cell","Sweeping Beam","Barrage"],"picked":"SKIP","floor":28}],"player_experience":552326,"potions_floor_usage":[14,14,14],"damage_taken":[{"damage":0,"enemies":"Small Slimes","floor":1,"turns":2},{"damage":2,"enemies":"Jaw Worm","floor":4,"turns":5},{"damage":0,"enemies":"Cultist","floor":5,"turns":6},{"damage":1,"enemies":"2 Fungi Beasts","floor":7,"turns":4},{"damage":0,"enemies":"3 Louse","floor":8,"turns":7},{"damage":37,"enemies":"Gremlin Nob","floor":14,"turns":6},{"damage":37,"enemies":"Hexaghost","floor":16,"turns":10},{"damage":0,"enemies":"Shell Parasite","floor":18,"turns":6},{"damage":1,"enemies":"Chosen","floor":21,"turns":6},{"damage":39,"enemies":"Slavers","floor":24,"turns":7},{"damage":15,"enemies":"Centurion and Healer","floor":27,"turns":7},{"damage":7,"enemies":"Snake Plant","floor":28,"turns":5},{"damage":60,"enemies":"Automaton","floor":33,"turns":12}],"relics_obtained":[{"floor":9,"key":"Centennial Puzzle"},{"floor":14,"key":"Meat on the Bone"},{"floor":24,"key":"Ginger"},{"floor":26,"key":"Strawberry"}],"event_choices":[{"event_name":"Liars Game","player_choice":"disagreed","floor":2,"damage_taken":0},{"event_name":"World of Goop","player_choice":"Gather Gold","floor":11,"damage_taken":0},{"event_name":"Shining Light","player_choice":"Entered Light","floor":12,"damage_taken":0},{"event_name":"Beggar","player_choice":"Gave Gold","floor":19,"damage_taken":0},{"event_name":"Ghosts","player_choice":"Ignored","floor":20,"damage_taken":0},{"event_name":"The Library","player_choice":"Read","floor":22,"damage_taken":0}],"boss_relics":[{"not_picked":["Inserter","Astrolabe"],"picked":"Sozu"}],"items_purged_floors":[3,30],"is_endless":false,"potions_floor_spawned":[1,5,7,16,21,24,28],"seed_played":"-7589271867654718619","killed_by":"Automaton","ascension_level":5,"potions_obtained":[{"floor":1,"key":"PowerPotion"},{"floor":5,"key":"Block Potion"},{"floor":7,"key":"EssenceOfSteel"},{"floor":16,"key":"Weak Potion"}],"is_trial":false}