{"gold_per_floor":[109,120,134,54,72,72,72,72,72,72,72,104,115,134,134,237,237,221,232,232,232],"floor_reached":21,"playtime":1376,"items_purged":[],"score":181,"play_id":"0591696d-3fa6-4f39-88a5-6516e1c87445","local_time":"20191013175936","is_ascension_mode":false,"campfire_choices":[{"floor":7.0,"key":"REST"},{"data":"Terror","floor":10.0,"key":"SMITH"},{"floor":15.0,"key":"REST"}],"neow_cost":"NONE","seed_source_timestamp":0,"circlet_count":0,"master_deck":["Strike_G","Strike_G","Strike_G","Strike_G","Strike_G","Defend_G","Defend_G","Defend_G","Defend_G","Defend_G","Survivor","Neutralize","Flying Knee","Dash","Backflip","Terror+1","Heel Hook","Skewer","Slice","Phantasmal Killer","Envenom+1","Slice","Dagger Throw"],"special_seed":0,"relics":["Ring of the Snake","NeowsBlessing","Frozen Egg 2","Ginger","Runic Pyramid"],"potions_floor_usage":[],"damage_taken":[{"damage":0.0,"enemies":"Jaw Worm","floor":1.0,"turns":1.0},{"damage":0.0,"enemies":"Cultist","floor":2.0,"turns":1.0},{"damage":0.0,"enemies":"Small Slimes","floor":3.0,"turns":1.0},{"damage":12.0,"enemies":"Exordium Wildlife","floor":5.0,"turns":6.0},{"damage":9.0,"enemies":"Lagavulin","floor":12.0,"turns":8.0},{"damage":9.0,"enemies":"3 Louse","floor":13.0,"turns":4.0},{"damage":0.0,"enemies":"Large Slime","floor":14.0,"turns":5.0},{"damage":52.0,"enemies":"The Guardian","floor":16.0,"turns":13.0},{"damage":15.0,"enemies":"2 Thieves","floor":18.0,"turns":4.0},{"damage":44.0,"enemies":"Spheric Guardian","floor":19.0,"turns":6.0},{"damage":0,"enemies":"3 Cultists","floor":21,"turns":1}],"seed_played":"-6761111083866956961","potions_obtained":[{"floor":2.0,"key":"SkillPotion"},{"floor":3.0,"key":"GamblersBrew"},{"floor":13.0,"key":"EssenceOfSteel"},{"floor":16.0,"key":"SpeedPotion"},{"floor":19,"key":"Explosive Potion"}],"is_trial":false,"path_per_floor":["M","M","M","$","M","?","R","$","T","R","?","E","M","M","R","B",null,"M","M","?","M"],"character_chosen":"THE_SILENT","items_purchased":["Terror"],"campfire_rested":2,"item_purchase_floors":[4],"current_hp_per_floor":[70,70,70,70,58,58,70,70,70,70,70,61,52,52,70,18,70,55,11,11,11],"gold":232,"neow_bonus":"THREE_ENEMY_KILL","is_prod":false,"is_daily":false,"chose_seed":false,"campfire_upgraded":1,"win_rate":0.0,"timestamp":1571014776,"path_taken":["M","M","M","$","M","?","R","?","T","R","?","E","?","M","R","BOSS","M","M","?","M"],"build_version":"2019-07-17","purchased_purges":0,"victory":false,"max_hp_per_floor":[70,70,70,70,70,70,70,70,70,70,70,70,70,70,70,70,70,70,70,70,70],"card_choices":[{"not_picked":["Dash","Escape Plan"],"picked":"Flying Knee","floor":1.0},{"not_picked":["Quick Slash","Poisoned Stab"],"picked":"Dash","floor":2.0},{"not_picked":["Underhanded Strike","Deadly Poison"],"picked":"Backflip","floor":3.0},{"not_picked":["Blade Dance","Flechettes"],"picked":"Heel Hook","floor":5.0},{"not_picked":["Underhanded Strike","Masterful Stab"],"picked":"Skewer","floor":12.0},{"not_picked":["Caltrops+1","Footwork+1"],"picked":"Slice","floor":13.0},{"not_picked":["Eviscerate","Underhanded Strike"],"picked":"Phantasmal Killer","floor":14.0},{"not_picked":["Malaise","Burst"],"picked":"Envenom+1","floor":16.0},{"not_picked":["Prepared+1","Dash+1"],"picked":"Slice","floor":18.0},{"not_picked":["PiercingWail","Sucker Punch"],"picked":"Dagger Throw","floor":19}],"player_experience":44562,"relics_obtained":[{"floor":9.0,"key":"Frozen Egg 2"},{"floor":12.0,"key":"Ginger"}],"event_choices":[{"damage_healed":0.0,"max_hp_gain":0.0,"max_hp_loss":0.0,"gold_gain":0.0,"event_name":"The Woman in Blue","player_choice":"Bought 0 Potions","floor":6.0,"gold_loss":0.0,"damage_taken":0.0},{"damage_healed":0.0,"max_hp_gain":0.0,"max_hp_loss":0.0,"gold_gain":0.0,"event_name":"Liars Game","player_choice":"Ignored","floor":11.0,"gold_loss":0.0,"damage_taken":0.0},{"damage_healed":0,"gold_gain":0,"player_choice":"Ignored","damage_taken":0,"max_hp_gain":0,"max_hp_loss":0,"event_name":"Vampires","floor":20,"gold_loss":0}],"is_beta":false,"boss_relics":[{"not_picked":["Velvet Choker","Coffee Dripper"],"picked":"Runic Pyramid"}],"items_purged_floors":[],"is_endless":false,"potions_floor_spawned":[2,3,13,16,19],"killed_by":"3 Cultists","ascension_level":0}