{"gold_per_floor":[210,223,241,241,95,95,95,128,175,192,202,218,230,230,230,334,334,344,363,373,373],"floor_reached":21,"playtime":1082,"items_purged":[],"score":231,"play_id":"e93f8ae9-d121-433e-9c8a-e3491ca87fc3","local_time":"20190714231908","is_ascension_mode":true,"campfire_choices":[{"data":"Chill","floor":6,"key":"SMITH"},{"floor":15,"key":"REST"}],"neow_cost":"NONE","seed_source_timestamp":391703646869265,"circlet_count":0,"master_deck":["Strike_B","Strike_B","Strike_B","Strike_B","Defend_B","Defend_B","Defend_B","Defend_B","Zap","Dualcast","Genetic Algorithm","Ball Lightning","Darkness","Chill+1","Capacitor","Rip and Tear","Coolheaded","Cold Snap","Leap","Beam Cell","Thunder Strike","Regret","Redo+1","Undo","Static Discharge"],"relics":["Cracked Core","Omamori","Potion Belt","Calling Bell","Pen Nib","Cables","WingedGreaves"],"potions_floor_usage":[13,21],"damage_taken":[{"damage":1,"enemies":"Cultist","floor":1,"turns":3},{"damage":0,"enemies":"2 Louse","floor":2,"turns":2},{"damage":8,"enemies":"Jaw Worm","floor":3,"turns":4},{"damage":19,"enemies":"3 Sentries","floor":8,"turns":8},{"damage":9,"enemies":"Blue Slaver","floor":10,"turns":3},{"damage":9,"enemies":"Exordium Wildlife","floor":11,"turns":3},{"damage":0,"enemies":"3 Louse","floor":12,"turns":4},{"damage":13,"enemies":"Exordium Thugs","floor":13,"turns":4},{"damage":29,"enemies":"Hexaghost","floor":16,"turns":12},{"damage":18,"enemies":"3 Byrds","floor":18,"turns":7},{"damage":12,"enemies":"Shell Parasite","floor":19,"turns":3},{"damage":18,"enemies":"Snecko","floor":20,"turns":6},{"damage":23,"enemies":"Masked Bandits","floor":21,"turns":3}],"seed_played":"4698398680364323671","potions_obtained":[{"floor":1,"key":"SteroidPotion"},{"floor":2,"key":"FearPotion"},{"floor":3,"key":"AttackPotion"},{"floor":13,"key":"Energy Potion"},{"floor":16,"key":"FocusPotion"},{"floor":18,"key":"Energy Potion"},{"floor":19,"key":"Ancient Potion"}],"is_trial":false,"path_per_floor":["M","M","M","?","$","R","?","E","T","M","M","M","M","?","R","B",null,"M","M","M","?"],"character_chosen":"DEFECT","items_purchased":["Chill","Capacitor"],"campfire_rested":1,"item_purchase_floors":[5,5],"current_hp_per_floor":[74,74,66,71,71,71,71,52,52,43,34,34,21,21,45,16,64,46,34,16,0],"gold":373,"neow_bonus":"HUNDRED_GOLD","is_prod":false,"is_daily":false,"chose_seed":false,"campfire_upgraded":1,"win_rate":0,"timestamp":1563171548,"path_taken":["M","M","M","?","$","R","?","E","T","M","M","M","M","?","R","BOSS","M","M","M","?"],"build_version":"2019-07-05","purchased_purges":0,"victory":false,"max_hp_per_floor":[75,75,75,80,80,80,80,80,80,80,80,80,80,80,80,80,80,80,80,80,80],"card_choices":[{"not_picked":["Streamline","Ball Lightning"],"picked":"Genetic Algorithm","floor":1},{"not_picked":["Reprogram","Fusion"],"picked":"Ball Lightning","floor":2},{"not_picked":["Force Field","Genetic Algorithm"],"picked":"Darkness","floor":3},{"not_picked":["Recycle","Compile Driver"],"picked":"Rip and Tear","floor":8},{"not_picked":["Steam Power","Force Field"],"picked":"Coolheaded","floor":10},{"not_picked":["Lockon","Gash"],"picked":"Cold Snap","floor":11},{"not_picked":["Thunder Strike","Beam Cell"],"picked":"Leap","floor":12},{"not_picked":["Scrape","Gash"],"picked":"Beam Cell","floor":13},{"not_picked":["Core Surge","All For One"],"picked":"Thunder Strike","floor":16},{"not_picked":["Compile Driver","White Noise"],"picked":"Redo+1","floor":18},{"not_picked":["Coolheaded","FTL+1"],"picked":"Undo","floor":19},{"not_picked":["Coolheaded","Hologram"],"picked":"Static Discharge","floor":20}],"player_experience":664693,"relics_obtained":[{"floor":8,"key":"Omamori"},{"floor":9,"key":"Potion Belt"},{"floor":17,"key":"Pen Nib"},{"floor":17,"key":"Cables"},{"floor":17,"key":"WingedGreaves"}],"event_choices":[{"damage_healed":0,"gold_gain":0,"player_choice":"Donut","damage_taken":0,"max_hp_gain":5,"max_hp_loss":0,"event_name":"Big Fish","floor":4,"gold_loss":0},{"damage_healed":0,"gold_gain":0,"player_choice":"Fled","damage_taken":0,"max_hp_gain":0,"max_hp_loss":0,"event_name":"Scrap Ooze","floor":7,"gold_loss":0},{"damage_healed":0,"gold_gain":0,"player_choice":"Ignored","damage_taken":0,"max_hp_gain":0,"max_hp_loss":0,"event_name":"Shining Light","floor":14,"gold_loss":0},{"damage_healed":0,"gold_gain":0,"player_choice":"Fought Bandits","damage_taken":0,"max_hp_gain":0,"max_hp_loss":0,"event_name":"Masked Bandits","floor":21,"gold_loss":0}],"is_beta":false,"boss_relics":[{"not_picked":["Lizard Tail","Tiny House"],"picked":"Calling Bell"}],"items_purged_floors":[],"is_endless":false,"potions_floor_spawned":[1,2,3,13,16,18,19,20],"killed_by":"Masked Bandits","ascension_level":5}