{"path_per_floor":["M","M","?","M","M","R","?","M","T","M","$","R","$","M","R","B",null,"M","M","$","?","?","R","M","R","T","R","M","?","M","?","R"],"character_chosen":"DEFECT","items_purchased":["Loop","Chill","Ball Lightning"],"gold_per_floor":[209,222,172,190,209,209,209,220,266,280,3,3,3,17,17,118,118,132,145,45,0,0,0,11,11,63,63,82,82,93,93,93,93],"floor_reached":33,"campfire_rested":1,"playtime":1806,"item_purchase_floors":[11,11,11],"current_hp_per_floor":[69,75,75,75,75,75,75,71,71,75,75,75,75,50,50,47,68,75,61,61,61,61,61,65,65,65,65,48,48,41,41,63,52],"items_purged":["Strike_B","Strike_B"],"gold":93,"score":299,"play_id":"6b019479-42e6-4e4f-a837-b484b4b18242","local_time":"20180610223818","is_prod":false,"is_daily":false,"chose_seed":false,"is_ascension_mode":true,"campfire_upgraded":6,"win_rate":0,"timestamp":1528695498,"campfire_choices":[{"data":"Zap","floor":6,"key":"SMITH"},{"data":"Loop","floor":12,"key":"SMITH"},{"data":"Dualcast","floor":15,"key":"SMITH"},{"data":"Machine Learning","floor":23,"key":"SMITH"},{"data":"Glacier","floor":25,"key":"SMITH"},{"data":"Tempest","floor":27,"key":"SMITH"},{"floor":32,"key":"REST"}],"path_taken":["M","M","?","?","M","R","?","M","T","M","$","R","$","?","R","BOSS","M","M","$","?","?","R","M","R","T","R","M","?","?","?","R","BOSS"],"build_version":"2018-06-07v3","seed_source_timestamp":114890154596330,"purchased_purges":2,"victory":false,"master_deck":["Strike_B","Defend_B","Defend_B","Defend_B","Defend_B","Zap+1","Dualcast+1","Self Repair","Tempest+1","Hologram+1","Loop+1","Chill","Ball Lightning","FTL","Machine Learning+1","Glacier+1","Leap"],"max_hp_per_floor":[75,75,75,75,75,75,75,75,75,75,75,75,75,75,75,75,75,75,75,75,75,75,75,75,75,75,75,75,75,75,75,75,75],"relics":["Cracked Core","Blood Vial","Black Star","Oddly Smooth Stone"],"card_choices":[{"not_picked":["White Noise","Conserve Battery"],"picked":"Self Repair","floor":1},{"not_picked":["Rebound","Turbo"],"picked":"Tempest","floor":2},{"not_picked":["Streamline","Go for the Eyes"],"picked":"Hologram","floor":4},{"not_picked":["Redo","Sweeping Beam","Turbo"],"picked":"SKIP","floor":5},{"not_picked":["Double Energy","Redo","Conserve Battery"],"picked":"SKIP","floor":8},{"not_picked":["Stack","Turbo","Consume"],"picked":"SKIP","floor":10},{"not_picked":["Stack","Undo"],"picked":"FTL","floor":14},{"not_picked":["All For One","Seek"],"picked":"Machine Learning","floor":16},{"not_picked":["Loop","Conserve Battery"],"picked":"Glacier","floor":18},{"not_picked":["Rebound","Hologram+1","Chill+1"],"picked":"SKIP","floor":19},{"not_picked":["Rainbow","Rebound","Sweeping Beam"],"picked":"SKIP","floor":24},{"not_picked":["Ball Lightning+1","Streamline"],"picked":"Leap","floor":28},{"not_picked":["Streamline+1","Blizzard","Sweeping Beam"],"picked":"SKIP","floor":30}],"player_experience":505258,"potions_floor_usage":[8,24,33],"damage_taken":[{"damage":6,"enemies":"Jaw Worm","floor":1,"turns":4},{"damage":0,"enemies":"Small Slimes","floor":2,"turns":3},{"damage":1,"enemies":"Cultist","floor":4,"turns":4},{"damage":1,"enemies":"2 Fungi Beasts","floor":5,"turns":3},{"damage":4,"enemies":"3 Louse","floor":8,"turns":3},{"damage":0,"enemies":"Large Slime","floor":10,"turns":5},{"damage":25,"enemies":"Gremlin Gang","floor":14,"turns":4},{"damage":12,"enemies":"Slime Boss","floor":16,"turns":9},{"damage":0,"enemies":"Chosen","floor":18,"turns":5},{"damage":21,"enemies":"2 Thieves","floor":19,"turns":5},{"damage":5,"enemies":"Centurion and Healer","floor":24,"turns":13},{"damage":26,"enemies":"Chosen and Byrds","floor":28,"turns":8},{"damage":9,"enemies":"Snecko","floor":30,"turns":7},{"damage":25,"enemies":"Collector","floor":33,"turns":6}],"relics_obtained":[{"floor":9,"key":"Blood Vial"},{"floor":26,"key":"Oddly Smooth Stone"}],"event_choices":[{"event_name":"The Cleric","player_choice":"Card Removal","floor":3,"damage_taken":0},{"event_name":"Living Wall","player_choice":"Grow","floor":7,"damage_taken":0},{"event_name":"Masked Bandits","player_choice":"Paid Bandits 45 gold","floor":21,"damage_taken":0},{"event_name":"Beggar","player_choice":"Ignored","floor":22,"damage_taken":0},{"event_name":"The Mausoleum","player_choice":"No","floor":29,"damage_taken":0},{"event_name":"Ghosts","player_choice":"Ignored","floor":31,"damage_taken":0}],"boss_relics":[{"not_picked":["Busted Crown","Astrolabe"],"picked":"Black Star"}],"items_purged_floors":[11,20],"potions_floor_spawned":[1,5,10,14,19],"seed_played":"1938150087561205803","killed_by":"Collector","ascension_level":5,"potions_obtained":[{"floor":1,"key":"Regen Potion"},{"floor":5,"key":"Weak Potion"},{"floor":10,"key":"Strength Potion"},{"floor":14,"key":"Ancient Potion"}],"is_trial":false}