{"gold_per_floor":[112,132,142,158,177,210,210,226,294,3,3,3,3,17,17,114,114,124,137,149,168,184,184,203,22,45,59,59,78,78,91,91,194,194,206,217,68,68,68,101,101],"floor_reached":41,"playtime":2042,"items_purged":[],"score":564,"play_id":"f1e23cd2-be8b-4265-b71e-f3a05d2b79ff","local_time":"20180829104515","is_ascension_mode":true,"campfire_choices":[{"floor":7,"key":"REST"},{"data":"Armaments","floor":11,"key":"SMITH"},{"floor":13,"key":"REST"},{"data":"Barricade","floor":15,"key":"SMITH"},{"floor":23,"key":"REST"},{"floor":30,"key":"REST"},{"data":"Spot Weakness","floor":32,"key":"SMITH"}],"neow_cost":"NONE","seed_source_timestamp":1137743526090797,"circlet_count":0,"master_deck":["Strike_R","Strike_R","Strike_R","Strike_R","Strike_R","Defend_R","Defend_R","Defend_R","Defend_R","Bash","Barricade+1","Clothesline","Headbutt","Entrench","Offering","Disarm","Inflame","Heavy Blade","Armaments+1","Cleave","Flame Barrier","Immolate","Spot Weakness+1","Shrug It Off","Shrug It Off","Iron Wave+1","True Grit","Perfected Strike+1","Bandage Up","Intimidate","Rage+1","Writhe","Cleave","Headbutt","Juggernaut","Headbutt","Thunderclap+1","Perfected Strike+1","Bandage Up"],"relics":["Burning Blood","Pantograph","Self Forming Clay","HandDrill","Velvet Choker","Regal Pillow","Mango","Busted Crown","Orichalcum","Magic Flower"],"potions_floor_usage":[6,6,16,22,40,40],"damage_taken":[{"damage":6,"enemies":"Cultist","floor":1,"turns":4},{"damage":2,"enemies":"2 Louse","floor":2,"turns":3},{"damage":7,"enemies":"Small Slimes","floor":3,"turns":3},{"damage":10,"enemies":"Red Slaver","floor":4,"turns":4},{"damage":17,"enemies":"2 Fungi Beasts","floor":5,"turns":3},{"damage":41,"enemies":"3 Sentries","floor":6,"turns":12},{"damage":6,"enemies":"3 Louse","floor":8,"turns":3},{"damage":8,"enemies":"Exordium Thugs","floor":14,"turns":5},{"damage":60,"enemies":"Slime Boss","floor":16,"turns":12},{"damage":25,"enemies":"2 Thieves","floor":18,"turns":4},{"damage":14,"enemies":"3 Byrds","floor":19,"turns":4},{"damage":15,"enemies":"Snake Plant","floor":20,"turns":6},{"damage":6,"enemies":"Snecko","floor":21,"turns":4},{"damage":9,"enemies":"Centurion and Healer","floor":22,"turns":7},{"damage":24,"enemies":"Cultist and Chosen","floor":24,"turns":8},{"damage":17,"enemies":"Shelled Parasite and Fungi","floor":27,"turns":6},{"damage":12,"enemies":"Snecko","floor":29,"turns":5},{"damage":5,"enemies":"Centurion and Healer","floor":31,"turns":9},{"damage":67,"enemies":"Collector","floor":33,"turns":13},{"damage":46,"enemies":"Flame Bruiser 1 Orb","floor":35,"turns":8},{"damage":16,"enemies":"Orb Walker","floor":36,"turns":3},{"damage":33,"enemies":"2 Orb Walkers","floor":40,"turns":4},{"damage":9,"enemies":"3 Darklings","floor":41,"turns":2}],"seed_played":"-3058407306815943413","potions_obtained":[{"floor":2,"key":"AttackPotion"},{"floor":5,"key":"SkillPotion"},{"floor":6,"key":"Weak Potion"},{"floor":20,"key":"SpeedPotion"},{"floor":21,"key":"Block Potion"},{"floor":22,"key":"Ancient Potion"},{"floor":33,"key":"LiquidBronze"},{"floor":35,"key":"EssenceOfSteel"}],"is_trial":false,"path_per_floor":["M","M","M","M","M","E","R","M","T","$","R","?","R","M","R","B",null,"M","M","M","M","M","R","M","$","T","M","?","M","R","M","R","B",null,"M","M","$","?","?","E"],"character_chosen":"IRONCLAD","items_purchased":["Armaments","Cleave","HandDrill","Bandage Up","Intimidate","Orichalcum"],"campfire_rested":4,"item_purchase_floors":[10,10,10,25,25,37],"current_hp_per_floor":[80,80,79,75,64,29,53,53,53,53,53,53,77,75,75,26,67,48,40,31,31,28,52,34,34,34,27,41,39,82,89,89,37,80,44,34,34,34,34,7,0],"gold":101,"neow_bonus":"ONE_RANDOM_RARE_CARD","is_prod":false,"is_daily":false,"chose_seed":false,"campfire_upgraded":3,"win_rate":0,"timestamp":1535564715,"path_taken":["M","M","M","?","M","E","R","?","T","$","R","?","R","M","R","BOSS","M","M","M","M","M","R","M","$","T","M","?","?","R","M","R","BOSS","M","M","$","?","?","E","M"],"build_version":"2018-08-23v2","purchased_purges":0,"victory":false,"max_hp_per_floor":[80,80,80,80,80,80,80,80,80,80,80,80,80,80,80,80,80,80,80,80,80,80,80,80,80,80,80,94,94,94,94,94,94,94,94,94,94,94,94,94,94],"card_choices":[{"not_picked":["Twin Strike","Pommel Strike"],"picked":"Clothesline","floor":1},{"not_picked":["Clash","Perfected Strike"],"picked":"Headbutt","floor":2},{"not_picked":["Infernal Blade","Havoc"],"picked":"Entrench","floor":3},{"not_picked":["Burning Pact","Clash"],"picked":"Offering","floor":4},{"not_picked":["Twin Strike","Battle Trance"],"picked":"Disarm","floor":5},{"not_picked":["Whirlwind","Sever Soul"],"picked":"Inflame","floor":6},{"not_picked":["Flex","Warcry"],"picked":"Heavy Blade","floor":8},{"not_picked":["Perfected Strike","Clothesline"],"picked":"Flame Barrier","floor":14},{"not_picked":["Juggernaut","Demon Form"],"picked":"Immolate","floor":16},{"not_picked":["Flame Barrier","Rage"],"picked":"Spot Weakness","floor":18},{"not_picked":["Pommel Strike+1","Cleave"],"picked":"Shrug It Off","floor":19},{"not_picked":["Cleave","Clash+1"],"picked":"Shrug It Off","floor":20},{"not_picked":["Cleave","Heavy Blade"],"picked":"Iron Wave+1","floor":21},{"not_picked":["Warcry+1","Bloodletting"],"picked":"True Grit","floor":22},{"not_picked":["Searing Blow","Reckless Charge"],"picked":"Perfected Strike+1","floor":24},{"not_picked":["Clash","Intimidate"],"picked":"Rage+1","floor":27},{"not_picked":["Corruption","Warcry"],"picked":"Cleave","floor":29},{"not_picked":["Barricade","Hemokinesis"],"picked":"Headbutt","floor":31},{"not_picked":["Offering","Reaper"],"picked":"Juggernaut","floor":33},{"not_picked":[],"picked":"Headbutt","floor":35},{"not_picked":[],"picked":"Thunderclap+1","floor":36},{"not_picked":["Clothesline"],"picked":"SKIP","floor":40}],"player_experience":310138,"relics_obtained":[{"floor":6,"key":"Pantograph"},{"floor":9,"key":"Self Forming Clay"},{"floor":26,"key":"Regal Pillow"},{"floor":40,"key":"Magic Flower"}],"event_choices":[{"event_name":"Scrap Ooze","player_choice":"unsuccessful","floor":12,"damage_taken":0},{"event_name":"The Mausoleum","player_choice":"Yes","floor":28,"damage_taken":0},{"event_name":"Duplicator","player_choice":"One dupe","floor":38,"damage_taken":0},{"event_name":"Match and Keep!","player_choice":"1 cards matched","floor":39,"damage_taken":0}],"is_beta":false,"boss_relics":[{"not_picked":["Orrery","Black Star"],"picked":"Velvet Choker"},{"not_picked":["Coffee Dripper","Lizard Tail"],"picked":"Busted Crown"}],"items_purged_floors":[],"is_endless":false,"potions_floor_spawned":[2,5,6,20,21,22,33,35],"killed_by":"3 Darklings","ascension_level":5}