{"gold_per_floor":[210,210,360,103,103,103,5,5,30,51,65,65,101,125,125,125],"floor_reached":16,"playtime":1888,"items_purged":["Doubt"],"score":191,"play_id":"545e23b9-7118-4430-9cb2-74fd111b3321","local_time":"20190727154042","is_ascension_mode":true,"campfire_choices":[{"floor":6,"key":"REST"},{"data":"Zap","floor":8,"key":"SMITH"},{"floor":12,"key":"REST"},{"floor":15,"key":"REST"}],"neow_cost":"NONE","seed_source_timestamp":0,"circlet_count":0,"master_deck":["AscendersBane","Strike_B","Strike_B","Strike_B","Strike_B","Defend_B","Defend_B","Defend_B","Defend_B","Zap+1","Dualcast","Coolheaded","Defragment","Blizzard","Coolheaded","Sunder","Sweeping Beam","Blizzard","Compile Driver","Barrage","Leap"],"special_seed":0,"relics":["Cracked Core","Regal Pillow","Golden Idol","Ancient Tea Set","WingedGreaves"],"potions_floor_usage":[13],"damage_taken":[{"damage":4.0,"enemies":"Small Slimes","floor":1.0,"turns":4.0},{"damage":14,"enemies":"Jaw Worm","floor":10,"turns":4},{"damage":0,"enemies":"2 Louse","floor":11,"turns":2},{"damage":32,"enemies":"Lagavulin","floor":13,"turns":5},{"damage":11,"enemies":"Blue Slaver","floor":14,"turns":3},{"damage":61,"enemies":"Hexaghost","floor":16,"turns":10}],"seed_played":"-740456079145793900","potions_obtained":[{"floor":1.0,"key":"PowerPotion"},{"floor":13,"key":"FocusPotion"},{"floor":14,"key":"Fire Potion"}],"is_trial":false,"path_per_floor":["M","?","?","$","?","R","$","R","T","M","M","R","E","M","R","B"],"character_chosen":"DEFECT","items_purchased":["Defragment","Blizzard","Coolheaded","Sunder","Sweeping Beam"],"campfire_rested":3,"item_purchase_floors":[4,4,4,7,7],"current_hp_per_floor":[60,34,34,34,10,46,46,46,46,32,32,68,36,25,61,0],"gold":125,"neow_bonus":"HUNDRED_GOLD","is_prod":false,"is_daily":false,"chose_seed":false,"campfire_upgraded":1,"win_rate":0,"timestamp":1564267242,"path_taken":["M","?","?","$","?","R","?","R","T","M","M","R","E","M","R","BOSS"],"build_version":"2019-07-17","purchased_purges":1,"victory":false,"max_hp_per_floor":[71,71,71,71,71,71,71,71,71,71,71,71,71,71,71,71],"card_choices":[{"not_picked":["Reprogram","Leap"],"picked":"Coolheaded","floor":1.0},{"not_picked":["Sunder","Go for the Eyes"],"picked":"Blizzard","floor":10},{"not_picked":["Gash","Hello World"],"picked":"Compile Driver","floor":11},{"not_picked":["Leap","Meteor Strike"],"picked":"Barrage","floor":13},{"not_picked":["Sweeping Beam","Beam Cell"],"picked":"Leap","floor":14}],"player_experience":2390260,"relics_obtained":[{"floor":9,"key":"Ancient Tea Set"},{"floor":13,"key":"WingedGreaves"}],"event_choices":[{"damage_healed":0.0,"max_hp_gain":0.0,"max_hp_loss":0.0,"gold_gain":0.0,"event_name":"Scrap Ooze","player_choice":"Success","floor":2.0,"gold_loss":0.0,"damage_taken":26.0,"relics_obtained":["Regal Pillow"]},{"damage_healed":0,"gold_gain":150,"player_choice":"AGREE","damage_taken":0,"max_hp_gain":0,"max_hp_loss":0,"event_name":"Liars Game","floor":3,"gold_loss":0,"cards_obtained":["Doubt"]},{"damage_healed":0,"gold_gain":0,"player_choice":"Take Damage","damage_taken":24,"relics_obtained":["Golden Idol"],"max_hp_gain":0,"max_hp_loss":0,"event_name":"Golden Idol","floor":5,"gold_loss":0}],"is_beta":false,"boss_relics":[],"items_purged_floors":[4],"is_endless":false,"potions_floor_spawned":[1,13,14],"killed_by":"Hexaghost","ascension_level":19}