{"gold_per_floor":[110,110,125,36,47,47,74,74,74,74,109,120,11,29,29,132,132,57,57,57,57,57,57,57,57,57,57,57,57,57,57,57,57,57,57,57,57,57,57,57,57,57,57,57,57,57,57,57,57,57],"floor_reached":50,"playtime":2781,"items_purged":[],"score":722,"play_id":"1aed9612-c9e4-457f-9c69-e6d25dc184e0","local_time":"20181221015528","is_ascension_mode":true,"campfire_choices":[{"data":"Stack","floor":6,"key":"SMITH"},{"data":"Beam Cell","floor":8,"key":"SMITH"},{"floor":10,"key":"REST"},{"data":"Scrape","floor":15,"key":"SMITH"},{"floor":23,"key":"REST"},{"data":"Go for the Eyes","floor":27,"key":"SMITH"},{"data":"Loop","floor":29,"key":"SMITH"},{"floor":32,"key":"REST"},{"data":"Buffer","floor":40,"key":"SMITH"},{"floor":45,"key":"REST"},{"floor":49,"key":"REST"}],"neow_cost":"NONE","seed_source_timestamp":26814579012181,"circlet_count":0,"master_deck":["Strike_B+1","Strike_B+1","Strike_B+1","Strike_B+1","Defend_B+1","Defend_B+1","Defend_B+1","Defend_B+1","Zap+1","Dualcast","Scrape+1","Go for the Eyes+1","FTL","Beam Cell+1","Stack+1","Self Repair","Steam Power","Loop+1","Conserve Battery","Glacier+1","Leap+1","Stack+1","Redo+1","Rebound+1","Go for the Eyes","Buffer+1","Streamline+1","Madness","Madness","Steam","Gash+1","Parasite","Machine Learning","Beam Cell+1","Gash","Gash+1"],"relics":["Cracked Core","Incense Burner","Shuriken","DataDisk","Ectoplasm","Bird Faced Urn","Boot","Mercury Hourglass","Nuclear Battery","Pen Nib","Prayer Wheel","Bottled Tornado"],"potions_floor_usage":[7,21,35,46,47,47],"damage_taken":[{"damage":0,"enemies":"Small Slimes","floor":1,"turns":3},{"damage":2,"enemies":"Jaw Worm","floor":3,"turns":3},{"damage":0,"enemies":"Cultist","floor":5,"turns":2},{"damage":15,"enemies":"Gremlin Nob","floor":7,"turns":3},{"damage":30,"enemies":"3 Sentries","floor":11,"turns":5},{"damage":1,"enemies":"Looter","floor":12,"turns":2},{"damage":2,"enemies":"Large Slime","floor":14,"turns":4},{"damage":23,"enemies":"Hexaghost","floor":16,"turns":9},{"damage":26,"enemies":"2 Thieves","floor":18,"turns":5},{"damage":7,"enemies":"Spheric Guardian","floor":19,"turns":4},{"damage":0,"enemies":"Snecko","floor":20,"turns":4},{"damage":4,"enemies":"3 Cultists","floor":21,"turns":6},{"damage":7,"enemies":"Slavers","floor":24,"turns":9},{"damage":4,"enemies":"Centurion and Healer","floor":25,"turns":9},{"damage":16,"enemies":"Book of Stabbing","floor":30,"turns":4},{"damage":1,"enemies":"Snecko","floor":31,"turns":4},{"damage":30,"enemies":"Champ","floor":33,"turns":11},{"damage":0,"enemies":"3 Darklings","floor":35,"turns":1},{"damage":0,"enemies":"3 Shapes","floor":36,"turns":5},{"damage":11,"enemies":"Sphere and 2 Shapes","floor":37,"turns":5},{"damage":23,"enemies":"Transient","floor":39,"turns":5},{"damage":0,"enemies":"Nemesis","floor":41,"turns":7},{"damage":50,"enemies":"Writhing Mass","floor":44,"turns":6},{"damage":23,"enemies":"Jaw Worm Horde","floor":46,"turns":4},{"damage":0,"enemies":"Giant Head","floor":47,"turns":9},{"damage":13,"enemies":"Transient","floor":48,"turns":5},{"damage":96,"enemies":"Donu and Deca","floor":50,"turns":7}],"seed_played":"-1257677603980820465","potions_obtained":[{"floor":1,"key":"AttackPotion"},{"floor":5,"key":"SmokeBomb"},{"floor":7,"key":"Regen Potion"},{"floor":14,"key":"Fire Potion"},{"floor":24,"key":"Dexterity Potion"},{"floor":36,"key":"Strength Potion"}],"is_trial":false,"path_per_floor":["M","?","M","$","M","R","E","R","T","R","E","M","$","M","R","B",null,"M","M","M","M","?","R","E","M","T","R","?","R","E","M","R","B",null,"M","M","M","?","M","R","E","$","T","M","R","M","E","M","R","B"],"character_chosen":"DEFECT","items_purchased":["FTL","Beam Cell","Steam Power","Loop"],"campfire_rested":5,"item_purchase_floors":[4,4,13,13],"current_hp_per_floor":[75,75,73,73,73,73,58,58,58,75,52,58,58,63,63,47,75,56,56,56,59,45,69,69,76,76,76,76,76,62,61,80,57,80,80,80,80,70,56,56,69,69,69,21,45,37,52,54,78,0],"gold":57,"neow_bonus":"UPGRADE_CARD","is_prod":false,"is_daily":false,"chose_seed":false,"campfire_upgraded":6,"win_rate":0,"timestamp":1545386128,"path_taken":["M","?","M","$","M","R","E","R","T","R","E","M","$","M","R","BOSS","M","M","M","M","?","R","E","M","T","R","?","R","E","M","R","BOSS","M","M","M","?","M","R","E","$","T","M","R","M","E","M","R","BOSS"],"build_version":"2018-12-20","purchased_purges":0,"victory":false,"max_hp_per_floor":[75,75,75,75,75,75,75,75,75,75,75,75,75,75,75,75,75,75,75,75,75,80,80,80,80,80,80,80,80,80,80,80,80,80,80,80,80,80,80,80,80,80,80,80,80,80,80,80,80,80],"card_choices":[{"not_picked":["Hello World","Stack"],"picked":"Scrape","floor":1},{"not_picked":["Rebound","Loop"],"picked":"Go for the Eyes","floor":3},{"not_picked":["Storm","Recycle"],"picked":"Stack","floor":5},{"not_picked":["Hologram","Barrage"],"picked":"Self Repair","floor":7},{"not_picked":["Compile Driver","Coolheaded","Recycle"],"picked":"SKIP","floor":11},{"not_picked":["Compile Driver","Barrage","Capacitor"],"picked":"SKIP","floor":12},{"not_picked":["Aggregate","Steam Power"],"picked":"Conserve Battery","floor":14},{"not_picked":["Compile Driver","Chill+1"],"picked":"Glacier+1","floor":18},{"not_picked":["Sweeping Beam","Cold Snap"],"picked":"Leap+1","floor":19},{"not_picked":["Hologram","Rebound"],"picked":"Stack+1","floor":20},{"not_picked":["Ball Lightning+1","Hologram"],"picked":"Redo+1","floor":21},{"not_picked":["BootSequence","Hologram"],"picked":"Rebound+1","floor":24},{"not_picked":["Melter+1","Coolheaded"],"picked":"Go for the Eyes","floor":25},{"not_picked":["Compile Driver","Core Surge","Glacier"],"picked":"SKIP","floor":30},{"not_picked":["Rip and Tear","Conserve Battery","Redo"],"picked":"SKIP","floor":31},{"not_picked":["Machine Learning","Hyperbeam"],"picked":"Buffer","floor":33},{"not_picked":["Hello World","Compile Driver+1"],"picked":"Streamline+1","floor":36},{"not_picked":["Redo","Sweeping Beam","Cold Snap"],"picked":"SKIP","floor":37},{"not_picked":["Aggregate","Loop"],"picked":"Steam","floor":39},{"not_picked":["Redo","Aggregate+1"],"picked":"Gash+1","floor":41},{"not_picked":["Ball Lightning+1","Reinforced Body+1"],"picked":"Machine Learning","floor":44},{"not_picked":["Beam Cell","Skim","Ball Lightning"],"picked":"SKIP","floor":44},{"not_picked":["Barrage+1","Stack"],"picked":"Beam Cell+1","floor":46},{"not_picked":["Conserve Battery","Cold Snap+1","White Noise+1"],"picked":"SKIP","floor":46},{"not_picked":["Reinforced Body+1","Turbo","Self Repair"],"picked":"SKIP","floor":47},{"not_picked":["Aggregate","Conserve Battery"],"picked":"Gash","floor":48},{"not_picked":["Scrape","Double Energy+1"],"picked":"Gash+1","floor":48}],"player_experience":545959,"relics_obtained":[{"floor":7,"key":"Incense Burner"},{"floor":9,"key":"Shuriken"},{"floor":11,"key":"DataDisk"},{"floor":24,"key":"Bird Faced Urn"},{"floor":26,"key":"Boot"},{"floor":30,"key":"Mercury Hourglass"},{"floor":41,"key":"Pen Nib"},{"floor":43,"key":"Prayer Wheel"},{"floor":47,"key":"Bottled Tornado"}],"event_choices":[{"damage_healed":0,"gold_gain":0,"player_choice":"Ignored","damage_taken":0,"max_hp_gain":0,"max_hp_loss":0,"event_name":"Liars Game","floor":2,"gold_loss":0},{"damage_healed":0,"gold_gain":0,"player_choice":"Shed Blood","damage_taken":19,"max_hp_gain":5,"max_hp_loss":0,"event_name":"Forgotten Altar","floor":22,"gold_loss":0},{"damage_healed":0,"gold_gain":0,"player_choice":"Simplicity","damage_taken":0,"max_hp_gain":0,"max_hp_loss":0,"event_name":"Back to Basics","floor":28,"gold_loss":0,"cards_upgraded":["Strike_B","Strike_B","Strike_B","Strike_B","Defend_B","Defend_B","Defend_B","Defend_B"]},{"damage_healed":0,"gold_gain":0,"player_choice":"Embrace Madness","damage_taken":10,"max_hp_gain":0,"max_hp_loss":0,"event_name":"Winding Halls","floor":38,"gold_loss":0,"cards_obtained":["Madness","Madness"]}],"is_beta":false,"boss_relics":[{"not_picked":["Runic Dome","FrozenCore"],"picked":"Ectoplasm"},{"not_picked":["Orrery","Philosopher\u0027s Stone"],"picked":"Nuclear Battery"}],"items_purged_floors":[],"is_endless":false,"potions_floor_spawned":[1,5,7,14,18,19,24,30,33,35,36,44],"killed_by":"Donu and Deca","ascension_level":3}