{"gold_per_floor":[114,127,145,145,164,164,164,182,260,260],"floor_reached":10,"playtime":445,"items_purged":[],"score":102,"play_id":"86bb1c17-f873-4fbe-a401-1dd1cacac711","local_time":"20190518120139","is_ascension_mode":true,"campfire_choices":[{"data":"Zap","floor":6,"key":"SMITH"}],"neow_cost":"NONE","seed_source_timestamp":289801850648124,"circlet_count":0,"master_deck":["AscendersBane","Strike_B","Strike_B+1","Strike_B","Strike_B","Defend_B","Defend_B","Defend_B","Defend_B","Zap+1","Dualcast+1","Coolheaded","Hologram"],"relics":["Cracked Core","Meat on the Bone"],"potions_floor_usage":[5],"damage_taken":[{"damage":9,"enemies":"Small Slimes","floor":1,"turns":4},{"damage":2,"enemies":"Jaw Worm","floor":2,"turns":3},{"damage":0,"enemies":"Cultist","floor":3,"turns":3},{"damage":24,"enemies":"Exordium Thugs","floor":5,"turns":5},{"damage":9,"enemies":"Red Slaver","floor":8,"turns":3},{"damage":17,"enemies":"Large Slime","floor":10,"turns":2}],"seed_played":"3636786905017910389","potions_obtained":[{"floor":1,"key":"FocusPotion"},{"floor":2,"key":"Regen Potion"},{"floor":3,"key":"Fruit Juice"}],"is_trial":false,"path_per_floor":["M","M","M","?","M","R","?","M","T","M"],"character_chosen":"DEFECT","items_purchased":[],"campfire_rested":0,"item_purchase_floors":[],"current_hp_per_floor":[62,60,60,60,41,41,24,15,15,0],"gold":260,"neow_bonus":"TEN_PERCENT_HP_BONUS","is_prod":false,"is_daily":false,"chose_seed":false,"campfire_upgraded":1,"win_rate":0,"timestamp":1558206099,"path_taken":["M","M","M","?","M","R","?","?","T","M"],"build_version":"2019-01-23","purchased_purges":0,"victory":false,"max_hp_per_floor":[78,78,78,78,83,83,83,83,83,83],"card_choices":[{"not_picked":["Hello World","Rebound","Gash"],"picked":"SKIP","floor":1},{"not_picked":["Leap","Go for the Eyes"],"picked":"Coolheaded","floor":2},{"not_picked":["Turbo","Conserve Battery","Fusion"],"picked":"SKIP","floor":3},{"not_picked":["Barrage","Turbo","Gash"],"picked":"SKIP","floor":5},{"not_picked":["Chaos","Streamline"],"picked":"Hologram","floor":8}],"player_experience":1196218,"relics_obtained":[{"floor":9,"key":"Meat on the Bone"}],"event_choices":[{"damage_healed":0,"gold_gain":0,"player_choice":"Ignored","damage_taken":0,"max_hp_gain":0,"max_hp_loss":0,"event_name":"Liars Game","floor":4,"gold_loss":0},{"damage_healed":0,"gold_gain":0,"player_choice":"Entered Light","damage_taken":17,"max_hp_gain":0,"max_hp_loss":0,"event_name":"Shining Light","floor":7,"gold_loss":0,"cards_upgraded":["Strike_B","Dualcast"]}],"is_beta":false,"boss_relics":[],"items_purged_floors":[],"is_endless":false,"potions_floor_spawned":[1,2,3],"killed_by":"Large Slime","ascension_level":14}