{"gold_per_floor":[111,128,53,73,89,123,123,141,164,164,194,209,209,225,225,320,320,339,339,142,155,169,169,194,194,194,226,242,242,253,269,269,372,372,391,491,510,510,439,467,478,504,530,571,583,612,584,16,16,16],"floor_reached":51,"playtime":3760,"items_purged":["Strike_R"],"score":927,"play_id":"42775844-d004-4305-bf00-02cfcd4f8b44","local_time":"20191015235318","is_ascension_mode":true,"campfire_choices":[{"data":"Shockwave","floor":7,"key":"SMITH"},{"data":"Whirlwind","floor":10,"key":"SMITH"},{"data":"Offering","floor":13,"key":"SMITH"},{"floor":15,"key":"RECALL"},{"data":"Rampage","floor":23,"key":"SMITH"},{"data":"Battle Trance","floor":25,"key":"SMITH"},{"data":"Searing Blow+1","floor":29,"key":"SMITH"},{"data":"Searing Blow+2","floor":32,"key":"SMITH"},{"data":"1","floor":45,"key":"LIFT"},{"data":"2","floor":49,"key":"LIFT"}],"neow_cost":"NONE","seed_source_timestamp":217298158396600,"circlet_count":0,"master_deck":["Strike_R","Strike_R+1","Strike_R","Defend_R+1","Defend_R+1","Defend_R","Bash","Whirlwind+1","Wild Strike","Hemokinesis","Shockwave+1","Offering+1","Shrug It Off","Clothesline","Rage","Impervious","Ghostly Armor","Flex","Battle Trance+1","Rampage+1","Searing Blow+3","Burning Pact+1","Immolate","Seeing Red","Anger+1","Power Through","Armaments+1","Uppercut+1","Spot Weakness+1","Rupture","Disarm"],"relics":["Burning Blood","Bag of Marbles","War Paint","Sozu","Pen Nib","Oddly Smooth Stone","Ornamental Fan","Pantograph","Dream Catcher","Empty Cage","Champion Belt","Paper Frog","Girya","MawBank","Ice Cream","Lee\u0027s Waffle","Pear"],"potions_floor_usage":[33,50,50],"damage_taken":[{"damage":1,"enemies":"Cultist","floor":1,"turns":3},{"damage":0,"enemies":"Small Slimes","floor":2,"turns":3},{"damage":0,"enemies":"2 Louse","floor":4,"turns":2},{"damage":9,"enemies":"Exordium Wildlife","floor":5,"turns":2},{"damage":32,"enemies":"Lagavulin","floor":6,"turns":7},{"damage":0,"enemies":"Exordium Thugs","floor":8,"turns":3},{"damage":11,"enemies":"Gremlin Nob","floor":11,"turns":3},{"damage":0,"enemies":"2 Fungi Beasts","floor":12,"turns":2},{"damage":0,"enemies":"Lots of Slimes","floor":14,"turns":1},{"damage":24,"enemies":"Slime Boss","floor":16,"turns":10},{"damage":8,"enemies":"Spheric Guardian","floor":18,"turns":4},{"damage":10,"enemies":"Chosen","floor":21,"turns":2},{"damage":18,"enemies":"Snecko","floor":22,"turns":5},{"damage":12,"enemies":"Gremlin Leader","floor":24,"turns":6},{"damage":5,"enemies":"Slavers","floor":27,"turns":5},{"damage":4,"enemies":"Centurion and Healer","floor":28,"turns":5},{"damage":0,"enemies":"3 Cultists","floor":30,"turns":2},{"damage":10,"enemies":"Snake Plant","floor":31,"turns":5},{"damage":83,"enemies":"Champ","floor":33,"turns":16},{"damage":10,"enemies":"3 Darklings","floor":35,"turns":4},{"damage":6,"enemies":"Mind Bloom Boss Battle","floor":36,"turns":8},{"damage":0,"enemies":"Orb Walker","floor":37,"turns":1},{"damage":9,"enemies":"Reptomancer","floor":40,"turns":5},{"damage":0,"enemies":"Maw","floor":41,"turns":7},{"damage":42,"enemies":"Giant Head","floor":42,"turns":8},{"damage":17,"enemies":"Reptomancer","floor":44,"turns":8},{"damage":8,"enemies":"Spire Growth","floor":46,"turns":3},{"damage":81,"enemies":"Time Eater","floor":50,"turns":13}],"seed_played":"-37985547643192988","potions_obtained":[{"floor":5,"key":"BloodPotion"},{"floor":6,"key":"FearPotion"},{"floor":8,"key":"SkillPotion"}],"is_trial":false,"path_per_floor":["M","M","$","M","M","E","R","M","T","R","E","M","R","M","R","B",null,"M","?","$","M","M","R","E","R","T","E","M","R","M","M","R","B",null,"M","?","M","?","$","E","M","E","T","E","R","M","?","$","R","B",null],"character_chosen":"IRONCLAD","items_purchased":["Oddly Smooth Stone","Flex","Power Through","Rupture","Lee\u0027s Waffle","Pear","Disarm"],"campfire_rested":0,"item_purchase_floors":[20,20,39,48,48,48,48],"current_hp_per_floor":[88,88,88,88,85,59,59,65,65,65,60,66,66,72,72,54,88,86,86,86,82,70,70,64,64,64,65,67,67,73,69,69,11,88,84,88,88,88,88,85,88,52,52,41,41,39,39,105,105,56],"gold":16,"neow_bonus":"TEN_PERCENT_HP_BONUS","is_prod":false,"is_daily":false,"chose_seed":false,"campfire_upgraded":7,"win_rate":0,"timestamp":1571208798,"path_taken":["M","M","?","M","M","E","R","M","T","R","E","M","R","M","R","BOSS","M","?","$","M","M","R","E","R","T","E","M","R","M","M","R","BOSS","M","?","M","?","?","E","?","E","T","E","R","M","?","?","R","BOSS"],"build_version":"2019-07-17","purchased_purges":1,"victory":true,"max_hp_per_floor":[88,88,88,88,88,88,88,88,88,88,88,88,88,88,88,88,88,88,88,88,88,88,88,88,88,88,88,88,88,88,88,88,88,88,88,88,88,88,88,88,88,88,88,88,88,88,88,105,105,105],"card_choices":[{"not_picked":["Warcry","Rage"],"picked":"Whirlwind","floor":1},{"not_picked":["Rage","Havoc"],"picked":"Wild Strike","floor":2},{"not_picked":["Blood for Blood","Wild Strike"],"picked":"Hemokinesis","floor":4},{"not_picked":["Perfected Strike","Metallicize"],"picked":"Shockwave","floor":5},{"not_picked":["Evolve","Second Wind"],"picked":"Offering","floor":6},{"not_picked":["Havoc","Heavy Blade"],"picked":"Shrug It Off","floor":8},{"not_picked":["Heavy Blade","Bloodletting","Clash"],"picked":"SKIP","floor":11},{"not_picked":["Entrench","Twin Strike"],"picked":"Clothesline","floor":12},{"not_picked":["Clothesline","Twin Strike"],"picked":"Rage","floor":14},{"not_picked":["Fiend Fire","Dark Embrace"],"picked":"Impervious","floor":16},{"not_picked":["Shockwave","Whirlwind"],"picked":"Ghostly Armor","floor":18},{"not_picked":["Warcry","Clash+1"],"picked":"Battle Trance","floor":21},{"not_picked":["Perfected Strike","Warcry"],"picked":"Rampage","floor":22},{"not_picked":["Flex","Perfected Strike","Clothesline"],"picked":"SKIP","floor":24},{"not_picked":["Sentinel","Thunderclap"],"picked":"Searing Blow+1","floor":27},{"not_picked":["Pummel","Wild Strike","Clash"],"picked":"SKIP","floor":28},{"not_picked":["True Grit","Dropkick"],"picked":"Burning Pact","floor":30},{"not_picked":["Power Through","Pommel Strike","Heavy Blade"],"picked":"SKIP","floor":31},{"not_picked":["Fiend Fire","Impervious"],"picked":"Immolate","floor":33},{"not_picked":["Shrug It Off+1","Entrench","Warcry"],"picked":"SKIP","floor":35},{"not_picked":["Heavy Blade+1","Havoc"],"picked":"Seeing Red","floor":36},{"not_picked":["Pommel Strike","Clash"],"picked":"Anger+1","floor":37},{"not_picked":["Pummel","Flex","Dark Embrace"],"picked":"SKIP","floor":40},{"not_picked":["Thunderclap+1","Iron Wave"],"picked":"Armaments+1","floor":41},{"not_picked":["Seeing Red+1","Feel No Pain"],"picked":"Uppercut+1","floor":42},{"not_picked":["Blood for Blood","Armaments+1"],"picked":"Spot Weakness+1","floor":44},{"not_picked":["Havoc","Heavy Blade","True Grit"],"picked":"SKIP","floor":46}],"player_experience":88619,"relics_obtained":[{"floor":6,"key":"Bag of Marbles"},{"floor":11,"key":"War Paint"},{"floor":24,"key":"Ornamental Fan"},{"floor":26,"key":"Pantograph"},{"floor":27,"key":"Dream Catcher"},{"floor":36,"key":"Champion Belt"},{"floor":40,"key":"Paper Frog"},{"floor":42,"key":"Girya"},{"floor":43,"key":"MawBank"},{"floor":44,"key":"Ice Cream"}],"event_choices":[{"damage_healed":0,"gold_gain":0,"player_choice":"Opened","damage_taken":0,"relics_obtained":["Pen Nib"],"max_hp_gain":0,"max_hp_loss":0,"event_name":"The Mausoleum","floor":19,"gold_loss":0},{"damage_healed":0,"gold_gain":0,"player_choice":"Fight","damage_taken":0,"max_hp_gain":0,"max_hp_loss":0,"event_name":"MindBloom","floor":36,"gold_loss":0},{"damage_healed":0,"gold_gain":0,"player_choice":"Memory 1","damage_taken":0,"max_hp_gain":0,"max_hp_loss":0,"event_name":"SensoryStone","floor":38,"gold_loss":0},{"damage_healed":0,"gold_gain":0,"player_choice":"Upgraded Two","damage_taken":0,"max_hp_gain":0,"max_hp_loss":0,"event_name":"Designer","floor":47,"gold_loss":40,"cards_upgraded":["Strike_R","Burning Pact"]}],"is_beta":false,"boss_relics":[{"not_picked":["White Beast Statue","Snecko Eye"],"picked":"Sozu"},{"not_picked":["Orrery","Tiny House"],"picked":"Empty Cage"}],"items_purged_floors":[3],"is_endless":false,"potions_floor_spawned":[5,6,8,16,18,22,28,35,40,46],"ascension_level":1}