{"gold_per_floor":[119,119,0,0,75,75,93,93,141,152,29,29,39,51,51,153,153,169,179,44,62,62],"floor_reached":22,"playtime":1098,"items_purged":["Dualcast","Defend_B"],"score":273,"play_id":"2894aa3c-ac54-49a6-b76a-11c0178a1229","local_time":"20190105110658","is_ascension_mode":true,"campfire_choices":[{"data":"Zap","floor":6,"key":"SMITH"},{"data":"Loop","floor":8,"key":"SMITH"},{"data":"Defragment","floor":12,"key":"SMITH"},{"data":"Hologram","floor":15,"key":"SMITH"}],"neow_cost":"NONE","seed_source_timestamp":849214908921,"circlet_count":0,"master_deck":["AscendersBane","Strike_B+1","Strike_B","Defend_B","Defend_B","Defend_B","Zap+1","Loop+1","Capacitor","Cold Snap+1","FTL","Defragment+1","Coolheaded","Hologram+1","Echo Form","Self Repair"],"relics":["Cracked Core","Bronze Scales","Empty Cage"],"potions_floor_usage":[13],"damage_taken":[{"damage":4,"enemies":"Jaw Worm","floor":1,"turns":4},{"damage":0,"enemies":"Small Slimes","floor":7,"turns":4},{"damage":0,"enemies":"Cultist","floor":10,"turns":4},{"damage":0,"enemies":"Exordium Wildlife","floor":13,"turns":3},{"damage":0,"enemies":"Large Slime","floor":14,"turns":5},{"damage":11,"enemies":"Hexaghost","floor":16,"turns":7},{"damage":13,"enemies":"Spheric Guardian","floor":18,"turns":5},{"damage":38,"enemies":"2 Thieves","floor":19,"turns":4},{"damage":12,"enemies":"Centurion and Healer","floor":21,"turns":9},{"damage":30,"enemies":"Snake Plant","floor":22,"turns":2}],"seed_played":"-7849031322175093425","potions_obtained":[{"floor":7,"key":"SkillPotion"},{"floor":13,"key":"FairyPotion"},{"floor":19,"key":"Swift Potion"}],"is_trial":false,"path_per_floor":["M","?","$","?","?","R","M","R","T","M","$","R","M","M","R","B",null,"M","M","$","M","M"],"character_chosen":"DEFECT","items_purchased":["Capacitor","Cold Snap","Coolheaded","Self Repair"],"campfire_rested":0,"item_purchase_floors":[3,3,11,20],"current_hp_per_floor":[64,69,69,53,45,45,45,45,45,45,45,45,45,45,45,34,69,56,18,18,13,0],"gold":62,"neow_bonus":"THREE_CARDS","is_prod":false,"is_daily":false,"chose_seed":false,"campfire_upgraded":4,"win_rate":0,"timestamp":1546715218,"path_taken":["M","?","$","?","?","R","M","R","T","?","$","R","M","M","R","BOSS","M","M","$","M","M"],"build_version":"2019-01-03v4","purchased_purges":2,"victory":false,"max_hp_per_floor":[75,80,80,80,80,80,80,80,80,80,80,80,80,80,80,80,80,80,80,80,80,80],"card_choices":[{"not_picked":["Auto Shields","Gash"],"picked":"Loop","floor":0},{"not_picked":["Stack","Steam","Rebound"],"picked":"SKIP","floor":1},{"not_picked":["Fusion","Redo"],"picked":"FTL","floor":7},{"not_picked":["Cold Snap","Reinforced Body"],"picked":"Defragment","floor":10},{"not_picked":["BootSequence","Force Field"],"picked":"Hologram","floor":13},{"not_picked":["Tempest","Cold Snap","Sweeping Beam"],"picked":"SKIP","floor":14},{"not_picked":["Hyperbeam","Seek"],"picked":"Echo Form","floor":16},{"not_picked":["Steam","Conserve Battery","Redo"],"picked":"SKIP","floor":18},{"not_picked":["Sweeping Beam","Melter+1","Stack+1"],"picked":"SKIP","floor":19},{"not_picked":["Beam Cell","Rebound","Ball Lightning"],"picked":"SKIP","floor":21}],"player_experience":745874,"relics_obtained":[{"floor":9,"key":"Bronze Scales"}],"event_choices":[{"damage_healed":0,"gold_gain":0,"player_choice":"Donut","damage_taken":0,"max_hp_gain":5,"max_hp_loss":0,"event_name":"Big Fish","floor":2,"gold_loss":0},{"damage_healed":0,"gold_gain":0,"player_choice":"Entered Light","damage_taken":16,"max_hp_gain":0,"max_hp_loss":0,"event_name":"Shining Light","floor":4,"gold_loss":0,"cards_upgraded":["Strike_B","Cold Snap"]},{"damage_healed":0,"gold_gain":75,"player_choice":"Touch","damage_taken":8,"max_hp_gain":0,"max_hp_loss":0,"event_name":"FaceTrader","floor":5,"gold_loss":0}],"is_beta":false,"boss_relics":[{"not_picked":["Snecko Eye","FrozenCore"],"picked":"Empty Cage"}],"items_purged_floors":[11,20],"is_endless":false,"potions_floor_spawned":[7,13,19],"killed_by":"Snake Plant","ascension_level":11}