{"gold_per_floor":[119,38,38,58,21,53,53,86,112,112],"floor_reached":10,"playtime":302,"items_purged":[],"score":141,"play_id":"864650b8-614f-404a-810e-978c4f5fb0c7","local_time":"20190714131728","is_ascension_mode":true,"campfire_choices":[{"data":"Defragment","floor":7,"key":"SMITH"}],"neow_cost":"NONE","seed_source_timestamp":380896971421597,"circlet_count":0,"master_deck":["AscendersBane","Strike_B+1","Strike_B","Strike_B+1","Strike_B","Defend_B","Defend_B","Defend_B","Defend_B","Zap+1","Dualcast","Dramatic Entrance","Capacitor","White Noise","Ball Lightning","Defragment+1","White Noise","Darkness"],"relics":["Cracked Core","Whetstone","Dodecahedron","Vajra"],"potions_floor_usage":[8,10,10],"damage_taken":[{"damage":0,"enemies":"2 Louse","floor":1,"turns":2},{"damage":4,"enemies":"Jaw Worm","floor":4,"turns":4},{"damage":20,"enemies":"Lagavulin","floor":6,"turns":7},{"damage":36,"enemies":"Gremlin Nob","floor":8,"turns":4},{"damage":6,"enemies":"The Mushroom Lair","floor":10,"turns":2}],"seed_played":"-2333153727480616392","potions_obtained":[{"floor":4,"key":"Fire Potion"},{"floor":6,"key":"Energy Potion"},{"floor":8,"key":"AttackPotion"}],"is_trial":false,"path_per_floor":["M","$","?","M","$","E","R","E","T","?"],"character_chosen":"DEFECT","items_purchased":["White Noise","Defragment"],"campfire_rested":0,"item_purchase_floors":[2,5],"current_hp_per_floor":[64,64,64,60,60,40,40,4,4,0],"gold":112,"neow_bonus":"RANDOM_COLORLESS","is_prod":false,"is_daily":false,"chose_seed":false,"campfire_upgraded":1,"win_rate":0,"timestamp":1563135448,"path_taken":["M","$","?","M","$","E","R","E","T","?"],"build_version":"2019-07-05","purchased_purges":0,"victory":false,"max_hp_per_floor":[71,71,71,71,71,71,71,71,71,71],"card_choices":[{"not_picked":["Leap","Melter"],"picked":"Capacitor","floor":1},{"not_picked":["Redo","Gash"],"picked":"Ball Lightning","floor":4},{"not_picked":["Rebound","Gash"],"picked":"White Noise","floor":6},{"not_picked":["Reinforced Body","Double Energy"],"picked":"Darkness","floor":8}],"player_experience":2138207,"relics_obtained":[{"floor":6,"key":"Whetstone"},{"floor":8,"key":"Dodecahedron"},{"floor":9,"key":"Vajra"}],"event_choices":[{"damage_healed":0,"gold_gain":0,"player_choice":"Grow","damage_taken":0,"max_hp_gain":0,"max_hp_loss":0,"event_name":"Living Wall","floor":3,"gold_loss":0,"cards_upgraded":["Zap"]},{"damage_healed":0,"gold_gain":0,"player_choice":"Fought Mushrooms","damage_taken":0,"max_hp_gain":0,"max_hp_loss":0,"event_name":"Mushrooms","floor":10,"gold_loss":0}],"is_beta":false,"boss_relics":[],"items_purged_floors":[],"is_endless":false,"potions_floor_spawned":[4,6,8],"killed_by":"The Mushroom Lair","ascension_level":18}