{"gold_per_floor":[117,117,42,42,59,91,91,107,133,133,146,146],"floor_reached":12,"playtime":494,"items_purged":["Strike_B"],"score":175,"play_id":"c18795a4-7e00-495f-9758-ebb5d48f3050","local_time":"20190518121056","is_ascension_mode":true,"campfire_choices":[{"data":"Coolheaded","floor":7.0,"key":"SMITH"}],"neow_cost":"NONE","seed_source_timestamp":0,"circlet_count":0,"master_deck":["AscendersBane","Strike_B","Strike_B","Strike_B","Defend_B","Defend_B","Defend_B","Defend_B","Zap+1","Skim","Coolheaded+1","Discovery","Hologram"],"special_seed":0,"relics":["Cracked Core","NeowsBlessing","Pen Nib","Smiling Mask"],"potions_floor_usage":[11,11],"damage_taken":[{"damage":0.0,"enemies":"2 Louse","floor":1.0,"turns":1.0},{"damage":0.0,"enemies":"Cultist","floor":5.0,"turns":1.0},{"damage":0.0,"enemies":"Lagavulin","floor":6.0,"turns":1.0},{"damage":2.0,"enemies":"Jaw Worm","floor":8.0,"turns":4.0},{"damage":13,"enemies":"Gremlin Gang","floor":11,"turns":4},{"damage":42,"enemies":"Gremlin Nob","floor":12,"turns":4}],"seed_played":"6884126484593011463","potions_obtained":[{"floor":1.0,"key":"Energy Potion"},{"floor":6.0,"key":"Ancient Potion"}],"is_trial":false,"path_per_floor":["M","?","$","?","M","E","R","M","T","?","M","E"],"character_chosen":"DEFECT","items_purchased":[],"campfire_rested":0,"item_purchase_floors":[],"current_hp_per_floor":[64,57,57,57,57,57,57,55,55,55,42,0],"gold":146,"neow_bonus":"THREE_ENEMY_KILL","is_prod":false,"is_daily":false,"chose_seed":false,"campfire_upgraded":1,"win_rate":0,"timestamp":1558206656,"path_taken":["M","?","$","?","?","E","R","M","T","?","?","E"],"build_version":"2019-01-23","purchased_purges":1,"victory":false,"max_hp_per_floor":[71,71,71,71,71,71,71,71,71,71,71,71],"card_choices":[{"not_picked":["BootSequence","Tempest"],"picked":"Skim","floor":1.0},{"not_picked":["Sweeping Beam","Barrage"],"picked":"Coolheaded","floor":5.0},{"not_picked":["Sweeping Beam","Conserve Battery","Auto Shields"],"picked":"SKIP","floor":6.0},{"not_picked":["Conserve Battery","Barrage","Undo"],"picked":"SKIP","floor":8.0},{"not_picked":["FTL","Stack"],"picked":"Hologram","floor":11}],"player_experience":1196663,"relics_obtained":[{"floor":6.0,"key":"Pen Nib"},{"floor":9.0,"key":"Smiling Mask"}],"event_choices":[{"cards_removed":["Dualcast"],"damage_healed":0.0,"max_hp_gain":0.0,"max_hp_loss":0.0,"gold_gain":0.0,"event_name":"Golden Wing","player_choice":"Card Removal","floor":2.0,"gold_loss":0.0,"damage_taken":7.0},{"damage_healed":0.0,"max_hp_gain":0.0,"max_hp_loss":0.0,"gold_gain":0.0,"event_name":"Accursed Blacksmith","player_choice":"Forge","floor":4.0,"gold_loss":0.0,"damage_taken":0.0,"cards_upgraded":["Zap"]},{"damage_healed":0.0,"max_hp_gain":0.0,"max_hp_loss":0.0,"gold_gain":0.0,"event_name":"Match and Keep!","player_choice":"1 cards matched","floor":10.0,"gold_loss":0.0,"damage_taken":0.0,"cards_obtained":["Discovery"]}],"is_beta":false,"boss_relics":[],"items_purged_floors":[3],"is_endless":false,"potions_floor_spawned":[1,6],"killed_by":"Gremlin Nob","ascension_level":14}