{"gold_per_floor":[116,45,10,85,85,85,96,110,110,35,35,50,2,22,22,101,101,115,15,31,31],"floor_reached":21,"playtime":1021,"items_purged":["Dualcast","Strike_B"],"score":287,"play_id":"4e4cb8b7-0a41-4761-b934-cd549edca5f1","local_time":"20190518124448","is_ascension_mode":true,"campfire_choices":[{"data":"Coolheaded","floor":6.0,"key":"SMITH"},{"data":"Hologram","floor":15,"key":"SMITH"}],"neow_cost":"NONE","seed_source_timestamp":0,"circlet_count":0,"master_deck":["AscendersBane","Strike_B","Strike_B","Strike_B","Defend_B","Defend_B","Defend_B","Defend_B","Zap+1","Coolheaded+1","Sunder","Hologram+1","Streamline","BootSequence","Thunder Strike"],"special_seed":0,"relics":["Cracked Core","Bronze Scales","Torii","Eternal Feather"],"potions_floor_usage":[20,21],"damage_taken":[{"damage":7.0,"enemies":"Jaw Worm","floor":1.0,"turns":3.0},{"damage":0.0,"enemies":"Small Slimes","floor":7.0,"turns":2.0},{"damage":2.0,"enemies":"2 Louse","floor":8.0,"turns":2.0},{"damage":11,"enemies":"Looter","floor":12,"turns":3},{"damage":0,"enemies":"Blue Slaver","floor":14,"turns":3},{"damage":12,"enemies":"The Guardian","floor":16,"turns":11},{"damage":12,"enemies":"Spheric Guardian","floor":18,"turns":5},{"damage":37,"enemies":"Shell Parasite","floor":20,"turns":9},{"damage":15,"enemies":"Snecko","floor":21,"turns":3}],"seed_played":"4477284031567403565","potions_obtained":[{"floor":7.0,"key":"GamblersBrew"},{"floor":16,"key":"Poison Potion"},{"floor":20,"key":"GamblersBrew"}],"is_trial":false,"path_per_floor":["M","$","?","?","?","R","M","M","T","$","?","M","$","M","R","B",null,"M","$","M","M"],"character_chosen":"DEFECT","items_purchased":["Sunder","Streamline"],"campfire_rested":0,"item_purchase_floors":[2,13],"current_hp_per_floor":[57,57,71,60,60,60,60,58,58,58,58,47,47,47,47,35,62,50,50,13,0],"gold":31,"neow_bonus":"RANDOM_COMMON_RELIC","is_prod":false,"is_daily":false,"chose_seed":false,"campfire_upgraded":2,"win_rate":0,"timestamp":1558208688,"path_taken":["M","$","?","?","?","R","M","M","T","$","?","M","$","M","R","BOSS","M","$","M","M"],"build_version":"2019-01-23","purchased_purges":2,"victory":false,"max_hp_per_floor":[71,71,71,71,71,71,71,71,71,71,71,71,71,71,71,71,71,71,71,71,71],"card_choices":[{"not_picked":["Sweeping Beam","Stack"],"picked":"Coolheaded","floor":1.0},{"not_picked":["Go for the Eyes","Heatsinks","Conserve Battery"],"picked":"SKIP","floor":7.0},{"not_picked":["Barrage","Turbo","White Noise"],"picked":"SKIP","floor":8.0},{"not_picked":["Lockon","Auto Shields"],"picked":"Hologram","floor":12},{"not_picked":["Coolheaded","Redo"],"picked":"BootSequence","floor":14},{"not_picked":["Multi-Cast","Meteor Strike"],"picked":"Thunder Strike","floor":16},{"not_picked":["Streamline","Hologram","Redo+1"],"picked":"SKIP","floor":18},{"not_picked":["Reinforced Body","Tempest","Steam"],"picked":"SKIP","floor":20}],"player_experience":1197867,"relics_obtained":[{"floor":9.0,"key":"Torii"}],"event_choices":[{"damage_healed":17.0,"max_hp_gain":0.0,"max_hp_loss":0.0,"gold_gain":0.0,"event_name":"The Cleric","player_choice":"Healed","floor":3.0,"gold_loss":35.0,"damage_taken":0.0},{"damage_healed":0.0,"max_hp_gain":0.0,"max_hp_loss":0.0,"gold_gain":75.0,"event_name":"World of Goop","player_choice":"Gather Gold","floor":4.0,"gold_loss":0.0,"damage_taken":11.0},{"damage_healed":0.0,"max_hp_gain":0.0,"max_hp_loss":0.0,"gold_gain":0.0,"event_name":"Living Wall","player_choice":"Grow","floor":5.0,"gold_loss":0.0,"damage_taken":0.0,"cards_upgraded":["Zap"]},{"damage_healed":0.0,"max_hp_gain":0.0,"max_hp_loss":0.0,"gold_gain":0.0,"event_name":"Liars Game","player_choice":"Ignored","floor":11.0,"gold_loss":0.0,"damage_taken":0.0}],"is_beta":false,"boss_relics":[{"not_picked":["Lizard Tail","FrozenCore"],"picked":"Eternal Feather"}],"items_purged_floors":[10,19],"is_endless":false,"potions_floor_spawned":[7,16,18,20],"killed_by":"Snecko","ascension_level":14}