{"gold_per_floor":[113,113,189,189,40,40,40,40,40,72,85,117,117,94,94,172,222,242,242,254,254,269,269,295,307,319,331,360,389,401],"floor_reached":30,"playtime":6137,"items_purged":["Strike_B"],"score":488,"play_id":"bc7de08b-c397-4880-91f5-bda97e7a970d","local_time":"20190609181327","is_ascension_mode":true,"campfire_choices":[{"data":"Zap","floor":6.0,"key":"SMITH"},{"data":"Capacitor","floor":8.0,"key":"SMITH"},{"data":"Coolheaded","floor":15,"key":"SMITH"},{"floor":23,"key":"REST"},{"floor":25,"key":"REST"},{"data":"Machine Learning","floor":27,"key":"SMITH"}],"neow_cost":"NONE","seed_source_timestamp":0,"circlet_count":0,"master_deck":["AscendersBane","Strike_B","Strike_B","Strike_B","Defend_B+1","Defend_B+1","Defend_B","Defend_B+1","Zap+1","Ball Lightning","Capacitor+1","Barrage+1","Coolheaded+1","Machine Learning+1","Turbo+1","Glacier","Melter+1","Blizzard+1"],"special_seed":0,"relics":["Cracked Core","NeowsBlessing","Matryoshka","Lantern","Molten Egg 2","Mummified Hand","Bird Faced Urn","Tiny House","War Paint","Nunchaku","MawBank","Toxic Egg 2"],"potions_floor_usage":[12,20,20],"damage_taken":[{"damage":0.0,"enemies":"Small Slimes","floor":1.0,"turns":1.0},{"damage":0.0,"enemies":"3 Sentries","floor":10.0,"turns":1.0},{"damage":0,"enemies":"Jaw Worm","floor":11,"turns":1},{"damage":32,"enemies":"Gremlin Nob","floor":12,"turns":4},{"damage":21,"enemies":"The Guardian","floor":16,"turns":10},{"damage":7,"enemies":"3 Byrds","floor":18,"turns":4},{"damage":17,"enemies":"2 Thieves","floor":20,"turns":4},{"damage":21,"enemies":"3 Cultists","floor":22,"turns":6},{"damage":51,"enemies":"Book of Stabbing","floor":24,"turns":6},{"damage":8,"enemies":"Centurion and Healer","floor":28,"turns":8},{"damage":9,"enemies":"Snecko","floor":29,"turns":5}],"seed_played":"2522326693812235541","potions_obtained":[{"floor":10.0,"key":"Dexterity Potion"},{"floor":11,"key":"Explosive Potion"},{"floor":17,"key":"FearPotion"},{"floor":18,"key":"Fire Potion"},{"floor":29,"key":"SpeedPotion"}],"is_trial":false,"path_per_floor":["M","?","T","?","$","R","?","R","T","E","M","E","?","$","R","B",null,"M","?","M","T","M","R","E","R","T","R","M","M","?"],"character_chosen":"DEFECT","items_purchased":["Capacitor","Coolheaded"],"campfire_rested":2,"item_purchase_floors":[5,14],"current_hp_per_floor":[64,64,64,64,64,64,64,64,64,64,64,32,32,32,32,13,62,59,59,44,44,27,49,2,24,24,24,20,15,0],"gold":401,"neow_bonus":"THREE_ENEMY_KILL","is_prod":false,"is_daily":false,"chose_seed":false,"campfire_upgraded":4,"win_rate":0,"timestamp":1560129207,"path_taken":["M","?","?","?","$","R","?","R","T","E","?","E","?","?","R","BOSS","M","?","M","?","M","R","E","R","T","R","M","M","?"],"build_version":"2019-01-23","purchased_purges":1,"victory":false,"max_hp_per_floor":[71,71,71,71,71,71,71,71,71,71,71,71,71,71,71,71,76,76,76,76,76,76,76,76,76,76,76,76,76,81],"card_choices":[{"not_picked":["Steam Power","Stack"],"picked":"Ball Lightning","floor":1.0},{"not_picked":["Beam Cell+1","Compile Driver+1","Rebound+1"],"picked":"SKIP","floor":10.0},{"not_picked":["Beam Cell+1","Compile Driver+1","Rebound+1"],"picked":"SKIP","floor":10.0},{"not_picked":["Steam","Fusion","Stack"],"picked":"SKIP","floor":11},{"not_picked":["Auto Shields","Multi-Cast"],"picked":"Barrage+1","floor":12},{"not_picked":["Seek","Biased Cognition"],"picked":"Machine Learning","floor":16},{"not_picked":["Ball Lightning+1","Beam Cell+1"],"picked":"Turbo+1","floor":18},{"not_picked":["Double Energy","Capacitor"],"picked":"Glacier","floor":20},{"not_picked":["Recycle","Barrage+1","Stack"],"picked":"SKIP","floor":22},{"not_picked":["Glacier","Genetic Algorithm"],"picked":"Melter+1","floor":24},{"not_picked":["Steam+1","Storm","Stack+1"],"picked":"SKIP","floor":28},{"not_picked":["Redo+1","Force Field+1"],"picked":"Blizzard+1","floor":29}],"player_experience":1234803,"relics_obtained":[{"floor":3.0,"key":"Matryoshka"},{"floor":9.0,"key":"Lantern"},{"floor":9.0,"key":"Molten Egg 2"},{"floor":10.0,"key":"Mummified Hand"},{"floor":12,"key":"Bird Faced Urn"},{"floor":21,"key":"War Paint"},{"floor":21,"key":"Nunchaku"},{"floor":24,"key":"MawBank"},{"floor":26,"key":"Toxic Egg 2"}],"event_choices":[{"damage_healed":0.0,"max_hp_gain":0.0,"max_hp_loss":0.0,"gold_gain":0.0,"event_name":"Shining Light","player_choice":"Ignored","floor":2.0,"gold_loss":0.0,"damage_taken":0.0},{"cards_removed":["Dualcast"],"damage_healed":0.0,"max_hp_gain":0.0,"max_hp_loss":0.0,"gold_gain":0.0,"event_name":"Living Wall","player_choice":"Forget","floor":4.0,"gold_loss":0.0,"damage_taken":0.0},{"damage_healed":0.0,"max_hp_gain":0.0,"max_hp_loss":0.0,"gold_gain":0.0,"event_name":"Liars Game","player_choice":"Ignored","floor":7.0,"gold_loss":0.0,"damage_taken":0.0},{"damage_healed":0,"gold_gain":0,"player_choice":"Searched \u00270\u0027 times","damage_taken":0,"max_hp_gain":0,"max_hp_loss":0,"event_name":"Dead Adventurer","floor":13,"gold_loss":0},{"damage_healed":0,"gold_gain":0,"player_choice":"Ignored","damage_taken":0,"max_hp_gain":0,"max_hp_loss":0,"event_name":"Cursed Tome","floor":19,"gold_loss":0}],"is_beta":false,"boss_relics":[{"not_picked":["Ectoplasm","FrozenCore"],"picked":"Tiny House"}],"items_purged_floors":[5],"is_endless":false,"potions_floor_spawned":[10,11,18,29],"ascension_level":15}