{"gold_per_floor":[119,131,131,150,168,200,200,200,200,210,210,210,61,73,73,174,174,191,191],"floor_reached":19,"playtime":945,"items_purged":[],"score":254,"play_id":"edd5e8fd-af24-4509-958f-a27500654bb7","local_time":"20181123170859","is_ascension_mode":true,"campfire_choices":[{"floor":8.0,"key":"REST"},{"floor":11.0,"key":"REST"},{"floor":15.0,"key":"REST"}],"neow_cost":"NONE","seed_source_timestamp":0,"circlet_count":0,"master_deck":["AscendersBane","Strike_R","Strike_R","Strike_R","Strike_R","Defend_R","Defend_R","Defend_R+1","Defend_R+1","Bash+1","Thunderclap","Seeing Red","Whirlwind","Twin Strike","Seeing Red","Wild Strike","Power Through","Ghostly Armor","Fiend Fire","Pain","Decay","Normality","Ghostly Armor+1"],"special_seed":0,"relics":["Burning Blood","Juzu Bracelet","Dodecahedron","Happy Flower","Calling Bell","Turnip","Self Forming Clay","War Paint"],"potions_floor_usage":[19],"damage_taken":[{"damage":11.0,"enemies":"2 Louse","floor":1.0,"turns":3.0},{"damage":6.0,"enemies":"Cultist","floor":2.0,"turns":3.0},{"damage":18.0,"enemies":"Jaw Worm","floor":4.0,"turns":4.0},{"damage":6.0,"enemies":"3 Louse","floor":5.0,"turns":2.0},{"damage":39.0,"enemies":"3 Sentries","floor":6.0,"turns":8.0},{"damage":1.0,"enemies":"2 Fungi Beasts","floor":10.0,"turns":3.0},{"damage":12.0,"enemies":"Large Slime","floor":14.0,"turns":7.0},{"damage":76.0,"enemies":"Hexaghost","floor":16.0,"turns":13.0},{"damage":15,"enemies":"3 Byrds","floor":18,"turns":7},{"damage":68,"enemies":"Masked Bandits","floor":19,"turns":7}],"seed_played":"-6312734781518352503","potions_obtained":[{"floor":5.0,"key":"Weak Potion"},{"floor":10.0,"key":"FearPotion"},{"floor":14.0,"key":"GamblersBrew"}],"is_trial":false,"path_per_floor":["M","M","?","M","M","E","?","R","T","M","R","?","$","M","R","B","B",null,"M","?"],"character_chosen":"IRONCLAD","items_purchased":["Happy Flower"],"campfire_rested":3,"item_purchase_floors":[13],"current_hp_per_floor":[75,75,75,63,63,30,30,56,56,61,87,87,87,81,88,18,71,62,0],"gold":191,"neow_bonus":"TEN_PERCENT_HP_BONUS","is_prod":false,"is_daily":false,"chose_seed":false,"campfire_upgraded":0,"win_rate":0,"timestamp":1543021739,"path_taken":["M","M","?","M","?","E","?","R","T","M","R","?","$","M","R","BOSS","BOSS","M","?"],"build_version":"2018-11-15","purchased_purges":0,"victory":false,"max_hp_per_floor":[88,88,88,88,88,88,88,88,88,88,88,88,88,88,88,88,88,88,88],"card_choices":[{"not_picked":["Warcry","Heavy Blade"],"picked":"Thunderclap","floor":1.0},{"not_picked":["Blood for Blood","Body Slam"],"picked":"Seeing Red","floor":2.0},{"not_picked":["Heavy Blade","Havoc"],"picked":"Twin Strike","floor":4.0},{"not_picked":["Clash","Rampage"],"picked":"Seeing Red","floor":5.0},{"not_picked":["Flex","Havoc"],"picked":"Wild Strike","floor":6.0},{"not_picked":["Carnage","Searing Blow"],"picked":"Power Through","floor":10.0},{"not_picked":["Thunderclap","Dropkick"],"picked":"Ghostly Armor","floor":14.0},{"not_picked":["Brutality","Barricade"],"picked":"Fiend Fire","floor":16},{"not_picked":["Blood for Blood","Rampage"],"picked":"Ghostly Armor+1","floor":18}],"player_experience":531015,"relics_obtained":[{"floor":6.0,"key":"Juzu Bracelet"},{"floor":9.0,"key":"Dodecahedron"},{"floor":17,"key":"Turnip"},{"floor":17,"key":"Self Forming Clay"},{"floor":17,"key":"War Paint"}],"event_choices":[{"damage_healed":0.0,"max_hp_gain":0.0,"max_hp_loss":0.0,"gold_gain":0.0,"cards_transformed":["Strike_R"],"event_name":"Transmorgrifier","player_choice":"Transformed","floor":3.0,"gold_loss":0.0,"damage_taken":0.0,"cards_obtained":["Whirlwind"]},{"damage_healed":0.0,"max_hp_gain":0.0,"max_hp_loss":0.0,"gold_gain":0.0,"event_name":"Living Wall","player_choice":"Grow","floor":7.0,"gold_loss":0.0,"damage_taken":0.0,"cards_upgraded":["Bash"]},{"damage_healed":0.0,"max_hp_gain":0.0,"max_hp_loss":0.0,"gold_gain":0.0,"event_name":"Shining Light","player_choice":"Ignored","floor":12.0,"gold_loss":0.0,"damage_taken":0.0},{"damage_healed":0,"gold_gain":0,"player_choice":"Fought Bandits","damage_taken":0,"max_hp_gain":0,"max_hp_loss":0,"event_name":"Masked Bandits","floor":19,"gold_loss":0}],"is_beta":false,"boss_relics":[{"not_picked":["Eternal Feather","Coffee Dripper"],"picked":"Calling Bell"}],"items_purged_floors":[],"is_endless":false,"potions_floor_spawned":[5,10,14],"killed_by":"Masked Bandits","ascension_level":10}