{"gold_per_floor":[118,138,138,152,165,165,197,197,197,197,211,211],"floor_reached":12,"playtime":319,"items_purged":[],"score":156,"play_id":"808419a0-a8a9-4e79-9f1e-e7988be837a9","local_time":"20190727172412","is_ascension_mode":true,"campfire_choices":[{"data":"Zap","floor":6,"key":"SMITH"},{"floor":8,"key":"REST"},{"data":"Darkness","floor":10,"key":"SMITH"}],"neow_cost":"NONE","seed_source_timestamp":948166394526125,"circlet_count":0,"master_deck":["AscendersBane","Strike_B","Strike_B","Strike_B","Strike_B","Defend_B","Defend_B","Defend_B","Defend_B","Zap+1","Dualcast","Darkness+1","Sweeping Beam","Self Repair","Creative AI","Streamline","Coolheaded"],"relics":["Cracked Core","NeowsBlessing","FaceOfCleric","Strawberry","Anchor"],"potions_floor_usage":[7,12],"damage_taken":[{"damage":0,"enemies":"2 Louse","floor":1,"turns":1},{"damage":0,"enemies":"Cultist","floor":2,"turns":1},{"damage":0,"enemies":"Small Slimes","floor":4,"turns":1},{"damage":10,"enemies":"2 Fungi Beasts","floor":5,"turns":5},{"damage":53,"enemies":"3 Sentries","floor":7,"turns":6},{"damage":30,"enemies":"Gremlin Gang","floor":11,"turns":3},{"damage":31,"enemies":"Lagavulin","floor":12,"turns":5}],"seed_played":"-3249495932475379883","potions_obtained":[{"floor":1,"key":"AttackPotion"},{"floor":5,"key":"Ancient Potion"},{"floor":11,"key":"FocusPotion"}],"is_trial":false,"path_per_floor":["M","M","?","M","M","R","E","R","T","R","M","E"],"character_chosen":"DEFECT","items_purchased":[],"campfire_rested":1,"item_purchase_floors":[],"current_hp_per_floor":[64,64,64,65,63,63,25,49,49,49,27,0],"gold":211,"neow_bonus":"THREE_ENEMY_KILL","is_prod":false,"is_daily":false,"chose_seed":false,"campfire_upgraded":2,"win_rate":0,"timestamp":1564273452,"path_taken":["M","M","?","M","M","R","E","R","T","R","M","E"],"build_version":"2019-07-17","purchased_purges":0,"victory":false,"max_hp_per_floor":[71,71,71,72,73,73,81,81,81,81,82,82],"card_choices":[{"not_picked":["Streamline","Ball Lightning"],"picked":"Darkness","floor":1},{"not_picked":["Barrage","Coolheaded"],"picked":"Sweeping Beam","floor":2},{"not_picked":["Beam Cell","Sweeping Beam"],"picked":"Self Repair","floor":4},{"not_picked":["Conserve Battery","Auto Shields"],"picked":"Creative AI","floor":5},{"not_picked":["Gash","Hologram"],"picked":"Streamline","floor":7},{"not_picked":["Turbo","Redo"],"picked":"Coolheaded","floor":11}],"player_experience":2396077,"relics_obtained":[{"floor":7,"key":"Strawberry"},{"floor":9,"key":"Anchor"}],"event_choices":[{"damage_healed":0,"gold_gain":0,"player_choice":"Trade","damage_taken":0,"relics_obtained":["FaceOfCleric"],"max_hp_gain":0,"max_hp_loss":0,"event_name":"FaceTrader","floor":3,"gold_loss":0}],"is_beta":false,"boss_relics":[],"items_purged_floors":[],"is_endless":false,"potions_floor_spawned":[1,5,11],"killed_by":"Lagavulin","ascension_level":19}