{"gold_per_floor":[113,133,148,160,171,196,196,196,266,281,291,291,80,99,99,99],"floor_reached":16,"playtime":731,"items_purged":["Strike_R"],"score":164,"play_id":"de1ab61d-d826-4f60-89cb-25707e94d2dc","local_time":"20181231130428","is_ascension_mode":true,"campfire_choices":[{"floor":7,"key":"REST"},{"floor":12,"key":"REST"},{"floor":15,"key":"REST"}],"neow_cost":"NONE","seed_source_timestamp":0,"circlet_count":0,"master_deck":["AscendersBane","Strike_R","Strike_R","Strike_R","Strike_R","Defend_R","Defend_R","Defend_R","Defend_R","Bash+1","Uppercut","Pommel Strike","Dropkick","Shrug It Off","Twin Strike","Shrug It Off","Seeing Red","Iron Wave","Reaper","Intimidate"],"special_seed":0,"relics":["Burning Blood","Bronze Scales","Shovel","Sundial"],"potions_floor_usage":[6,16],"damage_taken":[{"damage":16.0,"enemies":"Cultist","floor":1.0,"turns":4.0},{"damage":7.0,"enemies":"Small Slimes","floor":2.0,"turns":4.0},{"damage":4.0,"enemies":"Jaw Worm","floor":3.0,"turns":3.0},{"damage":8.0,"enemies":"3 Louse","floor":4.0,"turns":4.0},{"damage":42,"enemies":"Gremlin Gang","floor":5,"turns":7},{"damage":16,"enemies":"Gremlin Nob","floor":6,"turns":3},{"damage":11,"enemies":"Red Slaver","floor":10,"turns":4},{"damage":21,"enemies":"3 Louse","floor":11,"turns":2},{"damage":3,"enemies":"Looter","floor":14,"turns":4},{"damage":76,"enemies":"Slime Boss","floor":16,"turns":10}],"seed_played":"-8865721977953563934","potions_obtained":[{"floor":3.0,"key":"Explosive Potion"},{"floor":4.0,"key":"GamblersBrew"},{"floor":6,"key":"FearPotion"},{"floor":14,"key":"Swift Potion"}],"is_trial":false,"path_per_floor":["M","M","M","M","M","E","R","?","T","M","M","R","$","M","R","B"],"character_chosen":"IRONCLAD","items_purchased":["Reaper"],"campfire_rested":3,"item_purchase_floors":[13],"current_hp_per_floor":[62,61,63,61,25,15,39,39,39,34,19,43,43,46,70,0],"gold":99,"neow_bonus":"UPGRADE_CARD","is_prod":false,"is_daily":false,"chose_seed":false,"campfire_upgraded":0,"win_rate":0,"timestamp":1546290268,"path_taken":["M","?","M","M","M","E","R","?","T","?","M","R","?","M","R","BOSS"],"build_version":"2018-12-20","purchased_purges":1,"victory":false,"max_hp_per_floor":[80,80,80,80,80,80,80,80,80,80,80,80,80,80,80,80],"card_choices":[{"not_picked":["Thunderclap","Fire Breathing"],"picked":"Uppercut","floor":1.0},{"not_picked":["Havoc","Flex"],"picked":"Pommel Strike","floor":2.0},{"not_picked":["Wild Strike","Clothesline"],"picked":"Dropkick","floor":3.0},{"not_picked":["Cleave","Headbutt"],"picked":"Shrug It Off","floor":4.0},{"not_picked":["Blood for Blood","Anger"],"picked":"Twin Strike","floor":5},{"not_picked":["Clash","Shockwave"],"picked":"Shrug It Off","floor":6},{"not_picked":["Heavy Blade","Carnage"],"picked":"Seeing Red","floor":10},{"not_picked":["Burning Pact","Perfected Strike"],"picked":"Iron Wave","floor":11},{"not_picked":["Ghostly Armor","Combust"],"picked":"Intimidate","floor":14}],"player_experience":563832,"relics_obtained":[{"floor":6,"key":"Bronze Scales"},{"floor":9,"key":"Sundial"}],"event_choices":[{"damage_healed":0,"gold_gain":0,"player_choice":"Gave Potion","damage_taken":0,"relics_obtained":["Shovel"],"max_hp_gain":0,"max_hp_loss":0,"event_name":"WeMeetAgain","floor":8,"gold_loss":0}],"is_beta":false,"boss_relics":[],"items_purged_floors":[13],"is_endless":false,"potions_floor_spawned":[3,4,6,14],"killed_by":"Slime Boss","ascension_level":11}