{"gold_per_floor":[119,119,135,148,166,166,166,166,166,194,219,219,251,265,265,366,366,379,390,410,410,4,34,34,69,69,87,87,87],"floor_reached":29,"playtime":1743,"items_purged":[],"score":297,"play_id":"70eb0a14-016d-486e-b600-02254305b9f2","local_time":"20190831214836","is_ascension_mode":true,"campfire_choices":[{"data":"Predator","floor":6,"key":"SMITH"},{"data":"Neutralize","floor":8,"key":"SMITH"},{"floor":15,"key":"REST"},{"data":"Adrenaline","floor":24,"key":"SMITH"}],"neow_cost":"NONE","seed_source_timestamp":100583025625300,"circlet_count":0,"master_deck":["Strike_G","Strike_G","Strike_G","Strike_G","Strike_G","Defend_G","Defend_G","Defend_G","Defend_G","Defend_G","Survivor","Neutralize+1","Poisoned Stab","Predator+1","Dash","Quick Slash","Leg Sweep","Blade Dance","Predator","Adrenaline+1","Bouncing Flask","Escape Plan+1","Deep Breath","Neutralize","Catalyst","Dagger Spray","Footwork","Deadly Poison","Prepared+1","Terror"],"relics":["Ring of the Snake","WingedGreaves","Tough Bandages","The Courier","Omamori","Happy Flower","WristBlade","Snake Skull","Blood Vial","Bronze Scales","Anchor"],"potions_floor_usage":[10,13,23,23,29],"damage_taken":[{"damage":1,"enemies":"2 Louse","floor":1,"turns":3},{"damage":0,"enemies":"Cultist","floor":3,"turns":4},{"damage":2,"enemies":"Small Slimes","floor":4,"turns":3},{"damage":20,"enemies":"Gremlin Gang","floor":5,"turns":5},{"damage":8,"enemies":"3 Sentries","floor":10,"turns":7},{"damage":6,"enemies":"Gremlin Nob","floor":11,"turns":4},{"damage":13,"enemies":"Lagavulin","floor":13,"turns":7},{"damage":4,"enemies":"Exordium Wildlife","floor":14,"turns":3},{"damage":26,"enemies":"The Guardian","floor":16,"turns":14},{"damage":0,"enemies":"Chosen","floor":18,"turns":4},{"damage":10,"enemies":"3 Byrds","floor":19,"turns":5},{"damage":2,"enemies":"Cultist and Chosen","floor":20,"turns":6},{"damage":12,"enemies":"Slavers","floor":23,"turns":7},{"damage":55,"enemies":"Gremlin Leader","floor":25,"turns":6},{"damage":3,"enemies":"3 Cultists","floor":27,"turns":6},{"damage":4,"enemies":"Sentry and Sphere","floor":29,"turns":3}],"seed_played":"462032273439699467","potions_obtained":[{"floor":1,"key":"GamblersBrew"},{"floor":3,"key":"Dexterity Potion"},{"floor":5,"key":"AttackPotion"},{"floor":19,"key":"Explosive Potion"},{"floor":27,"key":"SkillPotion"}],"is_trial":false,"path_per_floor":["M","?","M","M","M","R","?","R","T","E","E","?","E","M","R","B",null,"M","M","M","?","$","E","R","E","T","M","?","M"],"character_chosen":"THE_SILENT","items_purchased":["Catalyst","Snake Skull","Blood Vial","Dagger Spray","Footwork","Deadly Poison"],"campfire_rested":1,"item_purchase_floors":[22,22,22,22,22,22],"current_hp_per_floor":[76,76,76,74,54,54,51,51,51,43,37,37,24,20,43,17,77,77,67,65,65,65,55,55,2,2,1,1,0],"gold":87,"neow_bonus":"TEN_PERCENT_HP_BONUS","is_prod":false,"is_daily":false,"chose_seed":false,"campfire_upgraded":3,"win_rate":0,"timestamp":1567313316,"path_taken":["M","?","M","?","?","R","?","R","T","E","E","?","E","M","R","BOSS","M","M","M","?","$","E","R","E","T","?","?","M"],"build_version":"2019-08-26","purchased_purges":0,"victory":false,"max_hp_per_floor":[77,77,77,77,77,77,77,77,77,77,77,77,77,77,77,77,77,77,77,77,77,77,77,77,77,77,77,77,77],"card_choices":[{"not_picked":["Heel Hook","Setup"],"picked":"Poisoned Stab","floor":1},{"not_picked":["Concentrate","Underhanded Strike"],"picked":"Predator","floor":3},{"not_picked":["Poisoned Stab","PiercingWail"],"picked":"Dash","floor":4},{"not_picked":["Sucker Punch","Predator","Outmaneuver"],"picked":"SKIP","floor":5},{"not_picked":["Phantasmal Killer","Sucker Punch"],"picked":"Quick Slash","floor":10},{"not_picked":["Concentrate","Eviscerate"],"picked":"Leg Sweep","floor":11},{"not_picked":["Wraith Form v2","Prepared"],"picked":"Blade Dance","floor":13},{"not_picked":["Dodge and Roll","Slice"],"picked":"Predator","floor":14},{"not_picked":["Night Terror","After Image"],"picked":"Adrenaline","floor":16},{"not_picked":["Eviscerate","Deflect+1"],"picked":"Bouncing Flask","floor":18},{"not_picked":["Deflect","Heel Hook","Acrobatics"],"picked":"SKIP","floor":19},{"not_picked":["Tactician","Outmaneuver"],"picked":"Escape Plan+1","floor":20},{"not_picked":["Dagger Spray+1","Riddle With Holes+1"],"picked":"Prepared+1","floor":23},{"not_picked":["Outmaneuver","Unload","Poisoned Stab+1"],"picked":"SKIP","floor":25},{"not_picked":["Outmaneuver","Slice+1"],"picked":"Terror","floor":27}],"player_experience":1453979,"relics_obtained":[{"floor":9,"key":"Tough Bandages"},{"floor":10,"key":"The Courier"},{"floor":11,"key":"Omamori"},{"floor":13,"key":"Happy Flower"},{"floor":23,"key":"Bronze Scales"},{"floor":25,"key":"Anchor"}],"event_choices":[{"damage_healed":0,"gold_gain":0,"player_choice":"Bought 0 Potions","damage_taken":0,"max_hp_gain":0,"max_hp_loss":0,"event_name":"The Woman in Blue","floor":2,"gold_loss":0},{"damage_healed":0,"gold_gain":0,"player_choice":"Success","damage_taken":3,"relics_obtained":["WingedGreaves"],"max_hp_gain":0,"max_hp_loss":0,"event_name":"Scrap Ooze","floor":7,"gold_loss":0},{"damage_healed":0,"gold_gain":0,"player_choice":"Ignored","damage_taken":0,"max_hp_gain":0,"max_hp_loss":0,"event_name":"Golden Idol","floor":12,"gold_loss":0},{"damage_healed":0,"gold_gain":0,"player_choice":"2 cards matched","damage_taken":0,"max_hp_gain":0,"max_hp_loss":0,"event_name":"Match and Keep!","floor":21,"gold_loss":0,"cards_obtained":["Deep Breath","Neutralize"]},{"damage_healed":0,"gold_gain":0,"player_choice":"Ignored","damage_taken":0,"max_hp_gain":0,"max_hp_loss":0,"event_name":"Cursed Tome","floor":28,"gold_loss":0}],"is_beta":true,"boss_relics":[{"not_picked":["Eternal Feather","Fusion Hammer"],"picked":"WristBlade"}],"items_purged_floors":[],"is_endless":false,"potions_floor_spawned":[1,3,5,19,27],"killed_by":"Sentry and Sphere","ascension_level":1}