{"gold_per_floor":[216,216,216,236,248,280,280,37,92,106,125,125,153,164,164,260,260,273,287,57,57,74,104,104,0,0,32,42,42,42,61,61,166,166,183,203,203,603,649,649,663,663,663,691,702,67,67,67,67,67],"floor_reached":51,"playtime":3758,"items_purged":["Parasite"],"score":875,"play_id":"bfd68697-ffad-4126-a610-faa8a3f7edd5","local_time":"20181130234740","is_ascension_mode":true,"campfire_choices":[{"floor":7,"key":"REST"},{"data":"Redo","floor":15,"key":"SMITH"},{"floor":24,"key":"REST"},{"floor":30,"key":"REST"},{"floor":32,"key":"REST"},{"data":"Consume","floor":40,"key":"SMITH"},{"data":"Go for the Eyes","floor":42,"key":"SMITH"},{"floor":47,"key":"REST"},{"data":"Loop","floor":49,"key":"SMITH"}],"neow_cost":"NONE","seed_source_timestamp":469901207481128,"circlet_count":0,"master_deck":["Strike_B","Strike_B","Strike_B+1","Defend_B","Defend_B","Zap","Dualcast+1","Doom and Gloom","Reinforced Body","Rainbow","Rebound","Redo+1","Genetic Algorithm","Redo","Electrodynamics","Rebound+1","Redo+1","Go for the Eyes+1","Melter","Multi-Cast","BootSequence+1","Seek+1","Auto Shields","Beam Cell","Reinforced Body","Consume+1","Redo+1","Loop+1"],"relics":["Cracked Core","Juzu Bracelet","Nunchaku","Symbiotic Virus","Vajra","Bronze Scales","Runic Pyramid","Chemical X","MutagenicStrength","Blood Vial","Boot","Pen Nib","Astrolabe","Old Coin","Prayer Wheel","Mummified Hand","Matryoshka","Ornamental Fan","Dodecahedron"],"potions_floor_usage":[6,13,22,22,23,31,33,39,50,50,50],"damage_taken":[{"damage":0,"enemies":"2 Louse","floor":1,"turns":2},{"damage":0,"enemies":"Small Slimes","floor":4,"turns":1},{"damage":2,"enemies":"Jaw Worm","floor":5,"turns":3},{"damage":20,"enemies":"Gremlin Nob","floor":6,"turns":4},{"damage":2,"enemies":"2 Fungi Beasts","floor":10,"turns":3},{"damage":6,"enemies":"Looter","floor":11,"turns":3},{"damage":1,"enemies":"Lagavulin","floor":13,"turns":4},{"damage":11,"enemies":"Lots of Slimes","floor":14,"turns":4},{"damage":0,"enemies":"Slime Boss","floor":16,"turns":5},{"damage":10,"enemies":"Shell Parasite","floor":18,"turns":4},{"damage":0,"enemies":"Spheric Guardian","floor":19,"turns":3},{"damage":7,"enemies":"Cultist and Chosen","floor":22,"turns":4},{"damage":4,"enemies":"Book of Stabbing","floor":23,"turns":4},{"damage":21,"enemies":"Gremlin Leader","floor":27,"turns":6},{"damage":20,"enemies":"Centurion and Healer","floor":28,"turns":4},{"damage":9,"enemies":"Chosen and Byrds","floor":31,"turns":3},{"damage":45,"enemies":"Automaton","floor":33,"turns":8},{"damage":2,"enemies":"Orb Walker","floor":35,"turns":3},{"damage":0,"enemies":"3 Darklings","floor":36,"turns":4},{"damage":0,"enemies":"Mind Bloom Boss Battle","floor":38,"turns":5},{"damage":14,"enemies":"2 Orb Walkers","floor":39,"turns":4},{"damage":4,"enemies":"4 Shapes","floor":41,"turns":4},{"damage":0,"enemies":"Giant Head","floor":44,"turns":8},{"damage":12,"enemies":"Writhing Mass","floor":45,"turns":4},{"damage":21,"enemies":"Donu and Deca","floor":50,"turns":7}],"seed_played":"-8781910593784045078","potions_obtained":[{"floor":5,"key":"Weak Potion"},{"floor":6,"key":"Block Potion"},{"floor":10,"key":"Swift Potion"},{"floor":14,"key":"AttackPotion"},{"floor":19,"key":"GamblersBrew"},{"floor":23,"key":"GamblersBrew"},{"floor":28,"key":"Dexterity Potion"},{"floor":33,"key":"Swift Potion"},{"floor":38,"key":"Energy Potion"},{"floor":39,"key":"GamblersBrew"},{"floor":45,"key":"Regen Potion"}],"is_trial":false,"path_per_floor":["M","?","?","M","M","E","R","$","T","M","M","?","E","M","R","B",null,"M","M","$","?","M","E","R","?","T","E","M","?","R","M","R","B",null,"M","M","?","?","?","R","M","R","T","E","M","$","R","?","R","B",null],"character_chosen":"DEFECT","items_purchased":["Symbiotic Virus","Chemical X","Go for the Eyes","Loop","Ornamental Fan","Dodecahedron"],"campfire_rested":5,"item_purchase_floors":[8,20,20,46,46,46],"current_hp_per_floor":[75,60,53,53,51,31,53,53,53,51,45,63,62,51,51,51,75,65,65,65,65,58,54,75,75,75,54,36,36,58,51,73,30,75,73,75,75,75,61,61,59,59,59,61,51,51,72,72,72,64],"gold":67,"neow_bonus":"HUNDRED_GOLD","is_prod":false,"is_daily":false,"chose_seed":false,"campfire_upgraded":4,"win_rate":0,"timestamp":1543650460,"path_taken":["M","?","?","M","M","E","R","$","T","M","M","?","E","M","R","BOSS","M","M","$","?","M","E","R","?","T","E","M","?","R","M","R","BOSS","M","M","?","?","?","R","M","R","T","E","M","$","R","?","R","BOSS"],"build_version":"2018-11-15","purchased_purges":1,"victory":true,"max_hp_per_floor":[75,75,75,75,75,75,75,75,75,75,75,75,75,75,75,75,75,75,75,75,75,75,75,75,75,75,75,75,75,75,75,75,75,75,75,75,75,75,75,75,75,75,75,75,75,72,72,72,72,72],"card_choices":[{"not_picked":["Barrage","Streamline"],"picked":"Doom and Gloom","floor":1},{"not_picked":["Coolheaded","Stack"],"picked":"Reinforced Body","floor":4},{"not_picked":["Capacitor","Lockon"],"picked":"Rainbow","floor":5},{"not_picked":["Recycle","Turbo"],"picked":"Rebound","floor":6},{"not_picked":["Streamline","Gash"],"picked":"Redo","floor":10},{"not_picked":["Cold Snap","Double Energy","Streamline"],"picked":"SKIP","floor":11},{"not_picked":["Ball Lightning","Barrage"],"picked":"Genetic Algorithm","floor":13},{"not_picked":["Undo","Auto Shields"],"picked":"Redo","floor":14},{"not_picked":["Buffer","Hyperbeam"],"picked":"Electrodynamics","floor":16},{"not_picked":["Double Energy","Ball Lightning"],"picked":"Rebound+1","floor":18},{"not_picked":["Coolheaded","Loop"],"picked":"Redo+1","floor":19},{"not_picked":["Coolheaded","Steam","Rip and Tear"],"picked":"SKIP","floor":22},{"not_picked":["Sweeping Beam","Barrage","Cold Snap+1"],"picked":"SKIP","floor":23},{"not_picked":["Genetic Algorithm","Gash","Turbo+1"],"picked":"SKIP","floor":27},{"not_picked":["Sweeping Beam","Echo Form"],"picked":"Melter","floor":28},{"not_picked":["Hologram","Barrage","Turbo+1"],"picked":"SKIP","floor":31},{"not_picked":["Hyperbeam","Biased Cognition"],"picked":"Multi-Cast","floor":33},{"not_picked":["Cold Snap+1","Sweeping Beam"],"picked":"Auto Shields","floor":35},{"not_picked":["Compile Driver","Cold Snap+1"],"picked":"Beam Cell","floor":36},{"not_picked":["Streamline+1","Hologram"],"picked":"Reinforced Body","floor":38},{"not_picked":["Cold Snap+1","Tempest"],"picked":"Consume","floor":39},{"not_picked":["Auto Shields","Gash"],"picked":"Redo+1","floor":41},{"not_picked":["Conserve Battery+1","Undo+1","Rebound"],"picked":"SKIP","floor":41},{"not_picked":["Go for the Eyes","Coolheaded+1","Electrodynamics"],"picked":"SKIP","floor":44},{"not_picked":["Leap+1","Self Repair+1","Force Field+1"],"picked":"SKIP","floor":45},{"not_picked":["Streamline","Compile Driver","Conserve Battery"],"picked":"SKIP","floor":45}],"player_experience":536873,"relics_obtained":[{"floor":6,"key":"Nunchaku"},{"floor":9,"key":"Vajra"},{"floor":13,"key":"Bronze Scales"},{"floor":23,"key":"Blood Vial"},{"floor":26,"key":"Boot"},{"floor":27,"key":"Pen Nib"},{"floor":38,"key":"Old Coin"},{"floor":39,"key":"Prayer Wheel"},{"floor":43,"key":"Mummified Hand"},{"floor":44,"key":"Matryoshka"}],"event_choices":[{"damage_healed":0,"gold_gain":0,"player_choice":"Entered Light","damage_taken":15,"max_hp_gain":0,"max_hp_loss":0,"event_name":"Shining Light","floor":2,"gold_loss":0,"cards_upgraded":["Strike_B","Dualcast"]},{"damage_healed":0,"gold_gain":0,"player_choice":"Success","damage_taken":7,"relics_obtained":["Juzu Bracelet"],"max_hp_gain":0,"max_hp_loss":0,"event_name":"Scrap Ooze","floor":3,"gold_loss":0},{"damage_healed":18,"gold_gain":0,"player_choice":"Healed and dodged fight","damage_taken":0,"max_hp_gain":0,"max_hp_loss":0,"event_name":"Mushrooms","floor":12,"gold_loss":0,"cards_obtained":["Parasite"]},{"damage_healed":0,"gold_gain":0,"player_choice":"Inject Mutagens","damage_taken":0,"relics_obtained":["MutagenicStrength"],"max_hp_gain":0,"max_hp_loss":0,"event_name":"Drug Dealer","floor":21,"gold_loss":0},{"damage_healed":0,"gold_gain":0,"player_choice":"Paid Fearfully","damage_taken":0,"max_hp_gain":0,"max_hp_loss":0,"event_name":"Masked Bandits","floor":25,"gold_loss":104},{"damage_healed":0,"gold_gain":0,"player_choice":"Ignored","damage_taken":0,"max_hp_gain":0,"max_hp_loss":0,"event_name":"Cursed Tome","floor":29,"gold_loss":0},{"damage_healed":0,"gold_gain":0,"player_choice":"0 cards matched","damage_taken":0,"max_hp_gain":0,"max_hp_loss":0,"event_name":"Match and Keep!","floor":37,"gold_loss":0,"cards_obtained":[]},{"damage_healed":0,"gold_gain":0,"player_choice":"Fight","damage_taken":0,"max_hp_gain":0,"max_hp_loss":0,"event_name":"MindBloom","floor":38,"gold_loss":0},{"damage_healed":0,"gold_gain":0,"player_choice":"Fight","damage_taken":0,"max_hp_gain":0,"max_hp_loss":0,"event_name":"Mysterious Sphere","floor":39,"gold_loss":0},{"cards_removed":["Hello World"],"damage_healed":0,"gold_gain":0,"player_choice":"Removed Power","damage_taken":0,"max_hp_gain":0,"max_hp_loss":0,"event_name":"Falling","floor":48,"gold_loss":0}],"is_beta":false,"boss_relics":[{"not_picked":["Empty Cage","Lizard Tail"],"picked":"Runic Pyramid"},{"not_picked":["Pandora\u0027s Box","Black Star"],"picked":"Astrolabe"}],"items_purged_floors":[46],"is_endless":false,"potions_floor_spawned":[5,6,10,11,14,19,23,28,33,38,39,45],"ascension_level":2}