{"path_per_floor":["M","$","M","M","M","?","?","M","T","M","R","?","M","M","R","B",null,"M","M","M","?","M","R","M","R","T","R","M","?","M","$","R"],"character_chosen":"DEFECT","items_purchased":["Self Repair","Self Repair","Bag of Preparation"],"gold_per_floor":[115,3,21,37,53,53,53,66,66,77,77,77,89,106,106,204,234,253,265,285,285,299,299,312,312,336,336,356,356,372,52,52,52],"floor_reached":33,"campfire_rested":2,"playtime":2185,"item_purchase_floors":[2,31,31],"current_hp_per_floor":[71,71,72,70,72,72,72,66,66,52,52,37,39,46,68,75,80,75,54,61,46,37,37,39,39,39,39,21,21,5,5,30,0],"items_purged":["Strike_B","Strike_B"],"gold":52,"score":295,"play_id":"e8889dbc-1f2a-40e9-9edd-5a47a11d7a97","local_time":"20180603181046","is_prod":false,"is_daily":false,"chose_seed":false,"is_ascension_mode":false,"campfire_upgraded":4,"win_rate":0.0,"timestamp":1528074646,"campfire_choices":[{"data":"Storm","floor":11,"key":"SMITH"},{"floor":15,"key":"REST"},{"data":"Zap","floor":23,"key":"SMITH"},{"data":"Glacier","floor":25,"key":"SMITH"},{"data":"Electrodynamics","floor":27,"key":"SMITH"},{"floor":32,"key":"REST"}],"path_taken":["M","$","M","M","M","?","?","M","T","M","R","?","M","M","R","BOSS","M","M","M","?","M","R","M","R","T","R","M","?","M","$","R","BOSS"],"build_version":"2018-05-31","seed_source_timestamp":21137644563495,"purchased_purges":2,"victory":false,"master_deck":["Strike_B+1","Defend_B+1","Defend_B","Defend_B","Defend_B","Zap+1","Tempest","Self Repair","Leap","Sweeping Beam","Defragment","Rip and Tear","Storm+1","Barrage+1","Ball Lightning","Electrodynamics+1","Genetic Algorithm","Leap","Redo","Glacier+1","Seek","Stack","Defragment","Self Repair"],"max_hp_per_floor":[75,75,75,75,75,75,75,75,75,75,75,75,75,75,75,75,80,80,80,80,85,85,85,85,85,85,85,85,85,85,85,85,85],"relics":["Cracked Core","Lantern","Tiny House","Happy Flower","Bag of Preparation"],"card_choices":[{"not_picked":["Blizzard","Cold Snap"],"picked":"Tempest","floor":1},{"not_picked":["Hologram","Glacier"],"picked":"Leap","floor":3},{"not_picked":["Blizzard","Stack"],"picked":"Sweeping Beam","floor":4},{"not_picked":["Force Field","Self Repair"],"picked":"Defragment","floor":5},{"not_picked":["Compile Driver","Steam"],"picked":"Rip and Tear","floor":8},{"not_picked":["Gash","Aggregate"],"picked":"Storm","floor":10},{"not_picked":["Capacitor","Gash"],"picked":"Barrage","floor":13},{"not_picked":["Cold Snap","Fission"],"picked":"Ball Lightning","floor":14},{"not_picked":["Seek","All For One"],"picked":"Electrodynamics","floor":16},{"not_picked":["Barrage","Rip and Tear"],"picked":"Genetic Algorithm","floor":17},{"not_picked":["Compile Driver+1","Beam Cell","Sweeping Beam+1"],"picked":"SKIP","floor":18},{"not_picked":["Barrage","Compile Driver"],"picked":"Leap","floor":19},{"not_picked":["Ball Lightning","Scrape"],"picked":"Redo","floor":20},{"not_picked":["Skim","Ball Lightning+1"],"picked":"Glacier","floor":22},{"not_picked":["Rip and Tear","Coolheaded+1"],"picked":"Seek","floor":24},{"not_picked":["Sweeping Beam+1","Steam+1"],"picked":"Stack","floor":28},{"not_picked":["Go for the Eyes+1","Melter"],"picked":"Defragment","floor":30}],"player_experience":339820,"potions_floor_usage":[30,33],"damage_taken":[{"damage":4,"enemies":"Small Slimes","floor":1,"turns":4},{"damage":6,"enemies":"Jaw Worm","floor":3,"turns":4},{"damage":9,"enemies":"2 Louse","floor":4,"turns":3},{"damage":5,"enemies":"Looter","floor":5,"turns":4},{"damage":13,"enemies":"3 Louse","floor":8,"turns":4},{"damage":21,"enemies":"Exordium Wildlife","floor":10,"turns":4},{"damage":5,"enemies":"Looter","floor":13,"turns":3},{"damage":0,"enemies":"2 Fungi Beasts","floor":14,"turns":2},{"damage":0,"enemies":"Slime Boss","floor":16,"turns":7},{"damage":12,"enemies":"Chosen","floor":18,"turns":4},{"damage":28,"enemies":"2 Thieves","floor":19,"turns":4},{"damage":0,"enemies":"Cultist and Chosen","floor":20,"turns":5},{"damage":16,"enemies":"Sentry and Sphere","floor":22,"turns":5},{"damage":5,"enemies":"Centurion and Healer","floor":24,"turns":4},{"damage":18,"enemies":"Snecko","floor":28,"turns":5},{"damage":21,"enemies":"Snake Plant","floor":30,"turns":2},{"damage":49,"enemies":"Collector","floor":33,"turns":7}],"relics_obtained":[{"floor":9,"key":"Lantern"},{"floor":26,"key":"Happy Flower"}],"event_choices":[{"event_name":"Living Wall","player_choice":"Forget","floor":6,"damage_taken":0},{"event_name":"Dead Adventurer","player_choice":"Searched \u00270\u0027 times","floor":7,"damage_taken":0},{"event_name":"Shining Light","player_choice":"Entered Light","floor":12,"damage_taken":0},{"event_name":"Forgotten Altar","player_choice":"Shed Blood","floor":21,"damage_taken":0},{"event_name":"Vampires","player_choice":"Ignored","floor":29,"damage_taken":0}],"boss_relics":[{"not_picked":["Astrolabe","Philosopher\u0027s Stone"],"picked":"Tiny House"}],"items_purged_floors":[2,31],"potions_floor_spawned":[1,5,13,14,18,20,24,30],"seed_played":"-7386628304595915790","killed_by":"Collector","ascension_level":0,"potions_obtained":[{"floor":1,"key":"Regen Potion"},{"floor":5,"key":"Poison Potion"},{"floor":13,"key":"Ancient Potion"},{"floor":30,"key":"Swift Potion"}],"is_trial":false}