{"gold_per_floor":[114,114,129,144,144,174,189,189,189,39,54,54,54,84,84,184,184,199,16,16,31,46,46,61,61,61,76,91,91,113,128,128,228,228,243,343,144,144,144,144,144,159,234,79,94,94,12,27,27,27],"floor_reached":51,"playtime":8564,"items_purged":[],"score":832,"play_id":"45cc7ec8-f7d0-4111-9fb0-4cda865946d9","local_time":"20191016231941","daily_mods":["Insanity","ControlledChaos","Binary"],"is_ascension_mode":false,"campfire_choices":[{"data":"Corruption","floor":8,"key":"SMITH"},{"data":"Feel No Pain","floor":12,"key":"SMITH"},{"data":"Dual Wield","floor":15,"key":"SMITH"},{"data":"1","floor":23,"key":"LIFT"},{"data":"2","floor":25,"key":"LIFT"},{"data":"3","floor":32,"key":"LIFT"},{"data":"Dual Wield","floor":40,"key":"SMITH"},{"floor":46,"key":"REST"},{"floor":49,"key":"REST"}],"neow_cost":"","seed_source_timestamp":0,"circlet_count":0,"master_deck":["Pummel","Entrench","Perfected Strike","Armaments","Pommel Strike","Warcry","Rampage","Headbutt","Warcry","Warcry","Anger","Clothesline","Warcry","Power Through","Disarm","Flame Barrier","Sever Soul","Body Slam","Corruption+1","True Grit","Heavy Blade","Shrug It Off","Sentinel","Perfected Strike","Disarm","Perfected Strike","Twin Strike","Pommel Strike","Sword Boomerang","Anger","Anger","Metallicize","Headbutt","Perfected Strike","Power Through","Intimidate","Iron Wave","Headbutt","Hemokinesis","Iron Wave","Shrug It Off","Feel No Pain+1","Anger","Perfected Strike","Hemokinesis","Pommel Strike","Body Slam","Shrug It Off","True Grit","Finesse","Warcry","Disarm","Flame Barrier","Clothesline","Shrug It Off","Parasite","Dual Wield+1","Dark Embrace","Feel No Pain","Uppercut","Evolve","Dual Wield+1","Perfected Strike+1","Anger+1","Inflame","Havoc","Spot Weakness+1","Havoc","Warcry","Demon Form","Dual Wield","Havoc","Demon Form","Clothesline+1","Swift Strike+1","Trip","Finesse","Decay","Warcry+1","Havoc+1","Decay","Second Wind","Metallicize","Clothesline+1","Deep Breath","Warcry"],"special_seed":18185,"relics":["Burning Blood","Frozen Eye","Du-Vu Doll","Bronze Scales","Bag of Preparation","Girya","Snecko Eye","CultistMask","Molten Egg 2","Red Mask","Cursed Key","WingedGreaves","Prayer Wheel","Singing Bowl"],"potions_floor_usage":[16,21,24,27,33,33,33,50],"damage_taken":[{"damage":0,"enemies":"2 Louse","floor":1,"turns":3},{"damage":6,"enemies":"Cultist","floor":3,"turns":3},{"damage":0,"enemies":"Small Slimes","floor":4,"turns":3},{"damage":25,"enemies":"Gremlin Nob","floor":6,"turns":4},{"damage":0,"enemies":"3 Louse","floor":7,"turns":3},{"damage":4,"enemies":"Gremlin Gang","floor":11,"turns":4},{"damage":13,"enemies":"Lagavulin","floor":14,"turns":8},{"damage":2,"enemies":"The Guardian","floor":16,"turns":9},{"damage":7,"enemies":"Shell Parasite","floor":18,"turns":5},{"damage":5,"enemies":"3 Byrds","floor":21,"turns":3},{"damage":6,"enemies":"Snake Plant","floor":22,"turns":2},{"damage":26,"enemies":"3 Cultists","floor":24,"turns":5},{"damage":4,"enemies":"Cultist and Chosen","floor":27,"turns":4},{"damage":0,"enemies":"Snake Plant","floor":28,"turns":2},{"damage":17,"enemies":"Masked Bandits","floor":30,"turns":3},{"damage":0,"enemies":"Sentry and Sphere","floor":31,"turns":2},{"damage":57,"enemies":"Automaton","floor":33,"turns":10},{"damage":11,"enemies":"Orb Walker","floor":35,"turns":2},{"damage":5,"enemies":"Mind Bloom Boss Battle","floor":36,"turns":5},{"damage":5,"enemies":"3 Shapes","floor":42,"turns":2},{"damage":31,"enemies":"Spire Growth","floor":45,"turns":3},{"damage":34,"enemies":"Transient","floor":48,"turns":5},{"damage":60,"enemies":"Time Eater","floor":50,"turns":8}],"seed_played":"-2539474613017619678","potions_obtained":[{"floor":1,"key":"EssenceOfSteel"},{"floor":11,"key":"Poison Potion"},{"floor":14,"key":"Fire Potion"},{"floor":16,"key":"PowerPotion"},{"floor":21,"key":"Fire Potion"},{"floor":27,"key":"Fruit Juice"},{"floor":31,"key":"BloodPotion"},{"floor":33,"key":"Explosive Potion"},{"floor":36,"key":"SteroidPotion"},{"floor":48,"key":"AttackPotion"}],"is_trial":false,"path_per_floor":["M","?","M","M","?","E","M","R","T","$","M","R","?","E","R","B",null,"M","$","?","M","M","R","M","R","T","M","M","?","?","M","R","B",null,"M","?","$","?","T","R","?","M","T","$","M","R","$","M","R","B",null],"character_chosen":"IRONCLAD","items_purchased":["Bag of Preparation","Uppercut","Evolve","Dual Wield","Demon Form","Clothesline+1","Second Wind","Metallicize","Deep Breath"],"campfire_rested":2,"item_purchase_floors":[10,19,19,19,37,37,44,44,47],"current_hp_per_floor":[80,80,80,80,80,61,67,67,67,67,69,69,80,73,73,77,80,79,79,79,80,80,80,60,60,60,67,73,73,62,68,68,38,85,80,81,81,71,71,71,71,72,72,72,49,75,75,49,75,21],"gold":27,"neow_bonus":"","is_prod":false,"is_daily":true,"chose_seed":false,"campfire_upgraded":4,"win_rate":0.0,"timestamp":1571264381,"path_taken":["M","?","M","?","?","E","M","R","T","?","M","R","?","E","R","BOSS","M","$","?","M","M","R","?","R","T","?","M","?","?","M","R","BOSS","M","?","$","?","?","R","?","M","T","$","?","R","$","M","R","BOSS"],"build_version":"2019-07-17","purchased_purges":0,"victory":true,"max_hp_per_floor":[80,80,80,80,80,80,80,80,80,80,80,80,80,80,80,80,80,80,80,80,80,80,80,80,80,80,85,85,85,85,85,85,85,85,85,85,85,85,85,85,85,85,85,85,87,87,87,89,89,89],"card_choices":[{"not_picked":["Thunderclap"],"picked":"True Grit","floor":1},{"not_picked":["Warcry"],"picked":"Disarm","floor":3},{"not_picked":["Carnage"],"picked":"Flame Barrier","floor":4},{"not_picked":["Metallicize"],"picked":"Clothesline","floor":6},{"not_picked":["Heavy Blade"],"picked":"Shrug It Off","floor":7},{"not_picked":["Headbutt","Flex"],"picked":"SKIP","floor":11},{"not_picked":["Combust"],"picked":"Dual Wield","floor":14},{"not_picked":["Exhume"],"picked":"Dark Embrace","floor":16},{"not_picked":["Clash"],"picked":"Feel No Pain","floor":18},{"not_picked":["Sword Boomerang"],"picked":"Perfected Strike+1","floor":21},{"not_picked":["Clash"],"picked":"Anger+1","floor":22},{"not_picked":["Power Through+1"],"picked":"Inflame","floor":24},{"not_picked":["Wild Strike+1"],"picked":"Havoc","floor":27},{"not_picked":["Blood for Blood+1"],"picked":"Spot Weakness+1","floor":28},{"not_picked":["Double Tap"],"picked":"Havoc","floor":30},{"not_picked":["Sword Boomerang+1"],"picked":"Warcry","floor":31},{"not_picked":["Exhume"],"picked":"Demon Form","floor":33},{"not_picked":["Perfected Strike+1"],"picked":"Dual Wield","floor":35},{"not_picked":["Intimidate"],"picked":"Havoc","floor":36},{"not_picked":["Jack Of All Trades"],"picked":"Swift Strike+1","floor":38},{"not_picked":["Flash of Steel+1"],"picked":"Trip","floor":38},{"not_picked":["Swift Strike+1"],"picked":"Finesse","floor":38},{"not_picked":["Body Slam+1"],"picked":"Warcry+1","floor":42},{"not_picked":["Battle Trance+1"],"picked":"Havoc+1","floor":42},{"not_picked":["Sword Boomerang+1","Clash+1"],"picked":"Singing Bowl","floor":45},{"not_picked":["Anger+1"],"picked":"Clothesline+1","floor":45},{"not_picked":["Body Slam+1"],"picked":"Warcry","floor":48},{"not_picked":["Flex+1","Anger+1"],"picked":"Singing Bowl","floor":48}],"player_experience":95114,"relics_obtained":[{"floor":6,"key":"Du-Vu Doll"},{"floor":9,"key":"Bronze Scales"},{"floor":14,"key":"Girya"},{"floor":26,"key":"Molten Egg 2"},{"floor":30,"key":"Red Mask"},{"floor":36,"key":"WingedGreaves"},{"floor":39,"key":"Prayer Wheel"},{"floor":43,"key":"Singing Bowl"}],"event_choices":[{"damage_healed":0,"gold_gain":0,"player_choice":"2 cards matched","damage_taken":0,"max_hp_gain":0,"max_hp_loss":0,"event_name":"Match and Keep!","floor":2,"gold_loss":0,"cards_obtained":["Finesse","Warcry"]},{"cards_removed":["Clash"],"damage_healed":0,"gold_gain":0,"player_choice":"Purged","damage_taken":0,"max_hp_gain":0,"max_hp_loss":0,"event_name":"Purifier","floor":5,"gold_loss":0},{"damage_healed":20,"gold_gain":0,"player_choice":"Healed and dodged fight","damage_taken":0,"max_hp_gain":0,"max_hp_loss":0,"event_name":"Mushrooms","floor":13,"gold_loss":0,"cards_obtained":["Parasite"]},{"damage_healed":0,"gold_gain":0,"player_choice":"Trade","damage_taken":0,"relics_obtained":["CultistMask"],"max_hp_gain":0,"max_hp_loss":0,"event_name":"FaceTrader","floor":20,"gold_loss":0},{"damage_healed":0,"gold_gain":0,"player_choice":"Ignored","damage_taken":0,"max_hp_gain":0,"max_hp_loss":0,"event_name":"Ghosts","floor":29,"gold_loss":0},{"damage_healed":0,"gold_gain":0,"player_choice":"Fought Bandits","damage_taken":0,"max_hp_gain":0,"max_hp_loss":0,"event_name":"Masked Bandits","floor":30,"gold_loss":0},{"damage_healed":0,"gold_gain":0,"player_choice":"Fight","damage_taken":0,"max_hp_gain":0,"max_hp_loss":0,"event_name":"MindBloom","floor":36,"gold_loss":0},{"damage_healed":0,"gold_gain":0,"player_choice":"Memory 3","damage_taken":10,"max_hp_gain":0,"max_hp_loss":0,"event_name":"SensoryStone","floor":38,"gold_loss":0},{"cards_removed":["Flex"],"damage_healed":0,"gold_gain":0,"player_choice":"Card Removal","damage_taken":0,"max_hp_gain":0,"max_hp_loss":0,"event_name":"Wheel of Change","floor":41,"gold_loss":0}],"is_beta":false,"boss_relics":[{"not_picked":["Empty Cage","Astrolabe"],"picked":"Snecko Eye"},{"not_picked":["Orrery","White Beast Statue"],"picked":"Cursed Key"}],"items_purged_floors":[],"is_endless":false,"potions_floor_spawned":[1,11,14,16,21,27,31,33,36,48],"ascension_level":0}