{"gold_per_floor":[16,16,35,45,55,83,83,96,150,0,14,24,24,40,40,40],"floor_reached":16,"playtime":1215,"items_purged":[],"score":143,"play_id":"62da73c2-1635-4bf3-9aa1-0cfd989852c5","local_time":"20190307223944","is_ascension_mode":true,"campfire_choices":[{"data":"Crippling Poison","floor":7,"key":"SMITH"},{"floor":15,"key":"REST"}],"neow_cost":"NO_GOLD","seed_source_timestamp":1804341858762473,"circlet_count":0,"master_deck":["Defend_G","Defend_G","Defend_G","Defend_G","Strike_G","Strike_G","Strike_G","Strike_G","Survivor","Neutralize","Crippling Poison+1","Bane","Heel Hook","Backstab","Cloak And Dagger","Dodge and Roll","Poisoned Stab","Crippling Poison","Footwork","Backflip","Deadly Poison","Wraith Form v2","Cloak And Dagger"],"relics":["Ring of the Snake","Mummified Hand","Dream Catcher","Darkstone Periapt"],"potions_floor_usage":[6,16,16,16],"damage_taken":[{"damage":6,"enemies":"Small Slimes","floor":1,"turns":6},{"damage":0,"enemies":"Cultist","floor":3,"turns":5},{"damage":0,"enemies":"Jaw Worm","floor":4,"turns":5},{"damage":0,"enemies":"Exordium Thugs","floor":5,"turns":4},{"damage":21,"enemies":"3 Sentries","floor":6,"turns":13},{"damage":0,"enemies":"Lots of Slimes","floor":8,"turns":3},{"damage":1,"enemies":"Blue Slaver","floor":11,"turns":3},{"damage":0,"enemies":"3 Louse","floor":12,"turns":2},{"damage":8,"enemies":"Large Slime","floor":14,"turns":6},{"damage":48,"enemies":"Slime Boss","floor":16,"turns":14}],"seed_played":"-566342937585217308","potions_obtained":[{"floor":1,"key":"Fire Potion"},{"floor":8,"key":"Block Potion"},{"floor":11,"key":"SteroidPotion"},{"floor":12,"key":"FearPotion"}],"is_trial":false,"path_per_floor":["M","?","M","M","M","E","R","M","T","$","M","M","?","M","R","B"],"character_chosen":"THE_SILENT","items_purchased":["Poisoned Stab","Crippling Poison","Footwork"],"campfire_rested":1,"item_purchase_floors":[10,10,10],"current_hp_per_floor":[57,57,57,57,57,36,36,36,36,36,35,35,35,27,48,0],"gold":40,"neow_bonus":"REMOVE_TWO","is_prod":false,"is_daily":false,"chose_seed":false,"campfire_upgraded":1,"win_rate":0,"timestamp":1552027184,"path_taken":["M","?","M","M","M","E","R","M","T","$","?","M","?","M","R","BOSS"],"build_version":"2019-01-23","purchased_purges":0,"victory":false,"max_hp_per_floor":[70,70,70,70,70,70,70,70,70,70,70,70,70,70,70,70],"card_choices":[{"not_picked":["All Out Attack","Sucker Punch"],"picked":"Crippling Poison","floor":1},{"not_picked":["Deflect","Quick Slash"],"picked":"Bane","floor":3},{"not_picked":["Riddle With Holes","Flying Knee"],"picked":"Heel Hook","floor":4},{"not_picked":["Riddle With Holes","Calculated Gamble"],"picked":"Backstab","floor":5},{"not_picked":["Bane","Dagger Spray"],"picked":"Cloak And Dagger","floor":6},{"not_picked":["Outmaneuver","PiercingWail"],"picked":"Dodge and Roll","floor":8},{"not_picked":["PiercingWail","Expertise"],"picked":"Backflip","floor":11},{"not_picked":["Sucker Punch","Accuracy"],"picked":"Deadly Poison","floor":12},{"not_picked":["Concentrate","Outmaneuver"],"picked":"Wraith Form v2","floor":14},{"not_picked":["Sucker Punch","Bouncing Flask"],"picked":"Cloak And Dagger","floor":15}],"player_experience":617464,"relics_obtained":[{"floor":6,"key":"Mummified Hand"},{"floor":9,"key":"Dream Catcher"},{"floor":13,"key":"Darkstone Periapt"}],"event_choices":[{"damage_healed":0,"gold_gain":0,"player_choice":"0 cards matched","damage_taken":0,"max_hp_gain":0,"max_hp_loss":0,"event_name":"Match and Keep!","floor":2,"gold_loss":0,"cards_obtained":[]},{"damage_healed":0,"gold_gain":0,"player_choice":"Relic","damage_taken":0,"max_hp_gain":0,"max_hp_loss":0,"event_name":"Wheel of Change","floor":13,"gold_loss":0}],"is_beta":false,"boss_relics":[],"items_purged_floors":[],"is_endless":false,"potions_floor_spawned":[1,8,11,12],"killed_by":"Slime Boss","ascension_level":7}