{"gold_per_floor":[111,138,156,156,174,206,225,250,250,250,250],"floor_reached":11,"playtime":390,"items_purged":[],"score":83,"play_id":"29005ac5-956c-4a3e-82dd-087b69bdead0","local_time":"20191006230720","is_ascension_mode":false,"campfire_choices":[],"neow_cost":"NONE","seed_source_timestamp":122922202017300,"circlet_count":0,"master_deck":["Strike_R","Strike_R","Strike_R","Strike_R","Strike_R","Defend_R","Defend_R","Defend_R","Defend_R","Bash","Forethought","Hemokinesis","Flex","Carnage","Hemokinesis","Sever Soul","Dark Embrace"],"relics":["Burning Blood","Juzu Bracelet","Bottled Flame","Darkstone Periapt","Mummified Hand"],"potions_floor_usage":[8],"damage_taken":[{"damage":5,"enemies":"Cultist","floor":1,"turns":4},{"damage":6,"enemies":"2 Louse","floor":3,"turns":4},{"damage":8,"enemies":"Small Slimes","floor":5,"turns":3},{"damage":42,"enemies":"Lagavulin","floor":6,"turns":6},{"damage":8,"enemies":"3 Louse","floor":7,"turns":3},{"damage":30,"enemies":"3 Sentries","floor":8,"turns":4},{"damage":13,"enemies":"Lagavulin","floor":11,"turns":2}],"seed_played":"-1889040441602403417","potions_obtained":[{"floor":3,"key":"Explosive Potion"}],"is_trial":false,"path_per_floor":["M","T","M","?","M","E","M","E","T","?","E"],"character_chosen":"IRONCLAD","items_purchased":[],"campfire_rested":0,"item_purchase_floors":[],"current_hp_per_floor":[80,80,80,80,78,42,40,16,16,13,0],"gold":250,"neow_bonus":"RANDOM_COLORLESS","is_prod":false,"is_daily":false,"chose_seed":false,"campfire_upgraded":0,"win_rate":0.0,"timestamp":1570428440,"path_taken":["M","?","M","?","M","E","M","E","T","?","E"],"build_version":"2019-07-17","purchased_purges":0,"victory":false,"max_hp_per_floor":[80,80,80,80,80,80,80,80,80,80,80],"card_choices":[{"not_picked":["Shockwave","Body Slam"],"picked":"Hemokinesis","floor":1},{"not_picked":["True Grit","Thunderclap"],"picked":"Flex","floor":3},{"not_picked":["Pummel","Shockwave"],"picked":"Carnage","floor":5},{"not_picked":["Iron Wave","Clash"],"picked":"Hemokinesis","floor":6},{"not_picked":["Armaments","Burning Pact"],"picked":"Sever Soul","floor":7},{"not_picked":["Dropkick","Headbutt"],"picked":"Dark Embrace","floor":8}],"player_experience":15562,"relics_obtained":[{"floor":2,"key":"Juzu Bracelet"},{"floor":6,"key":"Bottled Flame"},{"floor":8,"key":"Darkstone Periapt"},{"floor":9,"key":"Mummified Hand"}],"event_choices":[{"damage_healed":0,"gold_gain":0,"player_choice":"Leave","damage_taken":0,"max_hp_gain":0,"max_hp_loss":0,"event_name":"The Cleric","floor":4,"gold_loss":0},{"damage_healed":0,"gold_gain":0,"player_choice":"Fled","damage_taken":3,"max_hp_gain":0,"max_hp_loss":0,"event_name":"Scrap Ooze","floor":10,"gold_loss":0}],"is_beta":false,"boss_relics":[],"items_purged_floors":[],"is_endless":false,"potions_floor_spawned":[3],"killed_by":"Lagavulin","ascension_level":0}