{"gold_per_floor":[114,131,54,54,73,73,105,105,131,131,131,141,171,187,187,292,292,307,38,53,65,76,76,107,126,126,126,126,144,92,92,92,92],"floor_reached":33,"playtime":2147,"items_purged":[],"score":441,"play_id":"d2b29f17-6ae0-4229-9452-46e4b414e50f","local_time":"20181123174457","is_ascension_mode":true,"campfire_choices":[{"floor":6,"key":"REST"},{"data":"Feel No Pain","floor":8,"key":"SMITH"},{"data":"Clothesline","floor":11,"key":"SMITH"},{"floor":15,"key":"REST"},{"floor":23,"key":"REST"},{"floor":27,"key":"REST"},{"floor":32,"key":"REST"}],"neow_cost":"PERCENT_DAMAGE","seed_source_timestamp":1629152265162058,"circlet_count":0,"master_deck":["AscendersBane","Strike_R+1","Strike_R+1","Strike_R+1","Strike_R+1","Strike_R+1","Defend_R+1","Defend_R+1","Defend_R+1","Defend_R+1","Bash+1","Fiend Fire","Iron Wave","Twin Strike","Feel No Pain+1","Pommel Strike","Clothesline+1","Shrug It Off","Seeing Red","Immolate","Warcry","Burning Pact","Secret Technique","Warcry+1","Disarm","Rampage","Ghostly","Ghostly","Ghostly","Ghostly","Ghostly","True Grit"],"relics":["Burning Blood","Singing Bowl","Pantograph","Whetstone","Shuriken","Potion Belt","Fusion Hammer","Oddly Smooth Stone","Gremlin Horn"],"potions_floor_usage":[21,24,24,24,33],"damage_taken":[{"damage":6,"enemies":"Cultist","floor":1,"turns":3},{"damage":7,"enemies":"Jaw Worm","floor":2,"turns":3},{"damage":5,"enemies":"2 Louse","floor":5,"turns":2},{"damage":19,"enemies":"3 Sentries","floor":7,"turns":12},{"damage":5,"enemies":"Blue Slaver","floor":12,"turns":3},{"damage":15,"enemies":"Lagavulin","floor":13,"turns":6},{"damage":13,"enemies":"Large Slime","floor":14,"turns":5},{"damage":90,"enemies":"Hexaghost","floor":16,"turns":15},{"damage":4,"enemies":"Chosen","floor":18,"turns":5},{"damage":13,"enemies":"3 Byrds","floor":20,"turns":7},{"damage":17,"enemies":"Snecko","floor":21,"turns":5},{"damage":14,"enemies":"Snake Plant","floor":22,"turns":7},{"damage":38,"enemies":"Slavers","floor":24,"turns":8},{"damage":4,"enemies":"Sentry and Sphere","floor":25,"turns":6},{"damage":3,"enemies":"Shelled Parasite and Fungi","floor":29,"turns":7},{"damage":58,"enemies":"Automaton","floor":33,"turns":12}],"seed_played":"8754328510354204827","potions_obtained":[{"floor":1,"key":"FairyPotion"},{"floor":7,"key":"Dexterity Potion"},{"floor":12,"key":"Dexterity Potion"},{"floor":16,"key":"Weak Potion"},{"floor":20,"key":"SkillPotion"},{"floor":25,"key":"SpeedPotion"}],"is_trial":false,"path_per_floor":["M","M","$","T","M","R","E","R","T","T","R","M","E","M","R","B",null,"M","$","M","M","M","R","E","M","T","R","?","M","$","?","R","B"],"character_chosen":"IRONCLAD","items_purchased":["Feel No Pain","Burning Pact","Secret Technique","True Grit"],"campfire_rested":5,"item_purchase_floors":[3,19,19,30],"current_hp_per_floor":[51,50,50,50,51,75,62,62,62,62,62,63,56,49,73,7,63,65,65,58,47,41,66,34,38,38,63,43,45,45,45,45,0],"gold":92,"neow_bonus":"THREE_RARE_CARDS","is_prod":false,"is_daily":false,"chose_seed":false,"campfire_upgraded":2,"win_rate":0,"timestamp":1543023897,"path_taken":["M","M","$","?","M","R","E","R","T","?","R","M","E","M","R","BOSS","M","$","M","M","M","R","E","M","T","R","?","M","$","?","R","BOSS"],"build_version":"2018-11-15","purchased_purges":0,"victory":false,"max_hp_per_floor":[80,80,80,80,80,80,80,80,80,80,80,80,82,82,82,82,82,82,82,82,82,84,84,84,86,86,86,43,45,45,45,45,45],"card_choices":[{"not_picked":["Barricade","Immolate"],"picked":"Fiend Fire","floor":0},{"not_picked":["Whirlwind","Body Slam"],"picked":"Iron Wave","floor":1},{"not_picked":["Body Slam","Wild Strike"],"picked":"Twin Strike","floor":2},{"not_picked":["Warcry","Seeing Red"],"picked":"Pommel Strike","floor":5},{"not_picked":["Anger","Sword Boomerang"],"picked":"Clothesline","floor":7},{"not_picked":["Iron Wave","Thunderclap"],"picked":"Shrug It Off","floor":12},{"not_picked":["Thunderclap","Bloodletting","Sever Soul"],"picked":"Singing Bowl","floor":13},{"not_picked":["Anger","Cleave"],"picked":"Seeing Red","floor":14},{"not_picked":["Berserk","Juggernaut"],"picked":"Immolate","floor":16},{"not_picked":["Anger","Armaments"],"picked":"Warcry","floor":18},{"not_picked":["Shockwave","Perfected Strike+1"],"picked":"Warcry+1","floor":20},{"not_picked":["Pommel Strike","Flex+1"],"picked":"Disarm","floor":21},{"not_picked":["Rage+1","Flame Barrier","Flex+1"],"picked":"Singing Bowl","floor":22},{"not_picked":["Demon Form","Flex+1"],"picked":"Rampage","floor":24},{"not_picked":["Anger","Blood for Blood","Armaments"],"picked":"Singing Bowl","floor":25},{"not_picked":["Clothesline","Headbutt","Anger"],"picked":"Singing Bowl","floor":29}],"player_experience":531960,"relics_obtained":[{"floor":4,"key":"Singing Bowl"},{"floor":7,"key":"Pantograph"},{"floor":9,"key":"Whetstone"},{"floor":10,"key":"Shuriken"},{"floor":13,"key":"Potion Belt"},{"floor":24,"key":"Oddly Smooth Stone"},{"floor":26,"key":"Gremlin Horn"}],"event_choices":[{"damage_healed":0,"gold_gain":0,"player_choice":"Became a Ghost","damage_taken":0,"max_hp_gain":0,"max_hp_loss":43,"event_name":"Ghosts","floor":28,"gold_loss":0,"cards_obtained":["Ghostly","Ghostly","Ghostly","Ghostly","Ghostly"]},{"damage_healed":0,"gold_gain":0,"player_choice":"Simplicity","damage_taken":0,"max_hp_gain":0,"max_hp_loss":0,"event_name":"Back to Basics","floor":31,"gold_loss":0,"cards_upgraded":["Strike_R","Strike_R","Strike_R","Strike_R","Defend_R","Defend_R","Defend_R","Defend_R"]}],"is_beta":false,"boss_relics":[{"not_picked":["Tiny House","Orrery"],"picked":"Fusion Hammer"}],"items_purged_floors":[],"is_endless":false,"potions_floor_spawned":[1,7,12,16,20,25],"killed_by":"Automaton","ascension_level":10}