{"gold_per_floor":[112,128,61,78,89,119,44,44,68,103,113,140,155,172,172,267,267,283,300,20,38,50,78,78,112,112,127,127,147,182,201,201,306,306,317,363,363,379,74,107,124,124,124,150,26,52,72,107,107,107,107,107,27,61,61],"floor_reached":55,"playtime":3679,"items_purged":["Strike_R","Strike_R"],"score":888,"play_id":"542466b7-6f4d-4a90-aacb-475da68f53d7","local_time":"20190826210511","is_ascension_mode":true,"campfire_choices":[{"data":"True Grit","floor":8,"key":"SMITH"},{"floor":15,"key":"REST"},{"floor":24,"key":"RECALL"},{"floor":32,"key":"REST"},{"data":"1","floor":42,"key":"LIFT"},{"data":"2","floor":49,"key":"LIFT"},{"data":"3","floor":52,"key":"LIFT"}],"neow_cost":"NONE","seed_source_timestamp":339284939464600,"circlet_count":0,"master_deck":["Strike_R","Strike_R","Defend_R","Defend_R","Defend_R","Defend_R","Bash","Sword Boomerang","Pommel Strike","Clothesline","True Grit+1","Ghostly Armor","Spot Weakness","Headbutt","Whirlwind","Heavy Blade","Demon Form","Disarm+1","Inflame+1","Battle Trance","Seeing Red","Shrug It Off","Whirlwind","Battle Trance","Reaper","Pummel+1","Pummel+1","Shrug It Off","Disarm+1","True Grit+1","Reaper","Shockwave"],"relics":["Burning Blood","Centennial Puzzle","Omamori","Art of War","Regal Pillow","Oddly Smooth Stone","Fusion Hammer","Brimstone","Kunai","Girya","Singing Bowl","Bottled Tornado","Sozu","Nunchaku","Mummified Hand","The Courier","Ancient Tea Set","Bird Faced Urn","Pen Nib","Lantern","Ornamental Fan"],"potions_floor_usage":[6,10,12,13,21,23,25,27,40],"damage_taken":[{"damage":6,"enemies":"2 Louse","floor":1,"turns":2},{"damage":1,"enemies":"Cultist","floor":2,"turns":3},{"damage":6,"enemies":"Jaw Worm","floor":4,"turns":3},{"damage":10,"enemies":"2 Fungi Beasts","floor":5,"turns":4},{"damage":35,"enemies":"3 Sentries","floor":6,"turns":11},{"damage":12,"enemies":"Lagavulin","floor":10,"turns":8},{"damage":12,"enemies":"Exordium Thugs","floor":11,"turns":5},{"damage":24,"enemies":"3 Sentries","floor":12,"turns":7},{"damage":2,"enemies":"Exordium Wildlife","floor":13,"turns":4},{"damage":7,"enemies":"Lots of Slimes","floor":14,"turns":2},{"damage":49,"enemies":"The Guardian","floor":16,"turns":11},{"damage":4,"enemies":"Chosen","floor":18,"turns":4},{"damage":5,"enemies":"Shell Parasite","floor":19,"turns":5},{"damage":6,"enemies":"Centurion and Healer","floor":21,"turns":5},{"damage":16,"enemies":"3 Cultists","floor":22,"turns":3},{"damage":15,"enemies":"Book of Stabbing","floor":23,"turns":4},{"damage":20,"enemies":"Gremlin Leader","floor":25,"turns":4},{"damage":7,"enemies":"Chosen and Byrds","floor":27,"turns":4},{"damage":1,"enemies":"Snake Plant","floor":29,"turns":3},{"damage":18,"enemies":"Slavers","floor":30,"turns":2},{"damage":22,"enemies":"Centurion and Healer","floor":31,"turns":3},{"damage":38,"enemies":"Collector","floor":33,"turns":6},{"damage":6,"enemies":"Orb Walker","floor":35,"turns":3},{"damage":32,"enemies":"2 Orb Walkers","floor":36,"turns":3},{"damage":12,"enemies":"3 Darklings","floor":38,"turns":2},{"damage":42,"enemies":"Reptomancer","floor":40,"turns":3},{"damage":18,"enemies":"Jaw Worm Horde","floor":41,"turns":2},{"damage":6,"enemies":"Giant Head","floor":44,"turns":4},{"damage":31,"enemies":"Nemesis","floor":46,"turns":5},{"damage":16,"enemies":"4 Shapes","floor":47,"turns":4},{"damage":5,"enemies":"Giant Head","floor":48,"turns":2},{"damage":39,"enemies":"Awakened One","floor":50,"turns":7},{"damage":82,"enemies":"Shield and Spear","floor":54,"turns":5},{"damage":89,"enemies":"The Heart","floor":55,"turns":5}],"seed_played":"8008343787305259814","potions_obtained":[{"floor":5,"key":"Fire Potion"},{"floor":6,"key":"Block Potion"},{"floor":11,"key":"Weak Potion"},{"floor":12,"key":"GamblersBrew"},{"floor":16,"key":"Explosive Potion"},{"floor":22,"key":"SpeedPotion"},{"floor":23,"key":"Dexterity Potion"},{"floor":25,"key":"PowerPotion"},{"floor":33,"key":"PowerPotion"}],"is_trial":false,"path_per_floor":["M","M","?","M","M","E","$","R","T","E","M","E","M","M","R","B",null,"M","M","$","M","M","E","R","E","T","M","?","M","E","M","R","B",null,"M","?","?","M","$","E","M","R","T","E","$","E","M","E","R","B",null,"R","$","E","B"],"character_chosen":"IRONCLAD","items_purchased":["Battle Trance","Brimstone","Mummified Hand","Shrug It Off","Reaper"],"campfire_rested":2,"item_purchase_floors":[20,20,39,39,45],"current_hp_per_floor":[80,80,80,80,76,47,47,47,47,41,35,17,21,20,59,16,80,80,80,80,80,70,61,61,47,47,46,46,53,41,25,64,32,82,82,58,79,84,84,48,80,80,80,80,80,88,90,92,92,85,92,92,92,42,0],"gold":61,"neow_bonus":"RANDOM_COMMON_RELIC","is_prod":false,"is_daily":false,"chose_seed":false,"campfire_upgraded":1,"win_rate":0,"timestamp":1566878711,"path_taken":["M","M","?","M","M","E","?","R","T","E","M","E","M","M","R","BOSS","M","M","?","M","M","E","R","E","T","M","?","?","E","M","R","BOSS","M","?","?","M","?","E","M","R","T","E","$","E","M","E","R","BOSS","R","$","E","BOSS"],"build_version":"2019-08-23","purchased_purges":2,"victory":false,"max_hp_per_floor":[80,80,80,80,80,80,80,80,80,80,80,80,80,80,80,80,80,80,80,80,80,80,80,80,80,80,80,80,82,82,82,82,82,82,82,84,84,84,84,84,86,86,86,86,86,88,90,92,92,92,92,92,92,92,92],"card_choices":[{"not_picked":["Cleave","Flex"],"picked":"Sword Boomerang","floor":1},{"not_picked":["Warcry","Iron Wave"],"picked":"Pommel Strike","floor":2},{"not_picked":["Perfected Strike","True Grit"],"picked":"Clothesline","floor":4},{"not_picked":["Perfected Strike","Rupture"],"picked":"True Grit","floor":5},{"not_picked":["Reckless Charge","Anger"],"picked":"Ghostly Armor","floor":6},{"not_picked":["Body Slam","Wild Strike"],"picked":"Spot Weakness","floor":10},{"not_picked":["Havoc","Carnage"],"picked":"Headbutt","floor":11},{"not_picked":["Immolate","Corruption"],"picked":"Whirlwind","floor":12},{"not_picked":["Clash","Twin Strike","Combust"],"picked":"SKIP","floor":13},{"not_picked":["Sword Boomerang","Dual Wield"],"picked":"Heavy Blade","floor":14},{"not_picked":["Fiend Fire","Bludgeon"],"picked":"Demon Form","floor":16},{"not_picked":["Twin Strike","Rampage"],"picked":"Disarm+1","floor":18},{"not_picked":["Cleave","Twin Strike+1"],"picked":"Inflame+1","floor":19},{"not_picked":["Bloodletting","Twin Strike","Iron Wave+1"],"picked":"SKIP","floor":21},{"not_picked":["Metallicize","Sword Boomerang"],"picked":"Seeing Red","floor":22},{"not_picked":["Clothesline","Anger","Corruption"],"picked":"SKIP","floor":23},{"not_picked":["Bludgeon","Exhume","Power Through"],"picked":"SKIP","floor":25},{"not_picked":["Pommel Strike","Perfected Strike+1"],"picked":"Shrug It Off","floor":27},{"not_picked":["Iron Wave","Perfected Strike+1","Combust"],"picked":"Singing Bowl","floor":29},{"not_picked":["Body Slam","Anger"],"picked":"Whirlwind","floor":30},{"not_picked":["Anger","Spot Weakness+1"],"picked":"Battle Trance","floor":31},{"not_picked":["Exhume","Berserk"],"picked":"Reaper","floor":33},{"not_picked":["Whirlwind","Rupture+1"],"picked":"Pummel+1","floor":35},{"not_picked":["Rampage+1","Bloodletting","Metallicize+1"],"picked":"Singing Bowl","floor":36},{"not_picked":["Clothesline","Thunderclap+1"],"picked":"Pummel+1","floor":38},{"not_picked":["Twin Strike+1","Carnage"],"picked":"Disarm+1","floor":40},{"not_picked":["Sever Soul","Pommel Strike+1","Bloodletting+1"],"picked":"Singing Bowl","floor":41},{"not_picked":["Anger","Berserk"],"picked":"True Grit+1","floor":44},{"not_picked":["Heavy Blade","Pommel Strike","Perfected Strike+1"],"picked":"Singing Bowl","floor":46},{"not_picked":["True Grit+1","Immolate","Pommel Strike"],"picked":"Singing Bowl","floor":47},{"not_picked":["Sword Boomerang","Thunderclap+1","Iron Wave"],"picked":"Singing Bowl","floor":48},{"not_picked":["Cleave+1","Flex+1"],"picked":"Shockwave","floor":54}],"player_experience":1429410,"relics_obtained":[{"floor":6,"key":"Art of War"},{"floor":10,"key":"Regal Pillow"},{"floor":12,"key":"Oddly Smooth Stone"},{"floor":23,"key":"Kunai"},{"floor":25,"key":"Girya"},{"floor":26,"key":"Singing Bowl"},{"floor":30,"key":"Bottled Tornado"},{"floor":36,"key":"Nunchaku"},{"floor":40,"key":"The Courier"},{"floor":43,"key":"Ancient Tea Set"},{"floor":44,"key":"Bird Faced Urn"},{"floor":46,"key":"Pen Nib"},{"floor":48,"key":"Lantern"},{"floor":54,"key":"Ornamental Fan"}],"event_choices":[{"damage_healed":0,"gold_gain":0,"player_choice":"Paid Gold","damage_taken":0,"relics_obtained":["Omamori"],"max_hp_gain":0,"max_hp_loss":0,"event_name":"WeMeetAgain","floor":3,"gold_loss":67},{"cards_removed":["Strike_R"],"damage_healed":0,"gold_gain":0,"player_choice":"Offered Basic","damage_taken":0,"max_hp_gain":0,"max_hp_loss":0,"event_name":"Bonfire Elementals","floor":28,"gold_loss":0},{"damage_healed":0,"gold_gain":0,"player_choice":"Fight","damage_taken":0,"max_hp_gain":0,"max_hp_loss":0,"event_name":"Mysterious Sphere","floor":36,"gold_loss":0},{"damage_healed":21,"gold_gain":0,"player_choice":"Writhe","damage_taken":0,"max_hp_gain":0,"max_hp_loss":0,"event_name":"Winding Halls","floor":37,"gold_loss":0,"cards_obtained":["Writhe"]}],"is_beta":true,"boss_relics":[{"not_picked":["Lizard Tail","Snecko Eye"],"picked":"Fusion Hammer"},{"not_picked":["Calling Bell","Black Blood"],"picked":"Sozu"}],"items_purged_floors":[7,53],"is_endless":false,"potions_floor_spawned":[5,6,11,12,16,22,23,25,33,35,40,46,47,54],"killed_by":"The Heart","ascension_level":1}