{"gold_per_floor":[113,113,113,129,144,173,173,201,201,201,221,221,251,262,262,359,359,369,384,21,41,59,89,89,118,118,118,118,118],"floor_reached":29,"playtime":1908,"items_purged":[],"score":275,"play_id":"53c47bee-3333-4666-ac7f-aab06c19f2d2","local_time":"20191006152931","is_ascension_mode":false,"campfire_choices":[{"floor":7,"key":"REST"},{"floor":12,"key":"REST"},{"floor":15,"key":"REST"},{"floor":24,"key":"REST"},{"floor":27,"key":"REST"}],"neow_cost":"NONE","seed_source_timestamp":93931717495000,"circlet_count":0,"master_deck":["Strike_G","Strike_G","Strike_G","Strike_G","Strike_G","Defend_G","Defend_G","Defend_G","Defend_G","Defend_G","Survivor","Neutralize","Dash","All Out Attack","Dagger Throw","Unload","Footwork","Underhanded Strike","Deflect","After Image","Quick Slash","Acrobatics","Infinite Blades","Choke","Flechettes","Choke+1","Tools of the Trade","Underhanded Strike+1"],"relics":["Ring of the Serpent","NeowsBlessing","Mercury Hourglass","Torii","Ginger","Tingsha","Toxic Egg 2","Shovel","Question Card","Omamori"],"potions_floor_usage":[23,23,23,23,23,23,23,29],"damage_taken":[{"damage":0,"enemies":"2 Louse","floor":1,"turns":1},{"damage":0,"enemies":"Jaw Worm","floor":3,"turns":1},{"damage":0,"enemies":"Small Slimes","floor":4,"turns":1},{"damage":12,"enemies":"Blue Slaver","floor":5,"turns":4},{"damage":48,"enemies":"Gremlin Nob","floor":6,"turns":7},{"damage":15,"enemies":"Lagavulin","floor":8,"turns":6},{"damage":1,"enemies":"Looter","floor":11,"turns":3},{"damage":0,"enemies":"3 Louse","floor":14,"turns":2},{"damage":4,"enemies":"Hexaghost","floor":16,"turns":11},{"damage":3,"enemies":"3 Byrds","floor":18,"turns":4},{"damage":1,"enemies":"Chosen","floor":19,"turns":4},{"damage":25,"enemies":"Centurion and Healer","floor":21,"turns":6},{"damage":28,"enemies":"Sentry and Sphere","floor":22,"turns":6},{"damage":21,"enemies":"Book of Stabbing","floor":23,"turns":5},{"damage":22,"enemies":"Gremlin Leader","floor":25,"turns":7},{"damage":15,"enemies":"3 Cultists","floor":29,"turns":4}],"seed_played":"-8363564378301999443","potions_obtained":[{"floor":1,"key":"SkillPotion"},{"floor":4,"key":"Regen Potion"},{"floor":5,"key":"EntropicBrew"}],"is_trial":false,"path_per_floor":["M","?","M","M","M","E","R","E","T","T","M","R","?","M","R","B",null,"M","M","$","M","M","E","R","E","T","R","?","M"],"character_chosen":"THE_SILENT","items_purchased":["Infinite Blades","Choke","Toxic Egg 2"],"campfire_rested":5,"item_purchase_floors":[20,20,20],"current_hp_per_floor":[70,70,70,70,58,10,31,16,16,16,15,36,36,36,57,53,70,67,66,66,41,13,6,27,5,5,26,13,0],"gold":118,"neow_bonus":"THREE_ENEMY_KILL","is_prod":false,"is_daily":false,"chose_seed":false,"campfire_upgraded":0,"win_rate":0.0,"timestamp":1570400971,"path_taken":["M","?","M","M","M","E","R","E","T","?","M","R","?","M","R","BOSS","M","M","$","M","M","E","R","E","T","R","?","M"],"build_version":"2019-07-17","purchased_purges":0,"victory":false,"max_hp_per_floor":[70,70,70,70,70,70,70,70,70,70,70,70,70,70,70,70,70,70,70,70,70,70,70,70,70,70,70,75,75],"card_choices":[{"not_picked":["Calculated Gamble","Expertise"],"picked":"Dash","floor":1},{"not_picked":["Flying Knee","Escape Plan","Dodge and Roll"],"picked":"SKIP","floor":3},{"not_picked":["Deflect","Blade Dance"],"picked":"All Out Attack","floor":4},{"not_picked":["Underhanded Strike","Slice"],"picked":"Dagger Throw","floor":5},{"not_picked":["Infinite Blades","Choke"],"picked":"Unload","floor":6},{"not_picked":["Expertise","Poisoned Stab"],"picked":"Footwork","floor":8},{"not_picked":["Poisoned Stab","Dagger Spray"],"picked":"Underhanded Strike","floor":11},{"not_picked":["Outmaneuver","Finisher"],"picked":"Deflect","floor":14},{"not_picked":["Adrenaline","Envenom"],"picked":"After Image","floor":16},{"not_picked":["Deadly Poison","Escape Plan"],"picked":"Quick Slash","floor":18},{"not_picked":["Blur+1","Prepared"],"picked":"Acrobatics","floor":19},{"not_picked":["Sucker Punch","Prepared+1"],"picked":"Flechettes","floor":21},{"not_picked":["Masterful Stab","Acrobatics+1"],"picked":"Choke+1","floor":22},{"not_picked":["Reflex+1","Dagger Spray"],"picked":"Tools of the Trade","floor":23},{"not_picked":["Noxious Fumes+1","Prepared+1"],"picked":"Underhanded Strike+1","floor":25}],"player_experience":6559,"relics_obtained":[{"floor":6,"key":"Mercury Hourglass"},{"floor":8,"key":"Torii"},{"floor":9,"key":"Ginger"},{"floor":10,"key":"Tingsha"},{"floor":23,"key":"Shovel"},{"floor":25,"key":"Question Card"},{"floor":26,"key":"Omamori"}],"event_choices":[{"damage_healed":0,"gold_gain":0,"player_choice":"Ignored","damage_taken":0,"max_hp_gain":0,"max_hp_loss":0,"event_name":"Golden Idol","floor":2,"gold_loss":0},{"damage_healed":0,"gold_gain":30,"player_choice":"Searched \u00272\u0027 times","damage_taken":0,"max_hp_gain":0,"max_hp_loss":0,"event_name":"Dead Adventurer","floor":13,"gold_loss":0},{"damage_healed":0,"gold_gain":0,"player_choice":"Shed Blood","damage_taken":18,"max_hp_gain":5,"max_hp_loss":0,"event_name":"Forgotten Altar","floor":28,"gold_loss":0}],"is_beta":false,"boss_relics":[{"not_picked":["Lizard Tail","Empty Cage"],"picked":"Ring of the Serpent"}],"items_purged_floors":[],"is_endless":false,"potions_floor_spawned":[1,4,5,14,16,18,22],"killed_by":"3 Cultists","ascension_level":0}