{"path_per_floor":["M","M","M","M","$","E","M","?","T","E","$","E","R","?","R","B",null,"M","?","M","M","?","M","$","?","T","E","R","M","M","M","R","B",null,"M","$","M","M","M","R","E","R","T","M","M","M","$","?","R","B"],"character_chosen":"IRONCLAD","items_purchased":["Metallicize","Secret Weapon","Bottled Tornado","Shrug It Off","Apotheosis"],"gold_per_floor":[112,122,134,148,73,104,123,298,371,406,19,52,52,52,52,153,153,168,368,352,370,295,307,9,9,32,61,61,79,89,104,104,200,200,210,17,31,45,64,64,96,96,96,108,125,141,16,16,16,16],"floor_reached":51,"campfire_rested":4,"playtime":6107,"current_hp_per_floor":[83,85,89,86,86,57,50,56,56,42,42,44,75,68,99,64,108,110,110,98,97,97,72,72,72,72,32,67,78,76,76,112,109,126,126,126,129,129,128,128,129,129,129,133,130,137,137,137,137,129],"items_purged":["Strike_R","Defend_R","Strike_R"],"gold":16,"score":823,"play_id":"f176d818-10fc-49af-8e59-caa81f8d811b","local_time":"20180418224139","is_prod":false,"is_daily":false,"chose_seed":false,"is_ascension_mode":false,"campfire_upgraded":3,"timestamp":1524116499,"path_taken":["M","M","M","M","$","E","M","?","T","E","$","E","R","?","R","BOSS","M","?","M","M","?","M","$","?","T","E","R","M","M","M","R","BOSS","M","$","M","M","M","R","E","R","T","M","M","M","$","?","R","BOSS"],"build_version":"2018-04-12","seed_source_timestamp":172817857638469,"purchased_purges":4,"victory":true,"master_deck":["Strike_R","Strike_R","Defend_R","Defend_R","Bash","Feed","Twin Strike","Iron Wave","Disarm","Armaments","Rage","Iron Wave","Iron Wave","Metallicize","Secret Weapon","Juggernaut","Barricade+1","Body Slam+1","Spot Weakness","Cleave","Shrug It Off","Inflame+1","Entrench","Iron Wave+1","Metallicize+1","Impervious","Body Slam+1","Apotheosis+1","Twin Strike+1"],"max_hp_per_floor":[83,86,89,92,92,96,96,102,102,105,105,105,105,105,105,108,108,111,111,111,114,114,117,117,117,117,117,117,120,120,123,123,126,126,126,126,129,129,129,129,129,129,129,133,133,137,137,137,137,137],"relics":["Burning Blood","Darkstone Periapt","Kunai","Dodecahedron","Juzu Bracelet","Sozu","Bottled Tornado","Bag of Preparation","Blood Vial","Velvet Choker","Gremlin Horn","Art of War"],"card_choices":[{"not_picked":["Uppercut","Wild Strike"],"picked":"Twin Strike","floor":1},{"not_picked":["Entrench","Searing Blow"],"picked":"Iron Wave","floor":2},{"not_picked":["Corruption","Carnage"],"picked":"Disarm","floor":3},{"not_picked":["Headbutt","Shrug It Off"],"picked":"Armaments","floor":4},{"not_picked":["Perfected Strike","Combust"],"picked":"Rage","floor":6},{"not_picked":["Shockwave","Pummel"],"picked":"Iron Wave","floor":7},{"not_picked":["Intimidate","Sever Soul"],"picked":"Iron Wave","floor":10},{"not_picked":["True Grit","Searing Blow"],"picked":"Juggernaut","floor":12},{"not_picked":["Impervious","Brutality"],"picked":"Barricade","floor":16},{"not_picked":["Inflame","Reckless Charge"],"picked":"Body Slam","floor":18},{"not_picked":["Heavy Blade","Sever Soul"],"picked":"Spot Weakness","floor":20},{"not_picked":["Perfected Strike","Iron Wave"],"picked":"Cleave","floor":23},{"not_picked":["Body Slam","Berserk"],"picked":"Inflame","floor":27},{"not_picked":["Clash","Flex"],"picked":"Entrench","floor":29},{"not_picked":["Thunderclap","Fire Breathing"],"picked":"Iron Wave","floor":30},{"not_picked":["Whirlwind","Twin Strike"],"picked":"Metallicize","floor":31},{"not_picked":["Reaper","Berserk"],"picked":"Impervious","floor":33},{"not_picked":["Battle Trance","Armaments"],"picked":"Body Slam","floor":35},{"not_picked":["Inflame","Warcry"],"picked":"Twin Strike","floor":37}],"player_experience":104766,"potions_floor_usage":[10,12,12],"damage_taken":[{"damage":0,"enemies":"2 Louse","floor":1,"turns":4},{"damage":7,"enemies":"Small Slimes","floor":2,"turns":4},{"damage":1,"enemies":"Jaw Worm","floor":3,"turns":5},{"damage":12,"enemies":"2 Fungi Beasts","floor":4,"turns":5},{"damage":39,"enemies":"3 Sentries","floor":6,"turns":12},{"damage":13,"enemies":"Red Slaver","floor":7,"turns":7},{"damage":23,"enemies":"Lagavulin","floor":10,"turns":11},{"damage":4,"enemies":"Gremlin Nob","floor":12,"turns":4},{"damage":44,"enemies":"Slime Boss","floor":16,"turns":13},{"damage":7,"enemies":"3 Byrds","floor":18,"turns":7},{"damage":18,"enemies":"2 Thieves","floor":20,"turns":4},{"damage":10,"enemies":"Centurion and Healer","floor":21,"turns":9},{"damage":34,"enemies":"Snake Plant","floor":23,"turns":6},{"damage":46,"enemies":"Gremlin Leader","floor":27,"turns":8},{"damage":0,"enemies":"Cultist and Chosen","floor":29,"turns":9},{"damage":10,"enemies":"Snecko","floor":30,"turns":7},{"damage":11,"enemies":"Snake Plant","floor":31,"turns":7},{"damage":14,"enemies":"Collector","floor":33,"turns":12},{"damage":4,"enemies":"Orb Walker","floor":35,"turns":5},{"damage":4,"enemies":"3 Shapes","floor":37,"turns":4},{"damage":0,"enemies":"Maw","floor":38,"turns":5},{"damage":7,"enemies":"3 Darklings","floor":39,"turns":6},{"damage":0,"enemies":"Nemesis","floor":41,"turns":5},{"damage":0,"enemies":"Sphere and 2 Shapes","floor":44,"turns":5},{"damage":9,"enemies":"Maw","floor":45,"turns":6},{"damage":0,"enemies":"4 Shapes","floor":46,"turns":6},{"damage":14,"enemies":"Time Eater","floor":50,"turns":11}],"event_choices":[{"event_name":"Liars Game","player_choice":"agreed","floor":8,"damage_taken":0},{"event_name":"Golden Wing","player_choice":"Card Removal","floor":14,"damage_taken":0},{"event_name":"The Joust","player_choice":"Bet on Owner","floor":19,"damage_taken":0},{"event_name":"Beggar","player_choice":"Gave Gold","floor":22,"damage_taken":0},{"event_name":"Bonfire Elementals","player_choice":"BASIC","floor":25,"damage_taken":0},{"event_name":"Match and Keep!","player_choice":"0 cards matched","floor":48,"damage_taken":0}],"boss_relics":[{"not_picked":["Snecko Eye","Pandora\u0027s Box"],"picked":"Sozu"},{"not_picked":["Lizard Tail","Runic Cube"],"picked":"Velvet Choker"}],"potions_floor_spawned":[2,3,7,18,20,29,31,35,38,41,45],"seed_played":"6729435111197890843","ascension_level":0,"is_trial":false}