{"path_per_floor":["M","M","?","?","M","R","M","R","T","M","?","R","?","M","R","B",null,"M","M","M"],"character_chosen":"DEFECT","items_purchased":[],"gold_per_floor":[112,131,131,131,142,142,154,154,181,198,198,198,198,210,210,310,310,329,341,360,360],"floor_reached":21,"campfire_rested":0,"playtime":1769,"item_purchase_floors":[],"current_hp_per_floor":[75,75,68,65,67,67,67,67,67,69,69,69,69,75,75,38,75,70,52,19,0],"items_purged":[],"gold":360,"score":173,"play_id":"52947d1e-cefe-4b9e-997a-206cb594889e","local_time":"20180607192203","is_prod":false,"is_daily":false,"chose_seed":false,"is_ascension_mode":false,"campfire_upgraded":4,"win_rate":0,"timestamp":1528424523,"campfire_choices":[{"data":"Zap","floor":6,"key":"SMITH"},{"data":"Coolheaded","floor":8,"key":"SMITH"},{"data":"Leap","floor":12,"key":"SMITH"},{"data":"Stack","floor":15,"key":"SMITH"}],"path_taken":["M","M","?","?","?","R","M","R","T","M","?","R","?","M","R","BOSS","M","M","M","?"],"build_version":"2018-06-07","seed_source_timestamp":934816014838,"purchased_purges":0,"victory":false,"master_deck":["Strike_B","Strike_B","Strike_B","Defend_B","Defend_B","Defend_B","Defend_B","Zap+1","Genetic Algorithm","Coolheaded+1","Leap+1","Melter","Self Repair","Stack+1","Seek","Loop","Streamline","BootSequence"],"max_hp_per_floor":[75,75,75,75,75,75,75,75,75,75,75,75,75,75,75,75,75,75,75,75,75],"relics":["Cracked Core","NeowsBlessing","Blood Vial","Bronze Scales","Eternal Feather"],"card_choices":[{"not_picked":["Aggregate","Steam"],"picked":"Genetic Algorithm","floor":1},{"not_picked":["Force Field","Rip and Tear"],"picked":"Coolheaded","floor":2},{"not_picked":["Undo","Conserve Battery"],"picked":"Leap","floor":5},{"not_picked":["Conserve Battery","Gash"],"picked":"Melter","floor":7},{"not_picked":["Turbo","Recycle"],"picked":"Self Repair","floor":10},{"not_picked":["Force Field","Thunder Strike","Gash"],"picked":"SKIP","floor":14},{"not_picked":["Reboot","Core Surge"],"picked":"Seek","floor":16},{"not_picked":["Go for the Eyes+1","Barrage"],"picked":"Loop","floor":18},{"not_picked":["Gash","Melter+1","Streamline"],"picked":"SKIP","floor":19},{"not_picked":["Gash","Melter+1"],"picked":"Streamline","floor":19},{"not_picked":["Capacitor","Reinforced Body"],"picked":"BootSequence","floor":20}],"player_experience":375384,"potions_floor_usage":[7,16,19,19,20],"damage_taken":[{"damage":0,"enemies":"Cultist","floor":1,"turns":1},{"damage":0,"enemies":"Jaw Worm","floor":2,"turns":1},{"damage":0,"enemies":"2 Louse","floor":5,"turns":1},{"damage":2,"enemies":"Large Slime","floor":7,"turns":7},{"damage":0,"enemies":"Blue Slaver","floor":10,"turns":3},{"damage":1,"enemies":"2 Fungi Beasts","floor":14,"turns":4},{"damage":44,"enemies":"Slime Boss","floor":16,"turns":16},{"damage":12,"enemies":"Chosen","floor":18,"turns":7},{"damage":27,"enemies":"2 Thieves","floor":19,"turns":5},{"damage":42,"enemies":"Cultist and Chosen","floor":20,"turns":7},{"damage":24,"enemies":"3 Cultists","floor":21,"turns":5}],"relics_obtained":[{"floor":9,"key":"Bronze Scales"}],"event_choices":[{"event_name":"Golden Wing","player_choice":"Card Removal","floor":3,"damage_taken":0},{"event_name":"Scrap Ooze","player_choice":"success","floor":4,"damage_taken":3},{"event_name":"Dead Adventurer","player_choice":"Searched \u00270\u0027 times","floor":11,"damage_taken":0},{"event_name":"Transmorgrifier","player_choice":"Transform","floor":13,"damage_taken":0}],"boss_relics":[{"not_picked":["Astrolabe","Ectoplasm"],"picked":"Eternal Feather"}],"items_purged_floors":[],"potions_floor_spawned":[1,5,7,16,18,19],"seed_played":"306367428321460797","killed_by":"3 Cultists","ascension_level":0,"potions_obtained":[{"floor":1,"key":"Dexterity Potion"},{"floor":5,"key":"SteroidPotion"},{"floor":7,"key":"Energy Potion"},{"floor":16,"key":"Explosive Potion"},{"floor":18,"key":"Swift Potion"},{"floor":19,"key":"Explosive Potion"}],"is_trial":false}