{"gold_per_floor":[109,109,125,125,138,138,164,164,191,223,223,241,270,270,270,344,344,361,375,385,229,154,154,186,206,206,206,239,254,254,284,284,284],"floor_reached":33,"playtime":1891,"items_purged":["Strike_B"],"score":614,"play_id":"5baedf05-0261-4202-a7fd-32f183cebaee","local_time":"20190713144711","is_ascension_mode":true,"campfire_choices":[{"floor":6.0,"key":"REST"},{"floor":11.0,"key":"REST"},{"data":"Zap","floor":15.0,"key":"SMITH"},{"floor":23.0,"key":"REST"},{"floor":27,"key":"REST"},{"floor":32,"key":"REST"}],"neow_cost":"NONE","seed_source_timestamp":0,"circlet_count":0,"master_deck":["AscendersBane","Strike_B","Strike_B","Defend_B","Defend_B","Defend_B","Defend_B","Zap+1","Dualcast","Turbo","White Noise","Compile Driver","Streamline","Compile Driver","Conserve Battery","Fusion+1","Electrodynamics","Coolheaded","Hologram","Gash","Tempest","Go for the Eyes+1","Cold Snap","Force Field","Blizzard","Stack"],"special_seed":0,"relics":["Cracked Core","Orichalcum","Mercury Hourglass","Bronze Scales","Letter Opener","Ancient Tea Set","Regal Pillow","Cables","Sozu","Boot","Meat on the Bone","Blood Vial","Emotion Chip"],"potions_floor_usage":[],"damage_taken":[{"damage":0.0,"enemies":"2 Louse","floor":1.0,"turns":3.0},{"damage":7.0,"enemies":"Jaw Worm","floor":3.0,"turns":3.0},{"damage":0.0,"enemies":"Small Slimes","floor":5.0,"turns":3.0},{"damage":5.0,"enemies":"Gremlin Nob","floor":7.0,"turns":3.0},{"damage":30.0,"enemies":"3 Sentries","floor":10.0,"turns":5.0},{"damage":8.0,"enemies":"Red Slaver","floor":12.0,"turns":3.0},{"damage":5.0,"enemies":"Gremlin Nob","floor":13.0,"turns":3.0},{"damage":36.0,"enemies":"The Guardian","floor":16.0,"turns":9.0},{"damage":17.0,"enemies":"Chosen","floor":18.0,"turns":4.0},{"damage":5.0,"enemies":"2 Thieves","floor":19.0,"turns":2.0},{"damage":4.0,"enemies":"Sentry and Sphere","floor":20.0,"turns":3.0},{"damage":24.0,"enemies":"Gremlin Leader","floor":24.0,"turns":5.0},{"damage":0,"enemies":"3 Cultists","floor":25,"turns":2},{"damage":5,"enemies":"Book of Stabbing","floor":28,"turns":3},{"damage":36,"enemies":"Cultist and Chosen","floor":29,"turns":4},{"damage":22,"enemies":"Slavers","floor":31,"turns":2},{"damage":81,"enemies":"Champ","floor":33,"turns":9}],"seed_played":"3550427409696342193","potions_obtained":[{"floor":3.0,"key":"AttackPotion"},{"floor":7.0,"key":"Dexterity Potion"},{"floor":12.0,"key":"FocusPotion"}],"is_trial":false,"path_per_floor":["M","?","M","?","M","R","E","T","T","E","R","M","E","?","R","B",null,"M","M","M","$","?","R","E","M","T","R","E","M","?","E","R","B"],"character_chosen":"DEFECT","items_purchased":["Tempest"],"campfire_rested":5,"item_purchase_floors":[21],"current_hp_per_floor":[64,38,31,31,31,52,47,47,47,17,53,45,40,40,40,4,54,37,32,28,28,28,64,40,40,40,71,66,44,44,36,71,0],"gold":284,"neow_bonus":"RANDOM_COMMON_RELIC","is_prod":false,"is_daily":false,"chose_seed":false,"campfire_upgraded":1,"win_rate":0,"timestamp":1563054431,"path_taken":["M","?","M","?","M","R","E","?","T","E","R","M","E","?","R","BOSS","M","M","M","$","?","R","E","M","T","R","E","M","?","E","R","BOSS"],"build_version":"2019-07-05","purchased_purges":1,"victory":false,"max_hp_per_floor":[71,71,71,71,71,71,71,71,71,71,71,71,71,71,71,71,71,71,71,71,71,71,71,71,71,71,71,71,71,71,71,71,71],"card_choices":[{"not_picked":["Redo","Static Discharge"],"picked":"Turbo","floor":1.0},{"not_picked":["Steam","Sweeping Beam"],"picked":"White Noise","floor":3.0},{"not_picked":["Melter","Conserve Battery"],"picked":"Compile Driver","floor":5.0},{"not_picked":["Leap","Auto Shields"],"picked":"Streamline","floor":7.0},{"not_picked":["Force Field","All For One"],"picked":"Compile Driver","floor":10.0},{"not_picked":["Barrage","Compile Driver"],"picked":"Conserve Battery","floor":12.0},{"not_picked":["Steam","Barrage"],"picked":"Fusion","floor":13.0},{"not_picked":["Biased Cognition","Core Surge"],"picked":"Electrodynamics","floor":16.0},{"not_picked":["Storm","Leap"],"picked":"Coolheaded","floor":18.0},{"not_picked":["Fusion","Barrage"],"picked":"Hologram","floor":19.0},{"not_picked":["Rebound+1","Beam Cell"],"picked":"Gash","floor":20.0},{"not_picked":["Beam Cell","Redo"],"picked":"Go for the Eyes+1","floor":24},{"not_picked":["Leap+1","Turbo"],"picked":"Cold Snap","floor":25},{"not_picked":["Reboot","Conserve Battery"],"picked":"Force Field","floor":28},{"not_picked":["Heatsinks+1","FTL"],"picked":"Blizzard","floor":29},{"not_picked":["Sweeping Beam","Aggregate"],"picked":"Stack","floor":31}],"player_experience":2068876,"relics_obtained":[{"floor":7.0,"key":"Bronze Scales"},{"floor":8.0,"key":"Letter Opener"},{"floor":9.0,"key":"Ancient Tea Set"},{"floor":10.0,"key":"Regal Pillow"},{"floor":13.0,"key":"Cables"},{"floor":24,"key":"Boot"},{"floor":26,"key":"Meat on the Bone"},{"floor":28,"key":"Blood Vial"},{"floor":31,"key":"Emotion Chip"}],"event_choices":[{"damage_healed":0.0,"max_hp_gain":0.0,"max_hp_loss":0.0,"gold_gain":0.0,"event_name":"Scrap Ooze","player_choice":"Success","floor":2.0,"gold_loss":0.0,"damage_taken":26.0,"relics_obtained":["Mercury Hourglass"]},{"damage_healed":0.0,"max_hp_gain":0.0,"max_hp_loss":0.0,"gold_gain":0.0,"event_name":"Golden Idol","player_choice":"Ignored","floor":4.0,"gold_loss":0.0,"damage_taken":0.0},{"damage_healed":0.0,"max_hp_gain":0.0,"max_hp_loss":0.0,"gold_gain":0.0,"event_name":"Upgrade Shrine","player_choice":"Upgraded","floor":14.0,"gold_loss":0.0,"damage_taken":0.0,"cards_upgraded":["Fusion"]},{"cards_removed":["Strike_B"],"damage_healed":0.0,"max_hp_gain":0.0,"max_hp_loss":0.0,"gold_gain":0.0,"event_name":"Beggar","player_choice":"Gave Gold","floor":22.0,"gold_loss":75.0,"damage_taken":0.0},{"damage_healed":0,"gold_gain":0,"player_choice":"Ignored","damage_taken":0,"max_hp_gain":0,"max_hp_loss":0,"event_name":"Ghosts","floor":30,"gold_loss":0}],"is_beta":false,"boss_relics":[{"not_picked":["Philosopher\u0027s Stone","Coffee Dripper"],"picked":"Sozu"}],"items_purged_floors":[21],"is_endless":false,"potions_floor_spawned":[3,7,12,18,19,25,29],"killed_by":"Champ","ascension_level":18}