{"gold_per_floor":[215,228,244,261,114,114,149,149,175,188,188,188,188,206,206,306,306,317,317,317,328,328,328,328],"floor_reached":24,"playtime":1586,"items_purged":["Strike_B"],"score":320,"play_id":"c0d1a2df-3542-4f1b-a0c4-9617db39fbd5","local_time":"20180629221038","is_ascension_mode":true,"campfire_choices":[{"data":"Zap","floor":6,"key":"SMITH"},{"data":"Echo Form","floor":8,"key":"SMITH"},{"data":"BootSequence","floor":15,"key":"SMITH"},{"data":"Hologram","floor":23,"key":"SMITH"}],"neow_cost":"NONE","seed_source_timestamp":16411982899039,"circlet_count":0,"master_deck":["Strike_B","Strike_B","Defend_B","Defend_B","Defend_B","Defend_B","Zap+1","Coolheaded+1","Self Repair","Echo Form+1","Sunder","Cold Snap","BootSequence+1","Electrodynamics","Beam Cell","Leap","RitualDagger","Hologram+1"],"relics":["Cracked Core","Dream Catcher","Singing Bowl","Orrery"],"potions_floor_usage":[24,24],"damage_taken":[{"damage":1,"enemies":"Cultist","floor":1,"turns":3},{"damage":2,"enemies":"Jaw Worm","floor":2,"turns":4},{"damage":10,"enemies":"Small Slimes","floor":3,"turns":3},{"damage":11,"enemies":"3 Louse","floor":4,"turns":6},{"damage":10,"enemies":"Lagavulin","floor":7,"turns":4},{"damage":12,"enemies":"Looter","floor":10,"turns":3},{"damage":0,"enemies":"Lots of Slimes","floor":14,"turns":4},{"damage":0,"enemies":"Slime Boss","floor":16,"turns":8},{"damage":19,"enemies":"Shell Parasite","floor":18,"turns":12},{"damage":9,"enemies":"2 Thieves","floor":21,"turns":4},{"damage":73,"enemies":"Gremlin Leader","floor":24,"turns":8}],"seed_played":"-3328253941410370275","potions_obtained":[{"floor":2,"key":"Weak Potion"},{"floor":3,"key":"Strength Potion"},{"floor":7,"key":"Poison Potion"},{"floor":18,"key":"FocusPotion"}],"is_trial":false,"path_per_floor":["M","M","M","M","$","R","E","R","T","M","?","?","?","M","R","B",null,"M","?","?","M","?","R"],"character_chosen":"DEFECT","items_purchased":["Sunder"],"campfire_rested":0,"item_purchase_floors":[5],"current_hp_per_floor":[67,65,55,51,51,51,41,41,41,38,38,38,38,45,45,59,79,69,63,63,61,61,61,0],"gold":328,"neow_bonus":"HUNDRED_GOLD","is_prod":false,"is_daily":false,"chose_seed":false,"campfire_upgraded":4,"win_rate":0,"timestamp":1530335438,"path_taken":["M","M","M","?","$","R","E","R","T","M","?","?","?","M","R","BOSS","M","?","?","?","?","R","E"],"build_version":"2018-06-28","purchased_purges":1,"victory":false,"max_hp_per_floor":[75,75,75,75,75,75,75,75,75,77,77,77,77,77,77,77,83,85,85,85,85,85,85,85],"card_choices":[{"not_picked":["Compile Driver","Scrape"],"picked":"Coolheaded","floor":1},{"not_picked":["Reprogram","White Noise","Stack"],"picked":"SKIP","floor":2},{"not_picked":["Barrage","Streamline"],"picked":"Self Repair","floor":3},{"not_picked":["Coolheaded","Leap"],"picked":"Echo Form","floor":4},{"not_picked":["Force Field","FTL"],"picked":"Cold Snap","floor":7},{"not_picked":["Steam","Hello World","Auto Shields"],"picked":"Singing Bowl","floor":10},{"not_picked":["Reprogram","Steam"],"picked":"BootSequence","floor":14},{"not_picked":["Thunder Strike","Echo Form"],"picked":"Electrodynamics","floor":16},{"not_picked":["Stack","Steam","Barrage"],"picked":"Singing Bowl","floor":17},{"not_picked":["Chaos","BootSequence","Force Field"],"picked":"Singing Bowl","floor":17},{"not_picked":["Cold Snap","Rip and Tear"],"picked":"Beam Cell","floor":17},{"not_picked":["Go for the Eyes","Fission"],"picked":"Leap","floor":17},{"not_picked":["Gash","Go for the Eyes","Static Discharge"],"picked":"Singing Bowl","floor":17},{"not_picked":["Ball Lightning","Force Field","Sweeping Beam"],"picked":"Singing Bowl","floor":18},{"not_picked":["Beam Cell","Chaos"],"picked":"Hologram","floor":21}],"player_experience":569960,"relics_obtained":[{"floor":7,"key":"Dream Catcher"},{"floor":9,"key":"Singing Bowl"}],"event_choices":[{"event_name":"Living Wall","player_choice":"Forget","floor":11,"damage_taken":0},{"event_name":"Bonfire Elementals","player_choice":"BASIC","floor":12,"damage_taken":0},{"event_name":"Upgrade Shrine","player_choice":"Upgraded","floor":13,"damage_taken":0},{"event_name":"Nest","player_choice":"Joined the Cult","floor":19,"damage_taken":0},{"event_name":"The Mausoleum","player_choice":"No","floor":20,"damage_taken":0},{"event_name":"Drug Dealer","player_choice":"Ignored","floor":22,"damage_taken":0}],"boss_relics":[{"not_picked":["Philosopher\u0027s Stone","Nuclear Battery"],"picked":"Orrery"}],"items_purged_floors":[5],"is_endless":false,"potions_floor_spawned":[2,3,7,18,21],"killed_by":"Gremlin Leader","ascension_level":6}