{"gold_per_floor":[113,128,147,147,2,2,2,2,2,2,19,19,33,33,33,137,137,121,121],"floor_reached":19,"playtime":63257,"items_purged":["Dualcast"],"score":251,"play_id":"8fdb1454-f9cd-47ad-a52f-9b03bc0e0832","local_time":"20190210122211","is_ascension_mode":true,"campfire_choices":[{"data":"Capacitor","floor":6,"key":"SMITH"},{"data":"Sunder","floor":8,"key":"SMITH"},{"data":"Coolheaded","floor":12,"key":"SMITH"},{"data":"Hologram","floor":15,"key":"SMITH"}],"neow_cost":"NONE","seed_source_timestamp":690355332890064,"circlet_count":0,"master_deck":["AscendersBane","Strike_B","Strike_B","Strike_B","Strike_B","Defend_B","Defend_B","Defend_B","Defend_B","Zap+1","Capacitor+1","Sunder+1","Coolheaded+1","Hologram+1","Genetic Algorithm"],"relics":["Cracked Core","Bottled Lightning","Eternal Feather"],"potions_floor_usage":[13,16],"damage_taken":[{"damage":1,"enemies":"Small Slimes","floor":1,"turns":4},{"damage":0,"enemies":"Cultist","floor":2,"turns":4},{"damage":2,"enemies":"Jaw Worm","floor":3,"turns":3},{"damage":14,"enemies":"Red Slaver","floor":11,"turns":2},{"damage":10,"enemies":"Gremlin Gang","floor":13,"turns":3},{"damage":16,"enemies":"The Guardian","floor":16,"turns":9},{"damage":24,"enemies":"2 Thieves","floor":18,"turns":4},{"damage":4,"enemies":"Shell Parasite","floor":19,"turns":2}],"seed_played":"6329414277495378803","potions_obtained":[{"floor":0,"key":"Fire Potion"},{"floor":0,"key":"FocusPotion"}],"is_trial":false,"path_per_floor":["M","M","M","?","$","R","$","R","T","$","M","R","M","$","R","B",null,"M","M"],"character_chosen":"DEFECT","items_purchased":["Sunder"],"campfire_rested":0,"item_purchase_floors":[5],"current_hp_per_floor":[67,67,65,65,65,65,65,65,65,65,51,51,41,41,41,25,63,39,35],"gold":121,"neow_bonus":"THREE_SMALL_POTIONS","is_prod":false,"is_daily":false,"chose_seed":false,"campfire_upgraded":4,"win_rate":0,"timestamp":1549830131,"path_taken":["M","M","M","?","$","R","$","R","T","?","M","R","?","?","R","BOSS","M","?"],"build_version":"2019-01-23","purchased_purges":1,"victory":false,"max_hp_per_floor":[75,75,75,75,75,75,75,75,75,75,75,75,75,75,75,75,75,75,75],"card_choices":[{"not_picked":["White Noise","Stack","Static Discharge"],"picked":"SKIP","floor":1},{"not_picked":["Steam","Compile Driver"],"picked":"Capacitor","floor":2},{"not_picked":["Streamline","Beam Cell","Recycle"],"picked":"SKIP","floor":3},{"not_picked":["Barrage","Consume"],"picked":"Coolheaded","floor":11},{"not_picked":["FTL","White Noise"],"picked":"Hologram","floor":13},{"not_picked":["Recycle","Redo"],"picked":"Genetic Algorithm","floor":18}],"player_experience":859229,"relics_obtained":[{"floor":9,"key":"Bottled Lightning"}],"event_choices":[{"damage_healed":0,"gold_gain":0,"player_choice":"Forge","damage_taken":0,"max_hp_gain":0,"max_hp_loss":0,"event_name":"Accursed Blacksmith","floor":4,"gold_loss":0,"cards_upgraded":["Zap"]}],"is_beta":false,"boss_relics":[{"not_picked":["Empty Cage","Snecko Eye"],"picked":"Eternal Feather"}],"items_purged_floors":[5],"is_endless":false,"potions_floor_spawned":[3,13],"killed_by":"Shell Parasite","ascension_level":12}