{"gold_per_floor":[112,37,47,60,72,72,98,98,98,98,131,144,144,177,177,278,278,293,308,308,325,325,325,358,110,110,121,121,121,147,164,164,262,262,276,34,54,71,84,84,100,119,119,119,129,129,139,158,158,158],"floor_reached":51,"playtime":5323,"items_purged":["Shame"],"score":1095,"play_id":"3268efd9-3ad7-40cb-a60a-8591cd411ad1","local_time":"20191016002717","is_ascension_mode":true,"campfire_choices":[{"data":"True Grit","floor":6.0,"key":"SMITH"},{"data":"Perfected Strike","floor":8.0,"key":"SMITH"},{"data":"Bash","floor":10.0,"key":"SMITH"},{"data":"Perfected Strike","floor":15.0,"key":"SMITH"},{"data":"Evolve","floor":23.0,"key":"SMITH"},{"data":"Shrug It Off","floor":28.0,"key":"SMITH"},{"floor":32.0,"key":"REST"},{"data":"Perfected Strike","floor":40.0,"key":"SMITH"},{"data":"Reaper","floor":44.0,"key":"SMITH"},{"data":"Wild Strike","floor":46.0,"key":"SMITH"},{"floor":49,"key":"REST"}],"neow_cost":"CURSE","seed_source_timestamp":0,"circlet_count":0,"master_deck":["AscendersBane","Strike_R+1","Strike_R+1","Strike_R+1","Strike_R+1","Strike_R+1","Defend_R+1","Defend_R+1","Defend_R+1","Defend_R+1","Bash+1","True Grit+1","Perfected Strike+1","Shrug It Off+1","Wild Strike+1","Perfected Strike+1","Good Instincts+1","Fiend Fire+1","Feed+1","Evolve+1","Flame Barrier+1","Twin Strike+1","Twin Strike","Exhume+1","Corruption+1","Writhe","Dual Wield+1","Reaper+1","Spot Weakness+1","Shrug It Off+1","Sentinel+1","Perfected Strike+1","Disarm+1","Uppercut+1","Perfected Strike+1"],"special_seed":0,"relics":["Burning Blood","Ginger","Singing Bowl","Matryoshka","Bag of Marbles","The Courier","Mark of Pain","Toxic Egg 2","Anchor","Frozen Egg 2","Whetstone","Blue Candle","Ornamental Fan","Velvet Choker","Pantograph","War Paint","Bag of Preparation"],"potions_floor_usage":[48],"damage_taken":[{"damage":11.0,"enemies":"Cultist","floor":1.0,"turns":5.0},{"damage":0.0,"enemies":"2 Louse","floor":3.0,"turns":3.0},{"damage":7.0,"enemies":"Small Slimes","floor":4.0,"turns":5.0},{"damage":3.0,"enemies":"2 Fungi Beasts","floor":5.0,"turns":4.0},{"damage":21.0,"enemies":"3 Sentries","floor":7.0,"turns":12.0},{"damage":39.0,"enemies":"Lagavulin","floor":11.0,"turns":8.0},{"damage":6.0,"enemies":"Exordium Wildlife","floor":12.0,"turns":5.0},{"damage":13.0,"enemies":"Gremlin Nob","floor":14.0,"turns":3.0},{"damage":19.0,"enemies":"Hexaghost","floor":16.0,"turns":9.0},{"damage":7.0,"enemies":"Chosen","floor":18.0,"turns":3.0},{"damage":3.0,"enemies":"2 Thieves","floor":19.0,"turns":3.0},{"damage":12.0,"enemies":"Snake Plant","floor":21.0,"turns":3.0},{"damage":31.0,"enemies":"Slavers","floor":24.0,"turns":5.0},{"damage":0.0,"enemies":"Centurion and Healer","floor":27.0,"turns":7.0},{"damage":25.0,"enemies":"Book of Stabbing","floor":30.0,"turns":5.0},{"damage":10.0,"enemies":"Cultist and Chosen","floor":31.0,"turns":6.0},{"damage":64.0,"enemies":"Automaton","floor":33.0,"turns":10.0},{"damage":1.0,"enemies":"3 Shapes","floor":35.0,"turns":3.0},{"damage":18.0,"enemies":"3 Darklings","floor":37.0,"turns":6.0},{"damage":21.0,"enemies":"Maw","floor":38.0,"turns":8.0},{"damage":12.0,"enemies":"4 Shapes","floor":39.0,"turns":7.0},{"damage":13.0,"enemies":"Sphere and 2 Shapes","floor":41.0,"turns":4.0},{"damage":23.0,"enemies":"Maw","floor":42.0,"turns":9.0},{"damage":8.0,"enemies":"Spire Growth","floor":45.0,"turns":5.0},{"damage":35.0,"enemies":"Transient","floor":47.0,"turns":5.0},{"damage":8,"enemies":"Writhing Mass","floor":48,"turns":4},{"damage":104,"enemies":"Awakened One","floor":50,"turns":13}],"seed_played":"8744691451510739818","potions_obtained":[{"floor":1.0,"key":"Strength Potion"},{"floor":5.0,"key":"Swift Potion"},{"floor":7.0,"key":"LiquidBronze"},{"floor":11.0,"key":"Poison Potion"},{"floor":27.0,"key":"Strength Potion"},{"floor":30.0,"key":"Ancient Potion"},{"floor":33.0,"key":"SkillPotion"},{"floor":37.0,"key":"SteroidPotion"},{"floor":39.0,"key":"AttackPotion"},{"floor":45.0,"key":"Block Potion"},{"floor":47.0,"key":"Fire Potion"}],"is_trial":false,"path_per_floor":["M","$","M","M","M","R","E","R","T","R","E","M","?","E","R","B",null,"M","M","?","M","?","R","E","$","T","M","R","?","E","M","R","B",null,"M","$","M","M","M","R","M","M","T","R","M","R","M","M","R","B",null],"character_chosen":"IRONCLAD","items_purchased":["Exhume+1","Anchor","Shrug It Off+1","Pantograph"],"campfire_rested":2,"item_purchase_floors":[25,25,36,36],"current_hp_per_floor":[67,67,73,72,75,75,62,62,62,62,29,29,29,24,24,11,66,68,71,71,69,69,69,48,48,48,62,62,62,43,45,77,19,87,108,108,100,89,101,101,102,103,103,103,107,107,92,94,142,78],"gold":158,"neow_bonus":"ONE_RARE_RELIC","is_prod":false,"is_daily":false,"chose_seed":false,"campfire_upgraded":9,"win_rate":0,"timestamp":1571200037,"path_taken":["M","$","M","M","M","R","E","R","T","R","E","?","?","E","R","BOSS","M","?","?","?","?","R","E","$","T","M","R","?","E","M","R","BOSS","M","$","M","M","M","R","M","M","T","R","M","R","M","M","R","BOSS"],"build_version":"2019-07-17","purchased_purges":1,"victory":true,"max_hp_per_floor":[80,80,80,80,80,80,82,82,82,82,82,82,82,84,84,84,84,87,87,87,91,91,91,95,95,95,103,103,103,103,109,109,109,109,117,117,121,121,139,139,147,153,153,153,159,159,159,163,163,163],"card_choices":[{"not_picked":["Hemokinesis","Thunderclap","Clash"],"picked":"SKIP","floor":1.0},{"not_picked":["Battle Trance","Iron Wave"],"picked":"True Grit","floor":3.0},{"not_picked":["Havoc","Anger"],"picked":"Perfected Strike","floor":4.0},{"not_picked":["Flex","Havoc"],"picked":"Shrug It Off","floor":5.0},{"not_picked":["Thunderclap","Rampage","Rupture"],"picked":"Singing Bowl","floor":7.0},{"not_picked":["Spot Weakness","Rupture"],"picked":"Wild Strike","floor":11.0},{"not_picked":["Cleave","Sword Boomerang"],"picked":"Perfected Strike","floor":12.0},{"not_picked":["Flame Barrier","Shrug It Off","Iron Wave"],"picked":"Singing Bowl","floor":14.0},{"not_picked":["Offering","Exhume"],"picked":"Feed","floor":16.0},{"not_picked":["Anger","Havoc"],"picked":"Evolve","floor":18.0},{"not_picked":["Clash","True Grit"],"picked":"Flame Barrier+1","floor":19.0},{"not_picked":["Body Slam+1","True Grit"],"picked":"Twin Strike","floor":21.0},{"not_picked":["Headbutt+1","Whirlwind"],"picked":"Twin Strike","floor":24.0},{"not_picked":["Dark Embrace+1","True Grit+1"],"picked":"Corruption+1","floor":27.0},{"not_picked":["Havoc+1","Intimidate+1"],"picked":"Dual Wield+1","floor":30.0},{"not_picked":["Dropkick","Flex+1","Anger"],"picked":"Singing Bowl","floor":31.0},{"not_picked":["Demon Form+1","Berserk+1"],"picked":"Reaper","floor":33.0},{"not_picked":["Iron Wave+1","Sever Soul+1"],"picked":"Spot Weakness+1","floor":35.0},{"not_picked":["Havoc+1","Heavy Blade+1"],"picked":"Sentinel+1","floor":37.0},{"not_picked":["Entrench+1","Headbutt"],"picked":"Perfected Strike","floor":38.0},{"not_picked":["Anger","Rupture+1","Clash"],"picked":"Singing Bowl","floor":39.0},{"not_picked":["Sever Soul+1","Headbutt"],"picked":"Disarm+1","floor":41.0},{"not_picked":["True Grit+1","Offering+1","Carnage+1"],"picked":"Singing Bowl","floor":42.0},{"not_picked":["Battle Trance+1","Wild Strike","Whirlwind"],"picked":"Singing Bowl","floor":45.0},{"not_picked":["Headbutt+1","Sword Boomerang"],"picked":"Uppercut+1","floor":47.0},{"not_picked":["Battle Trance+1","Shrug It Off+1"],"picked":"Perfected Strike+1","floor":48}],"player_experience":802778,"relics_obtained":[{"floor":7.0,"key":"Singing Bowl"},{"floor":9.0,"key":"Matryoshka"},{"floor":11.0,"key":"Bag of Marbles"},{"floor":14.0,"key":"The Courier"},{"floor":24.0,"key":"Toxic Egg 2"},{"floor":26.0,"key":"Frozen Egg 2"},{"floor":26.0,"key":"Whetstone"},{"floor":30.0,"key":"Ornamental Fan"},{"floor":43.0,"key":"War Paint"},{"floor":43.0,"key":"Bag of Preparation"}],"event_choices":[{"damage_healed":0.0,"max_hp_gain":0.0,"max_hp_loss":0.0,"gold_gain":0.0,"event_name":"Match and Keep!","player_choice":"2 cards matched","floor":13.0,"gold_loss":0.0,"damage_taken":0.0,"cards_obtained":["Good Instincts","Fiend Fire"]},{"damage_healed":0.0,"max_hp_gain":0.0,"max_hp_loss":0.0,"gold_gain":0.0,"event_name":"Upgrade Shrine","player_choice":"Upgraded","floor":20.0,"gold_loss":0.0,"damage_taken":0.0,"cards_upgraded":["Feed"]},{"damage_healed":0.0,"max_hp_gain":0.0,"max_hp_loss":0.0,"gold_gain":0.0,"event_name":"Back to Basics","player_choice":"Simplicity","floor":22.0,"gold_loss":0.0,"damage_taken":0.0,"cards_upgraded":["Strike_R","Strike_R","Strike_R","Strike_R","Strike_R","Defend_R","Defend_R","Defend_R","Defend_R"]},{"damage_healed":0.0,"max_hp_gain":0.0,"max_hp_loss":0.0,"gold_gain":0.0,"event_name":"The Mausoleum","player_choice":"Opened","floor":29.0,"gold_loss":0.0,"damage_taken":0.0,"relics_obtained":["Blue Candle"],"cards_obtained":["Writhe"]}],"is_beta":false,"boss_relics":[{"not_picked":["Cursed Key","Busted Crown"],"picked":"Mark of Pain"},{"not_picked":["Eternal Feather","Empty Cage"],"picked":"Velvet Choker"}],"items_purged_floors":[2],"is_endless":false,"potions_floor_spawned":[1,5,7,11,27,30,33,37,39,45,47],"ascension_level":10}