{"gold_per_floor":[116,116,116,140,161,192,211,252,278,302,327,352,352,377,377,377],"floor_reached":16,"playtime":764,"items_purged":[],"score":120,"play_id":"f202503c-06d1-4487-8c47-e8ddccd73bd6","local_time":"20190816215637","is_ascension_mode":true,"campfire_choices":[{"floor":13,"key":"REST"},{"data":"Gash","floor":15,"key":"SMITH"}],"neow_cost":"NONE","seed_source_timestamp":228816263534500,"circlet_count":0,"master_deck":["Strike_B","Strike_B","Strike_B","Strike_B","Defend_B","Defend_B","Defend_B","Defend_B","Zap","Dualcast","Genetic Algorithm","Gash+1","Genetic Algorithm","Chill","Hologram","Hologram","White Noise","Core Surge"],"relics":["Cracked Core","Blood Vial","Golden Idol","DataDisk","Happy Flower","Oddly Smooth Stone"],"potions_floor_usage":[6,8,8],"damage_taken":[{"damage":0,"enemies":"Cultist","floor":1,"turns":4},{"damage":9,"enemies":"Small Slimes","floor":4,"turns":3},{"damage":4,"enemies":"Jaw Worm","floor":5,"turns":4},{"damage":14,"enemies":"3 Sentries","floor":6,"turns":10},{"damage":3,"enemies":"Exordium Thugs","floor":7,"turns":5},{"damage":8,"enemies":"Gremlin Nob","floor":8,"turns":3},{"damage":0,"enemies":"Red Slaver","floor":11,"turns":3},{"damage":0,"enemies":"Lots of Slimes","floor":12,"turns":4},{"damage":0,"enemies":"2 Fungi Beasts","floor":14,"turns":4},{"damage":47,"enemies":"Hexaghost","floor":16,"turns":11}],"seed_played":"176161188949301930","potions_obtained":[{"floor":1,"key":"EssenceOfSteel"},{"floor":6,"key":"Strength Potion"},{"floor":7,"key":"FearPotion"}],"is_trial":false,"path_per_floor":["M","?","?","M","M","E","M","E","T","T","M","M","R","M","R","B"],"character_chosen":"DEFECT","items_purchased":[],"campfire_rested":1,"item_purchase_floors":[],"current_hp_per_floor":[75,63,45,38,36,24,23,17,17,17,19,21,43,45,45,0],"gold":377,"neow_bonus":"THREE_CARDS","is_prod":false,"is_daily":false,"chose_seed":false,"campfire_upgraded":1,"win_rate":0,"timestamp":1566017797,"path_taken":["M","?","?","M","?","E","M","E","T","?","M","M","R","M","R","BOSS"],"build_version":"2019-08-15","purchased_purges":0,"victory":false,"max_hp_per_floor":[75,75,75,75,75,75,75,75,75,75,75,75,75,75,75,75],"card_choices":[{"not_picked":["Heatsinks","Compile Driver"],"picked":"Genetic Algorithm","floor":0},{"not_picked":["Doom and Gloom","Compile Driver"],"picked":"Gash","floor":1},{"not_picked":["Compile Driver","Turbo"],"picked":"Genetic Algorithm","floor":4},{"not_picked":["Storm","Rip and Tear"],"picked":"Chill","floor":5},{"not_picked":["Stack","Lockon"],"picked":"Hologram","floor":6},{"not_picked":["Barrage","Fusion","Redo"],"picked":"SKIP","floor":7},{"not_picked":["Barrage","Sunder","Auto Shields"],"picked":"SKIP","floor":8},{"not_picked":["Ball Lightning","Sunder"],"picked":"Hologram","floor":11},{"not_picked":["Consume","Conserve Battery"],"picked":"White Noise","floor":12},{"not_picked":["Static Discharge","Compile Driver"],"picked":"Core Surge","floor":14}],"player_experience":1399028,"relics_obtained":[{"floor":6,"key":"DataDisk"},{"floor":8,"key":"Happy Flower"},{"floor":10,"key":"Oddly Smooth Stone"}],"event_choices":[{"damage_healed":0,"gold_gain":0,"player_choice":"Success","damage_taken":12,"relics_obtained":["Blood Vial"],"max_hp_gain":0,"max_hp_loss":0,"event_name":"Scrap Ooze","floor":2,"gold_loss":0},{"damage_healed":0,"gold_gain":0,"player_choice":"Take Damage","damage_taken":18,"relics_obtained":["Golden Idol"],"max_hp_gain":0,"max_hp_loss":0,"event_name":"Golden Idol","floor":3,"gold_loss":0}],"is_beta":true,"boss_relics":[],"items_purged_floors":[],"is_endless":false,"potions_floor_spawned":[1,6,7],"killed_by":"Hexaghost","ascension_level":1}