{"gold_per_floor":[113,132,57,57,57,57,73,103,128,128,140,170,188,208,208,313,313,323,12,29,63,63,96,96,96,122,122,13,13,32,32],"floor_reached":31,"playtime":1668,"items_purged":["Defend_G"],"score":276,"play_id":"a0dfe703-e02e-4fea-951b-bc751f86cc53","local_time":"20190815153947","is_ascension_mode":true,"campfire_choices":[{"data":"1","floor":6,"key":"LIFT"},{"data":"2","floor":15,"key":"LIFT"},{"floor":24,"key":"REST"},{"floor":29,"key":"REST"}],"neow_cost":"TEN_PERCENT_HP_LOSS","seed_source_timestamp":118902211077500,"circlet_count":0,"master_deck":["Strike_G","Defend_G","Defend_G","Defend_G","Survivor","Neutralize+1","Dodge and Roll+1","Noxious Fumes","Infinite Blades","Escape Plan","Poisoned Stab","Burst","Deadly Poison","Die Die Die","Bullet Time+1","Cloak And Dagger+1","Skewer+1","Well Laid Plans","Accuracy","Choke","Crippling Poison","Calculated Gamble","Dash","Blade Dance","Decay","Riddle With Holes","Catalyst","Predator"],"relics":["Ring of the Snake","Girya","Oddly Smooth Stone","Pantograph","Astrolabe","Pen Nib","Red Mask","Juzu Bracelet","Vajra"],"potions_floor_usage":[12,18,31],"damage_taken":[{"damage":1,"enemies":"2 Louse","floor":1,"turns":4},{"damage":1,"enemies":"Small Slimes","floor":2,"turns":5},{"damage":0,"enemies":"Cultist","floor":7,"turns":4},{"damage":14,"enemies":"3 Sentries","floor":8,"turns":8},{"damage":0,"enemies":"2 Fungi Beasts","floor":11,"turns":3},{"damage":5,"enemies":"Gremlin Nob","floor":12,"turns":4},{"damage":1,"enemies":"Looter","floor":13,"turns":3},{"damage":3,"enemies":"Blue Slaver","floor":14,"turns":4},{"damage":33,"enemies":"Slime Boss","floor":16,"turns":10},{"damage":12,"enemies":"Spheric Guardian","floor":18,"turns":4},{"damage":5,"enemies":"Shell Parasite","floor":20,"turns":4},{"damage":7,"enemies":"Masked Bandits","floor":21,"turns":4},{"damage":33,"enemies":"Gremlin Leader","floor":23,"turns":7},{"damage":12,"enemies":"Centurion and Healer","floor":30,"turns":4},{"damage":32,"enemies":"Book of Stabbing","floor":31,"turns":4}],"seed_played":"9052809988167004337","potions_obtained":[{"floor":2,"key":"Ancient Potion"},{"floor":8,"key":"FearPotion"},{"floor":11,"key":"Weak Potion"},{"floor":13,"key":"GamblersBrew"},{"floor":21,"key":"SpeedPotion"}],"is_trial":false,"path_per_floor":["M","M","$","?","?","R","M","E","T","?","M","E","M","M","R","B",null,"M","$","M","?","?","E","R","$","T","?","$","R","M","E"],"character_chosen":"THE_SILENT","items_purchased":["Pen Nib","Accuracy","Choke","Riddle With Holes","Catalyst"],"campfire_rested":2,"item_purchase_floors":[19,19,19,28,28],"current_hp_per_floor":[62,61,61,61,48,48,48,34,34,34,34,29,28,25,25,17,63,51,51,46,39,39,6,24,24,24,24,24,42,30,0],"gold":32,"neow_bonus":"ONE_RARE_RELIC","is_prod":false,"is_daily":false,"chose_seed":false,"campfire_upgraded":0,"win_rate":0,"timestamp":1565908787,"path_taken":["M","M","$","?","?","R","M","E","T","?","?","E","M","M","R","BOSS","M","$","M","?","?","E","R","$","T","?","$","R","M","E"],"build_version":"2019-08-15","purchased_purges":1,"victory":false,"max_hp_per_floor":[63,63,63,63,63,63,63,63,63,63,63,63,63,63,63,63,63,63,63,63,63,63,63,63,63,63,63,63,63,63,63],"card_choices":[{"not_picked":["Deflect","Outmaneuver"],"picked":"Dodge and Roll","floor":1},{"not_picked":["Flying Knee","Deflect"],"picked":"Noxious Fumes","floor":2},{"not_picked":["Accuracy","Masterful Stab"],"picked":"Infinite Blades","floor":7},{"not_picked":["Dodge and Roll","Outmaneuver"],"picked":"Escape Plan","floor":8},{"not_picked":["Tactician","Eviscerate","Reflex"],"picked":"SKIP","floor":11},{"not_picked":["Prepared","Outmaneuver"],"picked":"Poisoned Stab","floor":12},{"not_picked":["Sucker Punch","Deflect"],"picked":"Burst","floor":13},{"not_picked":["Outmaneuver","Bane"],"picked":"Deadly Poison","floor":14},{"not_picked":["Unload","Phantasmal Killer"],"picked":"Die Die Die","floor":16},{"not_picked":["Endless Agony","Setup"],"picked":"Well Laid Plans","floor":18},{"not_picked":["Dagger Spray","Deflect"],"picked":"Crippling Poison","floor":20},{"not_picked":["Deflect+1","Dodge and Roll"],"picked":"Blade Dance","floor":23},{"not_picked":["Tools of the Trade","Poisoned Stab"],"picked":"Predator","floor":30}],"player_experience":1389620,"relics_obtained":[{"floor":8,"key":"Oddly Smooth Stone"},{"floor":12,"key":"Pantograph"},{"floor":21,"key":"Red Mask"},{"floor":23,"key":"Juzu Bracelet"},{"floor":26,"key":"Vajra"}],"event_choices":[{"damage_healed":0,"gold_gain":0,"player_choice":"Ignored","damage_taken":0,"max_hp_gain":0,"max_hp_loss":0,"event_name":"Liars Game","floor":4,"gold_loss":0},{"damage_healed":0,"gold_gain":0,"player_choice":"Entered Light","damage_taken":13,"max_hp_gain":0,"max_hp_loss":0,"event_name":"Shining Light","floor":5,"gold_loss":0,"cards_upgraded":["Dodge and Roll","Defend_G"]},{"damage_healed":0,"gold_gain":0,"player_choice":"Forge","damage_taken":0,"max_hp_gain":0,"max_hp_loss":0,"event_name":"Accursed Blacksmith","floor":10,"gold_loss":0,"cards_upgraded":["Neutralize"]},{"damage_healed":0,"gold_gain":0,"player_choice":"Fought Bandits","damage_taken":0,"max_hp_gain":0,"max_hp_loss":0,"event_name":"Masked Bandits","floor":21,"gold_loss":0},{"damage_healed":0,"gold_gain":0,"cards_transformed":["Strike_G","Strike_G"],"player_choice":"Became Test Subject","damage_taken":0,"max_hp_gain":0,"max_hp_loss":0,"event_name":"Drug Dealer","floor":22,"gold_loss":0,"cards_obtained":["Calculated Gamble","Dash"]},{"damage_healed":0,"gold_gain":0,"player_choice":"Smashed Altar","damage_taken":0,"max_hp_gain":0,"max_hp_loss":0,"event_name":"Forgotten Altar","floor":27,"gold_loss":0,"cards_obtained":["Decay"]}],"is_beta":true,"boss_relics":[{"not_picked":["Snecko Eye","Coffee Dripper"],"picked":"Astrolabe"}],"items_purged_floors":[3],"is_endless":false,"potions_floor_spawned":[2,8,11,13,21],"killed_by":"Book of Stabbing","ascension_level":1}