{"gold_per_floor":[118,136,36,46,65,65,82,82,108,31,42,60,60,73,73,150,150,169,183,183,108,127,127,127,138,184,39,52,68,68,85,85,162,212,223,237,71,171,184,184,184,199,199,199,49,49,83,97,97,97],"floor_reached":51,"playtime":249366,"items_purged":["Dualcast","Strike_B","Defend_B","Defend_B"],"score":1215,"play_id":"21972397-4456-4946-8d5d-5a61ef9ad792","local_time":"20190626201137","is_ascension_mode":true,"campfire_choices":[{"data":"Zap","floor":6.0,"key":"SMITH"},{"data":"Defragment","floor":8.0,"key":"SMITH"},{"data":"Loop","floor":13.0,"key":"SMITH"},{"data":"Self Repair","floor":15.0,"key":"SMITH"},{"data":"Echo Form","floor":23,"key":"SMITH"},{"data":"Hologram","floor":30,"key":"SMITH"},{"data":"Capacitor","floor":32,"key":"SMITH"},{"data":"Loop","floor":40,"key":"SMITH"},{"floor":44,"key":"DIG"},{"data":"Go for the Eyes","floor":49,"key":"SMITH"}],"neow_cost":"NONE","seed_source_timestamp":0,"circlet_count":0,"master_deck":["AscendersBane","Strike_B","Strike_B","Defend_B","Defend_B","Zap+1","Defragment+1","Self Repair+1","Cold Snap","Chill","Go for the Eyes+1","Blizzard","Loop+1","Force Field","Echo Form+1","Conserve Battery","Coolheaded+1","Glacier+1","Capacitor+1","Hologram+1","Barrage+1","Capacitor","Aggregate+1","Loop+1","White Noise+1","Machine Learning"],"special_seed":0,"relics":["Cracked Core","Potion Belt","Runic Pyramid","Omamori","Ancient Tea Set","Tiny House","Shovel","Darkstone Periapt","Dream Catcher","Sundial"],"potions_floor_usage":[38,39,42,50,50,50],"damage_taken":[{"damage":1.0,"enemies":"Cultist","floor":1.0,"turns":3.0},{"damage":7.0,"enemies":"Jaw Worm","floor":2.0,"turns":3.0},{"damage":0.0,"enemies":"Small Slimes","floor":4.0,"turns":5.0},{"damage":9.0,"enemies":"Red Slaver","floor":5.0,"turns":4.0},{"damage":14.0,"enemies":"Exordium Wildlife","floor":7.0,"turns":4.0},{"damage":13.0,"enemies":"Large Slime","floor":11.0,"turns":4.0},{"damage":2.0,"enemies":"Exordium Thugs","floor":12.0,"turns":5.0},{"damage":4.0,"enemies":"Looter","floor":14.0,"turns":3.0},{"damage":0.0,"enemies":"The Guardian","floor":16.0,"turns":13.0},{"damage":10.0,"enemies":"Shell Parasite","floor":18.0,"turns":6.0},{"damage":11.0,"enemies":"Spheric Guardian","floor":19.0,"turns":6.0},{"damage":23,"enemies":"Shelled Parasite and Fungi","floor":22,"turns":8},{"damage":14,"enemies":"Centurion and Healer","floor":25,"turns":8},{"damage":18,"enemies":"Snake Plant","floor":28,"turns":5},{"damage":1,"enemies":"Shelled Parasite and Fungi","floor":29,"turns":9},{"damage":0,"enemies":"Snecko","floor":31,"turns":10},{"damage":18,"enemies":"Collector","floor":33,"turns":10},{"damage":20,"enemies":"3 Darklings","floor":35,"turns":10},{"damage":10,"enemies":"Orb Walker","floor":36,"turns":5},{"damage":0,"enemies":"Mind Bloom Boss Battle","floor":38,"turns":10},{"damage":13,"enemies":"Spire Growth","floor":39,"turns":7},{"damage":52,"enemies":"Transient","floor":42,"turns":5},{"damage":2,"enemies":"Giant Head","floor":47,"turns":10},{"damage":20,"enemies":"Jaw Worm Horde","floor":48,"turns":8},{"damage":44,"enemies":"Awakened One","floor":50,"turns":15}],"seed_played":"-5418512357302058340","potions_obtained":[{"floor":2.0,"key":"Strength Potion"},{"floor":4.0,"key":"SteroidPotion"},{"floor":12.0,"key":"SteroidPotion"},{"floor":14.0,"key":"SteroidPotion"},{"floor":16.0,"key":"Energy Potion"},{"floor":29,"key":"Swift Potion"},{"floor":31,"key":"Swift Potion"},{"floor":34,"key":"EssenceOfSteel"},{"floor":39,"key":"Swift Potion"},{"floor":47,"key":"SmokeBomb"},{"floor":48,"key":"LiquidBronze"}],"is_trial":false,"path_per_floor":["M","M","$","M","M","R","M","R","T","$","M","M","R","M","R","B",null,"M","M","?","?","M","R","?","M","T","$","M","M","R","M","R","B",null,"M","M","$","?","M","R","?","M","T","R","$","?","E","M","R","B",null],"character_chosen":"DEFECT","items_purchased":["Cold Snap","Loop","Capacitor","Capacitor"],"campfire_rested":0,"item_purchase_floors":[3,10,27,37],"current_hp_per_floor":[63,56,56,56,54,54,47,47,47,47,41,46,46,42,42,52,66,66,65,45,45,32,32,32,38,38,38,40,59,59,76,76,76,81,71,71,71,81,78,78,78,36,36,36,36,52,70,70,70,36],"gold":97,"neow_bonus":"THREE_CARDS","is_prod":false,"is_daily":false,"chose_seed":false,"campfire_upgraded":9,"win_rate":0,"timestamp":1561605097,"path_taken":["M","?","?","M","M","R","M","R","T","$","M","M","R","M","R","BOSS","M","M","?","?","M","R","?","M","T","$","M","?","R","M","R","BOSS","M","M","$","?","M","R","?","?","T","R","$","?","E","M","R","BOSS"],"build_version":"2019-01-23","purchased_purges":4,"victory":true,"max_hp_per_floor":[71,71,71,71,71,71,71,71,71,71,71,71,71,71,71,71,71,71,71,76,76,76,76,76,76,76,76,76,76,76,76,76,76,81,81,81,81,81,81,81,81,81,81,81,81,81,81,81,81,81],"card_choices":[{"not_picked":["Hologram","Self Repair"],"picked":"Defragment","floor":0.0},{"not_picked":["Stack","Turbo","Streamline"],"picked":"SKIP","floor":1.0},{"not_picked":["Beam Cell","Go for the Eyes"],"picked":"Self Repair","floor":2.0},{"not_picked":["Recycle","Compile Driver"],"picked":"Chill","floor":4.0},{"not_picked":["FTL","Redo"],"picked":"Go for the Eyes","floor":5.0},{"not_picked":["Core Surge","Barrage"],"picked":"Blizzard","floor":7.0},{"not_picked":["Blizzard","Tempest"],"picked":"Force Field","floor":11.0},{"not_picked":["Recycle","Leap","Go for the Eyes"],"picked":"SKIP","floor":12.0},{"not_picked":["Cold Snap","Beam Cell","Hello World"],"picked":"SKIP","floor":14.0},{"not_picked":["Creative AI","Rainbow"],"picked":"Echo Form","floor":16.0},{"not_picked":["Steam","Double Energy","Redo"],"picked":"SKIP","floor":18.0},{"not_picked":["Steam","Fusion"],"picked":"Conserve Battery","floor":19.0},{"not_picked":["Sweeping Beam","Auto Shields"],"picked":"Coolheaded","floor":22},{"not_picked":["Steam","Gash"],"picked":"Glacier+1","floor":25},{"not_picked":["Redo","BootSequence"],"picked":"Hologram","floor":28},{"not_picked":["Streamline","Rebound","Machine Learning"],"picked":"SKIP","floor":29},{"not_picked":["Force Field","Coolheaded+1","Conserve Battery"],"picked":"SKIP","floor":31},{"not_picked":["Consume","Hello World"],"picked":"Barrage+1","floor":34},{"not_picked":["Reinforced Body","Beam Cell","Heatsinks+1"],"picked":"SKIP","floor":35},{"not_picked":["Rebound","Sweeping Beam","Go for the Eyes+1"],"picked":"SKIP","floor":36},{"not_picked":["Beam Cell+1","Self Repair"],"picked":"Aggregate+1","floor":38},{"not_picked":["Sunder","Multi-Cast"],"picked":"Loop","floor":39},{"not_picked":["Beam Cell","Coolheaded+1"],"picked":"White Noise+1","floor":42},{"not_picked":["Rebound+1","Gash"],"picked":"Machine Learning","floor":47},{"not_picked":["Rebound","Turbo","Hologram"],"picked":"SKIP","floor":48}],"player_experience":1286129,"relics_obtained":[{"floor":9.0,"key":"Potion Belt"},{"floor":26,"key":"Ancient Tea Set"},{"floor":38,"key":"Shovel"},{"floor":43,"key":"Darkstone Periapt"},{"floor":44,"key":"Dream Catcher"},{"floor":47,"key":"Sundial"}],"event_choices":[{"damage_healed":0.0,"max_hp_gain":5.0,"max_hp_loss":0.0,"gold_gain":0.0,"event_name":"Forgotten Altar","player_choice":"Shed Blood","floor":20.0,"gold_loss":0.0,"damage_taken":25.0},{"cards_removed":["Strike_B"],"damage_healed":0.0,"max_hp_gain":0.0,"max_hp_loss":0.0,"gold_gain":0.0,"event_name":"Beggar","player_choice":"Gave Gold","floor":21.0,"gold_loss":75.0,"damage_taken":0.0},{"damage_healed":0,"gold_gain":0,"player_choice":"Gave Potion","damage_taken":0,"relics_obtained":["Omamori"],"max_hp_gain":0,"max_hp_loss":0,"event_name":"WeMeetAgain","floor":24,"gold_loss":0},{"damage_healed":0,"gold_gain":0,"player_choice":"Fight","damage_taken":0,"max_hp_gain":0,"max_hp_loss":0,"event_name":"MindBloom","floor":38,"gold_loss":0},{"damage_healed":0,"gold_gain":0,"player_choice":"Ignored","damage_taken":0,"max_hp_gain":0,"max_hp_loss":0,"event_name":"Tomb of Lord Red Mask","floor":41,"gold_loss":0},{"damage_healed":16,"gold_gain":0,"player_choice":"Writhe","damage_taken":0,"max_hp_gain":0,"max_hp_loss":0,"event_name":"Winding Halls","floor":46,"gold_loss":0,"cards_obtained":["Writhe"]}],"is_beta":false,"boss_relics":[{"not_picked":["Black Star","Eternal Feather"],"picked":"Runic Pyramid"},{"not_picked":["Runic Dome","Pandora\u0027s Box"],"picked":"Tiny House"}],"items_purged_floors":[3,27,37,45],"is_endless":false,"potions_floor_spawned":[2,4,12,14,16,29,31,36,39,47,48],"ascension_level":16}