{"path_per_floor":["M","M","$","M","M","R","M","M","T","R","?","?","$","M","R","B",null,"M","$","?","M","M","R","M","R","T","R","M","M"],"character_chosen":"DEFECT","items_purchased":["Loop","Leap","Glacier","Streamline"],"gold_per_floor":[119,131,37,54,66,66,80,99,99,99,99,99,26,44,44,144,144,159,59,59,73,88,88,102,102,126,126,140,157,157],"floor_reached":30,"campfire_rested":0,"playtime":2678,"item_purchase_floors":[],"current_hp_per_floor":[69,71,71,72,64,64,63,51,51,51,51,51,51,45,45,71,75,50,50,50,52,34,34,24,24,24,24,8,5,0],"items_purged":["Strike_B"],"gold":157,"score":226,"play_id":"607b42e0-64c6-4c14-af88-f648539f2cb7","local_time":"20180607185220","is_prod":false,"is_daily":false,"chose_seed":false,"is_ascension_mode":false,"campfire_upgraded":6,"win_rate":0,"timestamp":1528422740,"campfire_choices":[{"data":"Hologram","floor":6.0,"key":"SMITH"},{"data":"Zap","floor":10.0,"key":"SMITH"},{"data":"Capacitor","floor":15.0,"key":"SMITH"},{"data":"Glacier","floor":23.0,"key":"SMITH"},{"data":"Static Discharge","floor":25.0,"key":"SMITH"},{"data":"Machine Learning","floor":27.0,"key":"SMITH"}],"path_taken":["M","M","$","M","M","R","M","M","T","R","?","?","?","M","R","BOSS","M","$","?","M","M","R","M","R","T","R","M","M","M"],"build_version":"2018-06-07","seed_source_timestamp":0,"purchased_purges":1,"victory":false,"master_deck":["Strike_B","Strike_B","Defend_B","Defend_B","Defend_B","Defend_B","Zap+1","Redo","Hologram+1","Loop","Leap","Static Discharge+1","Barrage","Melter","Redo","Glacier+1","Capacitor+1","Machine Learning+1","Streamline","Lockon+1","Ball Lightning","Barrage","Beam Cell","Darkness"],"max_hp_per_floor":[75,75,75,75,75,75,75,75,75,75,75,75,75,75,75,75,75,75,75,75,75,75,75,75,75,75,75,75,75,75],"relics":["Cracked Core","Blood Vial","Pantograph","Velvet Choker","Potion Belt"],"card_choices":[{"not_picked":["Scrape","Coolheaded"],"picked":"Redo","floor":1.0},{"not_picked":["Redo","Amplify"],"picked":"Hologram","floor":2.0},{"not_picked":["Consume","Streamline"],"picked":"Static Discharge","floor":4.0},{"not_picked":["Turbo","Stack"],"picked":"Barrage","floor":5.0},{"not_picked":["Turbo","White Noise"],"picked":"Melter","floor":7.0},{"not_picked":["Stack","Consume"],"picked":"Redo","floor":8.0},{"not_picked":["Doom and Gloom","Compile Driver"],"picked":"Capacitor","floor":14.0},{"not_picked":["Meteor Strike","Biased Cognition"],"picked":"Machine Learning","floor":16.0},{"not_picked":["Sweeping Beam","Conserve Battery","Blizzard"],"picked":"SKIP","floor":18.0},{"not_picked":["Steam+1","Beam Cell"],"picked":"Lockon+1","floor":21.0},{"not_picked":["Force Field+1","Blizzard"],"picked":"Ball Lightning","floor":22.0},{"not_picked":["Streamline","Turbo"],"picked":"Barrage","floor":24.0},{"not_picked":["Capacitor","Skim+1"],"picked":"Beam Cell","floor":28},{"not_picked":["Barrage","Go for the Eyes+1"],"picked":"Darkness","floor":29}],"player_experience":372706,"potions_floor_usage":[],"damage_taken":[{"damage":6.0,"enemies":"Jaw Worm","floor":1.0,"turns":3.0},{"damage":0.0,"enemies":"Small Slimes","floor":2.0,"turns":2.0},{"damage":1.0,"enemies":"2 Louse","floor":4.0,"turns":3.0},{"damage":10.0,"enemies":"Looter","floor":5.0,"turns":3.0},{"damage":3.0,"enemies":"Red Slaver","floor":7.0,"turns":6.0},{"damage":14.0,"enemies":"Exordium Wildlife","floor":8.0,"turns":5.0},{"damage":8.0,"enemies":"Blue Slaver","floor":14.0,"turns":3.0},{"damage":1.0,"enemies":"The Guardian","floor":16.0,"turns":11.0},{"damage":25.0,"enemies":"3 Byrds","floor":18.0,"turns":6.0},{"damage":0.0,"enemies":"Spheric Guardian","floor":21.0,"turns":3.0},{"damage":20.0,"enemies":"Snake Plant","floor":22.0,"turns":6.0},{"damage":12.0,"enemies":"Centurion and Healer","floor":24.0,"turns":7.0},{"damage":18,"enemies":"Snecko","floor":28,"turns":6},{"damage":5,"enemies":"3 Cultists","floor":29,"turns":6},{"damage":12,"enemies":"Centurion and Healer","floor":30,"turns":1}],"relics_obtained":[{"floor":9.0,"key":"Pantograph"},{"floor":26.0,"key":"Potion Belt"}],"event_choices":[{"event_name":"Living Wall","player_choice":"Forget","floor":11.0,"damage_taken":0.0},{"event_name":"Purifier","player_choice":"One Purge","floor":12.0,"damage_taken":0.0},{"event_name":"The Mausoleum","player_choice":"No","floor":20.0,"damage_taken":0.0}],"boss_relics":[{"not_picked":["Cursed Key","Pandora\u0027s Box"],"picked":"Velvet Choker"}],"items_purged_floors":[],"potions_floor_spawned":[4,8,14,21,22],"seed_played":"-1618191095858280306","killed_by":"Centurion and Healer","ascension_level":0,"potions_obtained":[{"floor":4.0,"key":"SpeedPotion"},{"floor":8.0,"key":"AttackPotion"},{"floor":14.0,"key":"EssenceOfSteel"},{"floor":21.0,"key":"Energy Potion"}],"is_trial":false}