{"gold_per_floor":[113,32,42,56,56,89,106,106,133,133,185,29,41,41,41,140,140,151,163,163,182,182,214,55,55,104,104,0,0,12,12,12,12],"floor_reached":33,"playtime":1836,"items_purged":[],"score":263,"play_id":"0ae6c4ae-fe09-4201-9aaf-18d61310cd35","local_time":"20191011210843","is_ascension_mode":false,"campfire_choices":[{"data":"Anger","floor":8,"key":"SMITH"},{"data":"Rage","floor":10,"key":"SMITH"},{"data":"Inflame","floor":15,"key":"SMITH"},{"floor":27,"key":"REST"},{"floor":29,"key":"REST"},{"data":"Exhume","floor":32,"key":"SMITH"}],"neow_cost":"NONE","seed_source_timestamp":304242437546200,"circlet_count":0,"master_deck":["Strike_R","Strike_R","Defend_R","Defend_R","Defend_R","Defend_R","Bash","Anger+1","Dark Shackles","Shrug It Off","Spot Weakness","Rage+1","Pommel Strike","Inflame+1","Ghostly Armor","Reaper","Battle Trance","Exhume+1","Anger","Feel No Pain+1","Iron Wave","Armaments","Flame Barrier","Iron Wave","Shockwave","Anger","Decay","Warcry+1"],"relics":["Burning Blood","Bag of Marbles","Boot","Bag of Preparation","Black Star","Juzu Bracelet","Art of War","Bottled Lightning","Smiling Mask","Toxic Egg 2"],"potions_floor_usage":[13,33,33,33],"damage_taken":[{"damage":12,"enemies":"Cultist","floor":1,"turns":5},{"damage":4,"enemies":"2 Louse","floor":3,"turns":3},{"damage":6,"enemies":"Jaw Worm","floor":4,"turns":4},{"damage":22,"enemies":"Lagavulin","floor":6,"turns":6},{"damage":1,"enemies":"Looter","floor":7,"turns":3},{"damage":0,"enemies":"3 Louse","floor":13,"turns":2},{"damage":12,"enemies":"The Guardian","floor":16,"turns":9},{"damage":14,"enemies":"3 Byrds","floor":18,"turns":6},{"damage":10,"enemies":"Spheric Guardian","floor":19,"turns":4},{"damage":0,"enemies":"Snake Plant","floor":21,"turns":5},{"damage":81,"enemies":"Book of Stabbing","floor":23,"turns":8},{"damage":0,"enemies":"Cultist and Chosen","floor":30,"turns":8},{"damage":114,"enemies":"Automaton","floor":33,"turns":12}],"seed_played":"3283877593367808313","potions_obtained":[{"floor":1,"key":"Energy Potion"},{"floor":4,"key":"Regen Potion"},{"floor":6,"key":"Explosive Potion"},{"floor":18,"key":"Explosive Potion"}],"is_trial":false,"path_per_floor":["M","$","M","M","?","E","M","R","T","R","T","$","M","?","R","B",null,"M","M","?","M","?","E","$","?","T","R","?","R","M","T","R","B"],"character_chosen":"IRONCLAD","items_purchased":["Dark Shackles","Inflame","Ghostly Armor","Shockwave","Anger","Regen Potion"],"campfire_rested":2,"item_purchase_floors":[2,12,12,24,24,24],"current_hp_per_floor":[82,82,84,84,84,68,73,73,73,73,73,73,79,79,79,73,88,80,76,76,82,82,7,7,7,7,33,33,59,65,65,65,0],"gold":12,"neow_bonus":"TEN_PERCENT_HP_BONUS","is_prod":false,"is_daily":false,"chose_seed":false,"campfire_upgraded":4,"win_rate":0,"timestamp":1570846123,"path_taken":["M","?","M","M","?","E","M","R","T","R","?","$","M","?","R","BOSS","M","M","?","M","?","E","$","?","T","R","?","R","M","?","R","BOSS"],"build_version":"2019-07-17","purchased_purges":0,"victory":false,"max_hp_per_floor":[88,88,88,88,88,88,88,88,88,88,88,88,88,88,88,88,88,88,88,88,88,88,88,88,88,88,88,88,88,88,88,88,88],"card_choices":[{"not_picked":["Flame Barrier","Wild Strike"],"picked":"Anger","floor":1},{"not_picked":["Headbutt","Second Wind"],"picked":"Shrug It Off","floor":3},{"not_picked":["True Grit","Armaments"],"picked":"Spot Weakness","floor":4},{"not_picked":["True Grit","Flex"],"picked":"Rage","floor":6},{"not_picked":["Shrug It Off","Perfected Strike"],"picked":"Pommel Strike","floor":7},{"not_picked":["Intimidate","Inflame"],"picked":"Reaper","floor":13},{"not_picked":["Brutality","Fiend Fire"],"picked":"Exhume","floor":16},{"not_picked":["Body Slam+1","Carnage"],"picked":"Anger","floor":18},{"not_picked":["Ghostly Armor","Flex"],"picked":"Feel No Pain+1","floor":19},{"not_picked":["Warcry+1","Anger"],"picked":"Iron Wave","floor":21},{"not_picked":["Twin Strike","Battle Trance+1"],"picked":"Iron Wave","floor":23},{"not_picked":["Battle Trance","Iron Wave"],"picked":"Warcry+1","floor":30}],"player_experience":117035,"relics_obtained":[{"floor":6,"key":"Bag of Marbles"},{"floor":9,"key":"Boot"},{"floor":11,"key":"Bag of Preparation"},{"floor":23,"key":"Art of War"},{"floor":23,"key":"Bottled Lightning"},{"floor":26,"key":"Smiling Mask"},{"floor":31,"key":"Toxic Egg 2"}],"event_choices":[{"damage_healed":0,"gold_gain":0,"player_choice":"Ignored","damage_taken":0,"max_hp_gain":0,"max_hp_loss":0,"event_name":"Golden Wing","floor":5,"gold_loss":0},{"damage_healed":0,"gold_gain":0,"cards_transformed":["Strike_R"],"player_choice":"Change","damage_taken":0,"max_hp_gain":0,"max_hp_loss":0,"event_name":"Living Wall","floor":14,"gold_loss":0,"cards_obtained":["Battle Trance"]},{"damage_healed":0,"gold_gain":0,"player_choice":"Gave Potion","damage_taken":0,"relics_obtained":["Juzu Bracelet"],"max_hp_gain":0,"max_hp_loss":0,"event_name":"WeMeetAgain","floor":20,"gold_loss":0},{"damage_healed":0,"gold_gain":0,"cards_transformed":["Strike_R","Strike_R"],"player_choice":"Became Test Subject","damage_taken":0,"max_hp_gain":0,"max_hp_loss":0,"event_name":"Drug Dealer","floor":22,"gold_loss":0,"cards_obtained":["Armaments","Flame Barrier"]},{"damage_healed":0,"gold_gain":0,"player_choice":"Smashed Altar","damage_taken":0,"max_hp_gain":0,"max_hp_loss":0,"event_name":"Forgotten Altar","floor":25,"gold_loss":0,"cards_obtained":["Decay"]},{"damage_healed":0,"gold_gain":0,"player_choice":"Paid Fearfully","damage_taken":0,"max_hp_gain":0,"max_hp_loss":0,"event_name":"Masked Bandits","floor":28,"gold_loss":104}],"is_beta":false,"boss_relics":[{"not_picked":["Runic Pyramid","Black Blood"],"picked":"Black Star"}],"items_purged_floors":[],"is_endless":false,"potions_floor_spawned":[1,4,6,18],"killed_by":"Automaton","ascension_level":0}