{"gold_per_floor":[116,132,132,132,150,150,180,180,180,180,198,212,212,6,6,102,102,122,133,145,60,77,77,108,108,132,142,167,40,40,57,57,152,152,167,177,191,203,56,88,88,105,105,119,119,138,152,152,152,152],"floor_reached":51,"playtime":2408,"items_purged":["Strike_G"],"score":723,"play_id":"c9de927c-ad54-405b-80b2-96eb260cd5f4","local_time":"20180925204054","is_ascension_mode":false,"campfire_choices":[{"data":"Neutralize","floor":6,"key":"SMITH"},{"floor":8,"key":"REST"},{"data":"Terror","floor":13,"key":"SMITH"},{"data":"Poisoned Stab","floor":15,"key":"SMITH"},{"data":"Glass Knife","floor":23,"key":"SMITH"},{"data":"Terror","floor":25,"key":"SMITH"},{"floor":32,"key":"REST"},{"floor":41,"key":"REST"},{"floor":45,"key":"REST"},{"floor":49,"key":"REST"}],"neow_cost":"NONE","seed_source_timestamp":228715082161703,"circlet_count":0,"master_deck":["Defend_G","Defend_G","Defend_G","Defend_G","Defend_G","Strike_G","Strike_G+1","Strike_G","Strike_G","Survivor+1","Neutralize+1","Poisoned Stab+1","Quick Slash","Underhanded Strike","Terror+1","All Out Attack","Terror+1","Dagger Throw","Glass Knife+1","Dagger Throw","Sucker Punch+1","Backstab+1","Crippling Poison+1","Cloak And Dagger","Cloak And Dagger","Accuracy+1","Discovery","Cloak And Dagger+1","Noxious Fumes+1","Blur+1","Acrobatics+1"],"relics":["Ring of the Serpent","Happy Flower","Kunai","Bottled Lightning","Vajra","Busted Crown","Mummified Hand","Frozen Egg 2","Strawberry","Ancient Tea Set","Anchor","Pantograph"],"potions_floor_usage":[28,33,37,50],"damage_taken":[{"damage":0,"enemies":"Cultist","floor":1,"turns":3},{"damage":0,"enemies":"2 Louse","floor":2,"turns":3},{"damage":0,"enemies":"Jaw Worm","floor":5,"turns":2},{"damage":13,"enemies":"Lagavulin","floor":7,"turns":6},{"damage":0,"enemies":"3 Louse","floor":11,"turns":3},{"damage":0,"enemies":"Looter","floor":12,"turns":2},{"damage":24,"enemies":"The Guardian","floor":16,"turns":10},{"damage":0,"enemies":"Spheric Guardian","floor":18,"turns":3},{"damage":1,"enemies":"3 Byrds","floor":19,"turns":4},{"damage":11,"enemies":"Sentry and Sphere","floor":20,"turns":4},{"damage":0,"enemies":"Centurion and Healer","floor":22,"turns":4},{"damage":8,"enemies":"Slavers","floor":24,"turns":4},{"damage":9,"enemies":"Snake Plant","floor":27,"turns":2},{"damage":13,"enemies":"Gremlin Leader","floor":28,"turns":4},{"damage":0,"enemies":"Snecko","floor":31,"turns":3},{"damage":36,"enemies":"Collector","floor":33,"turns":7},{"damage":7,"enemies":"3 Shapes","floor":35,"turns":3},{"damage":12,"enemies":"3 Darklings","floor":36,"turns":5},{"damage":0,"enemies":"Spire Growth","floor":37,"turns":3},{"damage":10,"enemies":"4 Shapes","floor":38,"turns":6},{"damage":4,"enemies":"Giant Head","floor":40,"turns":7},{"damage":9,"enemies":"Reptomancer","floor":42,"turns":5},{"damage":12,"enemies":"Sphere and 2 Shapes","floor":44,"turns":6},{"damage":0,"enemies":"Spire Growth","floor":46,"turns":3},{"damage":3,"enemies":"4 Shapes","floor":47,"turns":4},{"damage":51,"enemies":"Awakened One","floor":50,"turns":12}],"seed_played":"3432277186682406886","potions_obtained":[{"floor":5,"key":"FairyPotion"},{"floor":7,"key":"LiquidBronze"},{"floor":11,"key":"SteroidPotion"},{"floor":16,"key":"Regen Potion"},{"floor":18,"key":"Fire Potion"},{"floor":33,"key":"Ancient Potion"},{"floor":36,"key":"Energy Potion"},{"floor":42,"key":"Strength Potion"},{"floor":46,"key":"Fire Potion"}],"is_trial":false,"path_per_floor":["M","M","$","?","M","R","E","R","T","?","M","M","R","$","R","B",null,"M","M","M","?","M","R","E","R","T","M","E","$","?","M","R","B",null,"M","M","M","M","$","E","R","M","T","M","R","M","M","?","R","B"],"character_chosen":"THE_SILENT","items_purchased":["Vajra","Dagger Throw","Cloak And Dagger","Accuracy+1","Noxious Fumes+1"],"campfire_rested":5,"item_purchase_floors":[14,14,29,29,39],"current_hp_per_floor":[70,70,70,56,56,56,43,64,64,64,64,64,64,64,64,40,70,70,69,58,58,58,58,50,50,57,48,47,47,33,33,56,20,77,70,58,58,48,48,44,67,58,58,46,69,69,66,66,77,26],"gold":152,"neow_bonus":"RANDOM_COMMON_RELIC","is_prod":false,"is_daily":false,"chose_seed":false,"campfire_upgraded":5,"win_rate":0,"timestamp":1537933254,"path_taken":["M","M","$","?","M","R","E","R","T","?","M","?","R","$","R","BOSS","M","M","M","?","M","R","E","R","T","M","E","$","?","M","R","BOSS","M","M","M","M","$","E","R","M","T","M","R","M","M","?","R","BOSS"],"build_version":"2018-09-20","purchased_purges":1,"victory":true,"max_hp_per_floor":[70,70,70,70,70,70,70,70,70,70,70,70,70,70,70,70,70,70,70,70,70,70,70,70,70,77,77,77,77,77,77,77,77,77,77,77,77,77,77,77,77,77,77,77,77,77,77,77,77,77],"card_choices":[{"not_picked":["Acrobatics","Outmaneuver"],"picked":"Poisoned Stab","floor":1},{"not_picked":["Bouncing Flask","Concentrate"],"picked":"Quick Slash","floor":2},{"not_picked":["Outmaneuver","Quick Slash"],"picked":"Underhanded Strike","floor":5},{"not_picked":["Dodge and Roll","Burst"],"picked":"Terror","floor":7},{"not_picked":["Flying Knee","Expertise"],"picked":"All Out Attack","floor":11},{"not_picked":["Expertise","Backstab"],"picked":"Terror","floor":12},{"not_picked":["After Image","A Thousand Cuts"],"picked":"Glass Knife","floor":16},{"not_picked":[],"picked":"Dagger Throw","floor":18},{"not_picked":[],"picked":"Sucker Punch+1","floor":19},{"not_picked":["Blade Dance"],"picked":"SKIP","floor":20},{"not_picked":[],"picked":"Backstab+1","floor":22},{"not_picked":[],"picked":"Crippling Poison+1","floor":24},{"not_picked":[],"picked":"Cloak And Dagger","floor":27},{"not_picked":["Reflex+1"],"picked":"SKIP","floor":28},{"not_picked":["Underhanded Strike"],"picked":"SKIP","floor":31},{"not_picked":[],"picked":"Wraith Form v2+1","floor":33},{"not_picked":[],"picked":"Cloak And Dagger+1","floor":35},{"not_picked":["Quick Slash+1"],"picked":"SKIP","floor":36},{"not_picked":["Poisoned Stab"],"picked":"SKIP","floor":37},{"not_picked":["Terror+1"],"picked":"SKIP","floor":38},{"not_picked":["Dagger Spray"],"picked":"SKIP","floor":40},{"not_picked":[],"picked":"Blur+1","floor":42},{"not_picked":[],"picked":"Acrobatics+1","floor":44},{"not_picked":["Slice+1"],"picked":"SKIP","floor":46},{"not_picked":["Expertise+1"],"picked":"SKIP","floor":47}],"player_experience":397792,"relics_obtained":[{"floor":7,"key":"Kunai"},{"floor":9,"key":"Bottled Lightning"},{"floor":24,"key":"Frozen Egg 2"},{"floor":26,"key":"Strawberry"},{"floor":28,"key":"Ancient Tea Set"},{"floor":40,"key":"Anchor"},{"floor":43,"key":"Pantograph"}],"event_choices":[{"event_name":"Shining Light","player_choice":"Entered Light","floor":4,"damage_taken":0},{"event_name":"The Cleric","player_choice":"Leave","floor":10,"damage_taken":0},{"event_name":"Addict","player_choice":"Obtained Relic","floor":21,"damage_taken":0},{"event_name":"Knowing Skull","player_choice":"CARD ","floor":30,"damage_taken":0},{"event_name":"Falling","player_choice":"Removed Power","floor":48,"damage_taken":0}],"is_beta":false,"boss_relics":[{"not_picked":["Pandora\u0027s Box","Runic Pyramid"],"picked":"Busted Crown"},{"not_picked":["Astrolabe","White Beast Statue"],"picked":"Ring of the Serpent"}],"items_purged_floors":[39],"is_endless":false,"potions_floor_spawned":[5,7,11,16,18,20,24,27,33,36,42,44,46,47],"ascension_level":0}