{"path_per_floor":["M","$","M","$","M","R","E","R","T","?","M","M","M","M","R","B",null,"M","$","M","M","M","R","$","R","T","M","M","R","M","?","R","B",null,"M","?","M","M","$","R","M","?","T","R","M","R","?","$","R","B"],"character_chosen":"DEFECT","items_purchased":["Defragment","Defragment","BootSequence","Self Repair"],"gold_per_floor":[115,33,44,7,18,18,51,51,74,95,108,127,137,152,152,255,255,266,157,177,190,201,201,22,22,22,41,53,53,68,68,68,164,164,177,177,189,204,79,79,90,90,90,90,108,108,108,108,108,108],"floor_reached":51,"campfire_rested":0,"playtime":3872,"item_purchase_floors":[2,4,19,24],"current_hp_per_floor":[74,74,74,74,74,74,69,69,69,69,57,57,57,50,50,36,75,75,75,71,57,47,55,55,63,63,64,69,75,71,71,75,56,75,39,39,33,25,25,35,31,22,32,42,49,59,59,59,69,30],"items_purged":["Dualcast","Strike_B","Strike_B"],"gold":108,"score":603,"play_id":"161b19f1-ac99-40f1-b07c-8a123923c049","local_time":"20180607202703","is_prod":false,"is_daily":false,"chose_seed":false,"is_ascension_mode":false,"campfire_upgraded":11,"win_rate":0,"timestamp":1528428423,"campfire_choices":[{"data":"Hologram","floor":6,"key":"SMITH"},{"data":"Zap","floor":8,"key":"SMITH"},{"data":"Consume","floor":15,"key":"SMITH"},{"data":"Capacitor","floor":23,"key":"SMITH"},{"data":"Defragment","floor":25,"key":"SMITH"},{"data":"Loop","floor":29,"key":"SMITH"},{"data":"Tempest","floor":32,"key":"SMITH"},{"data":"Seek","floor":40,"key":"SMITH"},{"data":"Defragment","floor":44,"key":"SMITH"},{"data":"Madness","floor":46,"key":"SMITH"},{"data":"Defragment","floor":49,"key":"SMITH"}],"path_taken":["M","?","M","$","M","R","E","R","T","?","M","M","?","M","R","BOSS","M","?","M","M","M","R","$","R","T","M","?","R","M","?","R","BOSS","M","?","M","M","$","R","M","?","T","R","?","R","?","?","R","BOSS"],"build_version":"2018-06-07","seed_source_timestamp":2718670209898,"purchased_purges":3,"victory":true,"master_deck":["Strike_B+1","Defend_B+1","Defend_B","Defend_B","Defend_B","Zap+1","Stack","Capacitor+1","Defragment+1","Hologram+1","Defragment+1","Cold Snap+1","Sunder","Leap+1","Loop+1","Consume+1","Seek+1","BootSequence","FTL","Self Repair","Defragment+1","Tempest+1","Capacitor+1","Core Surge","Glacier+1","Madness","Madness+1"],"max_hp_per_floor":[75,75,75,75,75,75,75,75,75,75,75,75,75,75,75,75,75,75,75,75,75,75,75,75,75,75,75,75,75,75,75,75,75,75,75,75,75,75,75,75,75,75,85,85,85,85,85,85,85,85],"relics":["Cracked Core","Whetstone","Ancient Tea Set","Odd Mushroom","Eternal Feather","War Paint","Nuclear Battery","Pear"],"card_choices":[{"not_picked":["Fusion","Double Energy"],"picked":"Capacitor","floor":1},{"not_picked":["Rebound","Coolheaded"],"picked":"Hologram","floor":3},{"not_picked":["Rebound","Beam Cell"],"picked":"Cold Snap","floor":5},{"not_picked":["Streamline","Hologram"],"picked":"Sunder","floor":7},{"not_picked":["Hyperbeam","Beam Cell"],"picked":"Leap","floor":11},{"not_picked":["Turbo","Blizzard","Undo"],"picked":"SKIP","floor":12},{"not_picked":["Conserve Battery","Melter"],"picked":"Loop","floor":13},{"not_picked":["Force Field","Rebound"],"picked":"Consume","floor":14},{"not_picked":["Hyperbeam","Meteor Strike"],"picked":"Seek","floor":16},{"not_picked":["Cold Snap","Hologram","Loop+1"],"picked":"SKIP","floor":18},{"not_picked":["Turbo","Rebound+1"],"picked":"FTL","floor":20},{"not_picked":["Genetic Algorithm","Turbo","Rebound"],"picked":"SKIP","floor":21},{"not_picked":["Conserve Battery","Compile Driver","Double Energy"],"picked":"SKIP","floor":22},{"not_picked":["Melter+1","Fission","Go for the Eyes"],"picked":"SKIP","floor":27},{"not_picked":["Conserve Battery","Defragment","Reprogram"],"picked":"SKIP","floor":28},{"not_picked":["Conserve Battery","Reprogram"],"picked":"Defragment","floor":28},{"not_picked":["Barrage","Capacitor"],"picked":"Tempest","floor":30},{"not_picked":["Seek","Creative AI"],"picked":"Core Surge","floor":33},{"not_picked":["Defragment+1","Rebound+1"],"picked":"Glacier+1","floor":35},{"not_picked":["Steam Power","Sweeping Beam+1","Turbo+1"],"picked":"SKIP","floor":37},{"not_picked":["Beam Cell+1","Compile Driver+1"],"picked":"Auto Shields","floor":38},{"not_picked":["Beam Cell","White Noise","Steam"],"picked":"SKIP","floor":41},{"not_picked":["Skim+1","Hologram+1","Leap+1"],"picked":"SKIP","floor":45}],"player_experience":377153,"potions_floor_usage":[7,18,21,33,33,38,50,50],"damage_taken":[{"damage":1,"enemies":"Cultist","floor":1,"turns":3},{"damage":0,"enemies":"Small Slimes","floor":3,"turns":4},{"damage":0,"enemies":"2 Louse","floor":5,"turns":4},{"damage":5,"enemies":"3 Sentries","floor":7,"turns":9},{"damage":0,"floor":10,"turns":3},{"damage":12,"enemies":"Gremlin Gang","floor":11,"turns":4},{"damage":0,"enemies":"Exordium Wildlife","floor":12,"turns":3},{"damage":0,"enemies":"Red Slaver","floor":13,"turns":4},{"damage":7,"enemies":"Blue Slaver","floor":14,"turns":4},{"damage":14,"enemies":"Hexaghost","floor":16,"turns":8},{"damage":0,"enemies":"Chosen","floor":18,"turns":5},{"damage":4,"enemies":"Spheric Guardian","floor":20,"turns":6},{"damage":14,"enemies":"Snake Plant","floor":21,"turns":5},{"damage":10,"enemies":"Cultist and Chosen","floor":22,"turns":9},{"damage":6,"enemies":"Centurion and Healer","floor":27,"turns":9},{"damage":2,"enemies":"Slaver and Parasite","floor":28,"turns":8},{"damage":11,"enemies":"Snake Plant","floor":30,"turns":6},{"damage":34,"enemies":"Collector","floor":33,"turns":13},{"damage":43,"enemies":"3 Darklings","floor":35,"turns":7},{"damage":13,"enemies":"Orb Walker","floor":37,"turns":5},{"damage":15,"enemies":"4 Shapes","floor":38,"turns":5},{"damage":11,"enemies":"Sphere and 2 Shapes","floor":41,"turns":6},{"damage":0,"enemies":"Maw","floor":45,"turns":6},{"damage":46,"enemies":"Awakened One","floor":50,"turns":12}],"relics_obtained":[{"floor":7,"key":"Whetstone"},{"floor":9,"key":"Ancient Tea Set"},{"floor":10,"key":"Odd Mushroom"},{"floor":26,"key":"War Paint"},{"floor":43,"key":"Pear"}],"event_choices":[{"event_name":"Mushrooms","player_choice":"Fought Mushrooms","floor":10,"damage_taken":0},{"event_name":"Duplicator","player_choice":"One dupe","floor":31,"damage_taken":0},{"event_name":"Tomb of Lord Red Mask","player_choice":"Ignored","floor":36,"damage_taken":0},{"event_name":"Winding Halls","player_choice":"Embrace Madness","floor":42,"damage_taken":0},{"event_name":"Falling","player_choice":"Removed Skill","floor":47,"damage_taken":0}],"boss_relics":[{"not_picked":["Busted Crown","Philosopher\u0027s Stone"],"picked":"Eternal Feather"},{"not_picked":["Tiny House","Lizard Tail"],"picked":"Nuclear Battery"}],"items_purged_floors":[19,24,39],"potions_floor_spawned":[1,5,12,13,16,20,22,27,33,37,38],"seed_played":"7581473751267544046","ascension_level":0,"potions_obtained":[{"floor":1,"key":"FearPotion"},{"floor":5,"key":"Block Potion"},{"floor":12,"key":"Block Potion"},{"floor":13,"key":"Regen Potion"},{"floor":16,"key":"Fire Potion"},{"floor":20,"key":"Strength Potion"},{"floor":22,"key":"Poison Potion"},{"floor":33,"key":"FearPotion"},{"floor":37,"key":"SkillPotion"},{"floor":38,"key":"Explosive Potion"}],"is_trial":false}