{"gold_per_floor":[111,127,138,213,228,260,260,279,279,308,322,340,358,377,377,474,474,490,280,300,315,315,344,344,359,359,34,34,63,63,63,63,160,160,174,192,212,25,41,41,72,72,72,72,72,90,104,119,119,119],"floor_reached":50,"playtime":2747,"items_purged":[],"score":580,"play_id":"b24e0df0-1d96-4c49-95e2-47deda7ecddc","local_time":"20191008225740","is_ascension_mode":false,"campfire_choices":[{"data":"Perfected Strike","floor":7.0,"key":"SMITH"},{"floor":15.0,"key":"REST"},{"floor":24.0,"key":"REST"},{"floor":28.0,"key":"REST"},{"floor":30.0,"key":"REST"},{"floor":32.0,"key":"REST"},{"floor":40.0,"key":"REST"},{"floor":42,"key":"REST"},{"floor":49,"key":"REST"}],"neow_cost":"NONE","seed_source_timestamp":0,"circlet_count":0,"master_deck":["Strike_R","Strike_R","Strike_R","Strike_R","Defend_R","Defend_R","Defend_R","Defend_R","Bash","Dropkick","Clash","Cleave","Perfected Strike+1","Rampage","Pommel Strike","Perfected Strike+1","Armaments","Ghostly Armor","Clothesline+1","Blood for Blood+1","Clothesline+1","Double Tap","Rage","Anger+1","Intimidate","Evolve","Shrug It Off","Body Slam+1","Shrug It Off","Flex","Flex","Body Slam+1","Flex","Swift Strike+1","Evolve+1","True Grit+1","Immolate+1","Headbutt+1","Perfected Strike+1","Seeing Red","Exhume","Warcry","Entrench+1","Flame Barrier","Secret Weapon","Shrug It Off+1","Feel No Pain+1","Pummel+1","Pommel Strike+1","Sever Soul+1","Carnage+1","Disarm+1","Bludgeon+1"],"special_seed":0,"relics":["Black Blood","Dream Catcher","Molten Egg 2","StoneCalendar","Black Star","Frozen Egg 2","Centennial Puzzle","WingedGreaves","DollysMirror","Omamori","Charon\u0027s Ashes","Bag of Marbles","Unceasing Top","Mummified Hand"],"potions_floor_usage":[41,41,50],"damage_taken":[{"damage":0.0,"enemies":"2 Louse","floor":1.0,"turns":3.0},{"damage":1.0,"enemies":"Cultist","floor":2.0,"turns":3.0},{"damage":3.0,"enemies":"Small Slimes","floor":3.0,"turns":2.0},{"damage":8.0,"enemies":"Red Slaver","floor":5.0,"turns":3.0},{"damage":34.0,"enemies":"Gremlin Nob","floor":6.0,"turns":5.0},{"damage":9.0,"enemies":"Blue Slaver","floor":8.0,"turns":3.0},{"damage":26.0,"enemies":"3 Sentries","floor":10.0,"turns":5.0},{"damage":16.0,"enemies":"Exordium Thugs","floor":11.0,"turns":5.0},{"damage":10.0,"enemies":"2 Fungi Beasts","floor":12.0,"turns":3.0},{"damage":1.0,"enemies":"Exordium Wildlife","floor":13.0,"turns":3.0},{"damage":22.0,"enemies":"Exordium Thugs","floor":14.0,"turns":4.0},{"damage":13.0,"enemies":"Slime Boss","floor":16.0,"turns":7.0},{"damage":15.0,"enemies":"Shell Parasite","floor":18.0,"turns":6.0},{"damage":30.0,"enemies":"3 Byrds","floor":20.0,"turns":7.0},{"damage":21.0,"enemies":"Centurion and Healer","floor":21.0,"turns":5.0},{"damage":61.0,"enemies":"Book of Stabbing","floor":23.0,"turns":7.0},{"damage":30.0,"enemies":"Chosen and Byrds","floor":25.0,"turns":7.0},{"damage":39.0,"enemies":"Slavers","floor":29.0,"turns":6.0},{"damage":77.0,"enemies":"Collector","floor":33.0,"turns":10.0},{"damage":11.0,"enemies":"Orb Walker","floor":35.0,"turns":5.0},{"damage":8.0,"enemies":"3 Shapes","floor":36.0,"turns":2.0},{"damage":38.0,"enemies":"Transient","floor":37.0,"turns":5.0},{"damage":39.0,"enemies":"Writhing Mass","floor":39.0,"turns":7.0},{"damage":58,"enemies":"Reptomancer","floor":41,"turns":7},{"damage":31,"enemies":"Jaw Worm Horde","floor":46,"turns":4},{"damage":23,"enemies":"Maw","floor":47,"turns":7},{"damage":25,"enemies":"3 Darklings","floor":48,"turns":3},{"damage":70,"enemies":"Donu and Deca","floor":50,"turns":4}],"seed_played":"-2552920199315442506","potions_obtained":[{"floor":2.0,"key":"BloodPotion"},{"floor":5.0,"key":"EssenceOfSteel"},{"floor":11.0,"key":"Regen Potion"},{"floor":12.0,"key":"FearPotion"},{"floor":16.0,"key":"FearPotion"},{"floor":20.0,"key":"EssenceOfSteel"},{"floor":21.0,"key":"Explosive Potion"},{"floor":36.0,"key":"Block Potion"},{"floor":37.0,"key":"Poison Potion"},{"floor":41,"key":"Dexterity Potion"}],"is_trial":false,"path_per_floor":["M","M","M","?","M","E","R","M","T","E","M","M","M","M","R","B",null,"M","$","M","M","?","E","R","M","T","$","R","E","R","?","R","B",null,"M","M","M","$","M","R","E","R","T","?","?","M","M","M","R","B"],"character_chosen":"IRONCLAD","items_purchased":["Anger+1","Intimidate","Evolve","Shrug It Off","DollysMirror","Swift Strike+1","Evolve+1","Secret Weapon","Shrug It Off"],"campfire_rested":8,"item_purchase_floors":[19,19,19,19,27,27,27,38,38],"current_hp_per_floor":[80,80,80,72,70,42,42,39,39,39,29,25,30,14,38,40,80,71,71,47,32,90,35,62,38,38,38,65,32,59,59,86,15,90,89,90,62,62,33,60,12,39,39,90,90,69,56,41,68,0],"gold":119,"neow_bonus":"TRANSFORM_CARD","is_prod":false,"is_daily":false,"chose_seed":false,"campfire_upgraded":1,"win_rate":0.0,"timestamp":1570600660,"path_taken":["M","M","M","?","M","E","R","M","T","E","M","M","M","?","R","BOSS","M","$","M","M","?","E","R","?","T","$","R","E","R","?","R","BOSS","M","M","M","$","M","R","E","R","T","?","?","M","?","M","R","BOSS"],"build_version":"2019-07-17","purchased_purges":0,"victory":false,"max_hp_per_floor":[80,80,80,80,80,80,80,80,80,80,80,80,80,80,80,80,80,80,80,80,80,90,90,90,90,90,90,90,90,90,90,90,90,90,90,90,90,90,90,90,90,90,90,90,90,90,90,90,90,90],"card_choices":[{"not_picked":["Armaments","Sentinel"],"picked":"Clash","floor":1.0},{"not_picked":["Body Slam","Rupture"],"picked":"Cleave","floor":2.0},{"not_picked":["Headbutt","Twin Strike"],"picked":"Perfected Strike","floor":3.0},{"not_picked":["Havoc","Body Slam"],"picked":"Offering","floor":5.0},{"not_picked":["Twin Strike","Uppercut"],"picked":"Rampage","floor":6.0},{"not_picked":["Thunderclap","Sword Boomerang"],"picked":"Pommel Strike","floor":8.0},{"not_picked":["Clash+1","Havoc"],"picked":"Perfected Strike+1","floor":10.0},{"not_picked":["Shrug It Off","Havoc"],"picked":"Armaments","floor":11.0},{"not_picked":["Flex","Feed+1"],"picked":"Ghostly Armor","floor":12.0},{"not_picked":["Body Slam+1","Ghostly Armor"],"picked":"Clothesline+1","floor":13.0},{"not_picked":["Entrench","Body Slam+1"],"picked":"Blood for Blood+1","floor":14.0},{"not_picked":["Warcry","Limit Break"],"picked":"Clothesline+1","floor":15.0},{"not_picked":["Dark Embrace","Brutality"],"picked":"Double Tap","floor":16.0},{"not_picked":["Bloodletting","Iron Wave+1"],"picked":"Rage","floor":18.0},{"not_picked":["Thunderclap+1","Fire Breathing"],"picked":"Body Slam+1","floor":20.0},{"not_picked":["Thunderclap+1","Whirlwind+1"],"picked":"Shrug It Off","floor":21.0},{"not_picked":["Fire Breathing","Feel No Pain"],"picked":"Flex","floor":23.0},{"not_picked":["Heavy Blade+1","Headbutt+1"],"picked":"Flex","floor":24.0},{"not_picked":["True Grit+1","Sword Boomerang+1"],"picked":"Body Slam+1","floor":25.0},{"not_picked":["Armaments","Headbutt+1"],"picked":"True Grit+1","floor":28.0},{"not_picked":["Sentinel","Uppercut+1"],"picked":"Immolate+1","floor":29.0},{"not_picked":["Clothesline+1","Infernal Blade"],"picked":"Headbutt+1","floor":30.0},{"not_picked":["Infernal Blade","Iron Wave+1"],"picked":"Seeing Red","floor":32.0},{"not_picked":["Limit Break","Bludgeon+1"],"picked":"Exhume","floor":33.0},{"not_picked":["Battle Trance","Heavy Blade+1"],"picked":"Warcry","floor":35.0},{"not_picked":["Thunderclap+1","Seeing Red"],"picked":"Entrench+1","floor":36.0},{"not_picked":["Rupture+1","Hemokinesis+1"],"picked":"Flame Barrier","floor":37.0},{"not_picked":["Anger+1","Bloodletting"],"picked":"Shrug It Off+1","floor":39.0},{"not_picked":["Infernal Blade+1","Armaments+1"],"picked":"Feel No Pain+1","floor":40.0},{"not_picked":["Intimidate","Rage"],"picked":"Pummel+1","floor":41},{"not_picked":["Sentinel","Dropkick+1"],"picked":"Pommel Strike+1","floor":42},{"not_picked":["Body Slam+1","Heavy Blade+1"],"picked":"Sever Soul+1","floor":46},{"not_picked":["Headbutt+1","Thunderclap+1"],"picked":"Carnage+1","floor":47},{"not_picked":["Sever Soul+1","Wild Strike+1"],"picked":"Disarm+1","floor":48},{"not_picked":["Body Slam+1","Headbutt+1"],"picked":"Bludgeon+1","floor":49}],"player_experience":32071,"relics_obtained":[{"floor":6.0,"key":"Dream Catcher"},{"floor":9.0,"key":"Molten Egg 2"},{"floor":10.0,"key":"StoneCalendar"},{"floor":23.0,"key":"Frozen Egg 2"},{"floor":23.0,"key":"Centennial Puzzle"},{"floor":26.0,"key":"WingedGreaves"},{"floor":29.0,"key":"Omamori"},{"floor":29.0,"key":"Charon\u0027s Ashes"},{"floor":41,"key":"Bag of Marbles"},{"floor":41,"key":"Unceasing Top"},{"floor":43,"key":"Mummified Hand"}],"event_choices":[{"damage_healed":0.0,"max_hp_gain":0.0,"max_hp_loss":0.0,"gold_gain":75.0,"event_name":"FaceTrader","player_choice":"Touch","floor":4.0,"gold_loss":0.0,"damage_taken":8.0},{"cards_removed":["Offering"],"damage_healed":48.0,"max_hp_gain":10.0,"max_hp_loss":0.0,"gold_gain":0.0,"event_name":"Bonfire Elementals","player_choice":"Offered Rare","floor":22.0,"gold_loss":0.0,"damage_taken":0.0},{"damage_healed":0.0,"max_hp_gain":0.0,"max_hp_loss":0.0,"gold_gain":0.0,"event_name":"Duplicator","player_choice":"Copied","floor":31.0,"gold_loss":0.0,"damage_taken":0.0,"cards_obtained":["Perfected Strike"]},{"damage_healed":51,"gold_gain":0,"player_choice":"Heal","damage_taken":0,"max_hp_gain":0,"max_hp_loss":0,"event_name":"MindBloom","floor":44,"gold_loss":0,"cards_obtained":["Doubt"]},{"cards_removed":["Shrug It Off"],"damage_healed":0,"gold_gain":0,"player_choice":"Removed Skill","damage_taken":0,"max_hp_gain":0,"max_hp_loss":0,"event_name":"Falling","floor":45,"gold_loss":0}],"is_beta":false,"boss_relics":[{"not_picked":["Runic Dome","Busted Crown"],"picked":"Black Star"},{"not_picked":["Eternal Feather","White Beast Statue"],"picked":"Black Blood"}],"items_purged_floors":[],"is_endless":false,"potions_floor_spawned":[2,5,11,12,13,16,20,21,23,36,37,41],"killed_by":"Donu and Deca","ascension_level":0}