{"path_per_floor":["M","M","$","M","$","R","E","R","T","M","R","?","?","M","R","B",null,"M","$","?","?","?","R","T","M","T","R","$","R","?","?","R"],"character_chosen":"DEFECT","items_purchased":["Defragment","Hologram"],"gold_per_floor":[115,126,22,42,42,42,71,71,71,85,85,85,35,46,46,141,141,160,85,0,0,0,0,0,19,19,19,19,19,19,119,119,119],"floor_reached":33,"campfire_rested":2,"playtime":1023,"item_purchase_floors":[3,3],"current_hp_per_floor":[73,70,70,68,68,68,43,43,43,35,57,42,42,42,64,53,70,58,58,58,58,58,58,58,56,56,56,56,56,56,56,56,0],"items_purged":["Strike_B"],"gold":119,"score":299,"play_id":"e36247c4-7fa6-4925-bbdc-7a64590cd07f","local_time":"20180616183000","is_prod":false,"is_daily":false,"chose_seed":false,"is_ascension_mode":true,"campfire_upgraded":6,"win_rate":0,"timestamp":1529199000,"campfire_choices":[{"data":"Zap","floor":6,"key":"SMITH"},{"data":"Hologram","floor":8,"key":"SMITH"},{"floor":11,"key":"REST"},{"floor":15,"key":"REST"},{"data":"Defragment","floor":23,"key":"SMITH"},{"data":"Rainbow","floor":27,"key":"SMITH"},{"data":"Capacitor","floor":29,"key":"SMITH"},{"data":"Loop","floor":32,"key":"SMITH"}],"path_taken":["M","M","$","M","$","R","E","R","T","M","R","?","?","M","R","BOSS","M","$","?","?","?","R","?","M","T","R","$","R","?","?","R","BOSS"],"build_version":"2018-06-14v2","seed_source_timestamp":4534328848055,"purchased_purges":1,"victory":false,"master_deck":["Strike_B","Strike_B","Strike_B+1","Defend_B","Defend_B","Defend_B","Defend_B+1","Zap+1","Ball Lightning","Loop+1","Defragment+1","Hologram+1","Leap","Fusion","Capacitor+1","Rainbow+1"],"max_hp_per_floor":[75,75,75,75,75,75,75,75,75,75,75,75,75,75,75,75,75,75,75,75,75,75,75,75,75,75,75,75,75,75,75,75,75],"relics":["Cracked Core","Boot","Dead Branch","Molten Egg 2","Matryoshka","Orichalcum","Juzu Bracelet","Kunai","Blue Candle"],"card_choices":[{"not_picked":["Redo","Reprogram"],"picked":"Ball Lightning","floor":1},{"not_picked":["Go for the Eyes","Redo"],"picked":"Loop","floor":2},{"not_picked":["Barrage","Redo"],"picked":"Leap","floor":4},{"not_picked":["Stack","Steam"],"picked":"Fusion","floor":7},{"not_picked":["Scrape+1","Ball Lightning+1","Recycle"],"picked":"SKIP","floor":10},{"not_picked":["Compile Driver+1","Ball Lightning+1"],"picked":"Capacitor","floor":14},{"not_picked":["Core Surge+1","Creative AI"],"picked":"Rainbow","floor":16},{"not_picked":["Redo","Storm","Blizzard+1"],"picked":"SKIP","floor":18},{"not_picked":["Hologram","Rip and Tear+1","Turbo"],"picked":"SKIP","floor":25}],"player_experience":537505,"potions_floor_usage":[7,33],"damage_taken":[{"damage":2,"enemies":"2 Louse","floor":1,"turns":2},{"damage":3,"enemies":"Small Slimes","floor":2,"turns":2},{"damage":2,"enemies":"Jaw Worm","floor":4,"turns":3},{"damage":25,"enemies":"Gremlin Nob","floor":7,"turns":4},{"damage":8,"enemies":"Blue Slaver","floor":10,"turns":3},{"damage":0,"enemies":"2 Fungi Beasts","floor":14,"turns":3},{"damage":11,"enemies":"The Guardian","floor":16,"turns":11},{"damage":12,"enemies":"Chosen","floor":18,"turns":5},{"damage":2,"enemies":"Shell Parasite","floor":25,"turns":7},{"damage":74,"enemies":"Collector","floor":33,"turns":5}],"relics_obtained":[{"floor":7,"key":"Dead Branch"},{"floor":9,"key":"Molten Egg 2"},{"floor":24,"key":"Orichalcum"},{"floor":24,"key":"Juzu Bracelet"},{"floor":26,"key":"Kunai"},{"floor":26,"key":"Blue Candle"}],"event_choices":[{"event_name":"Shining Light","player_choice":"Entered Light","floor":12,"damage_taken":0},{"event_name":"The Cleric","player_choice":"Card Removal","floor":13,"damage_taken":0},{"event_name":"Addict","player_choice":"Obtained Relic","floor":20,"damage_taken":0},{"event_name":"The Mausoleum","player_choice":"No","floor":21,"damage_taken":0},{"event_name":"Vampires","player_choice":"Ignored","floor":22,"damage_taken":0},{"event_name":"Cursed Tome","player_choice":"Ignored","floor":30,"damage_taken":0},{"event_name":"Golden Shrine","player_choice":"Pray","floor":31,"damage_taken":0}],"boss_relics":[{"not_picked":["Philosopher\u0027s Stone","Runic Dome","Ectoplasm"]}],"items_purged_floors":[19],"is_endless":false,"potions_floor_spawned":[4,7],"seed_played":"1234303850195257337","killed_by":"Collector","ascension_level":5,"potions_obtained":[{"floor":4,"key":"SkillPotion"},{"floor":7,"key":"SpeedPotion"}],"is_trial":false}