{"gold_per_floor":[117,132,132,132,145,145,180,180,180,180],"floor_reached":10,"playtime":469,"items_purged":[],"score":66,"play_id":"e1333fe5-9575-4631-b196-436dc4110e16","local_time":"20191011214030","is_ascension_mode":false,"campfire_choices":[{"data":"Backflip","floor":6,"key":"SMITH"}],"neow_cost":"PERCENT_DAMAGE","seed_source_timestamp":245136693953400,"circlet_count":0,"master_deck":["Strike_G","Strike_G","Strike_G","Strike_G","Strike_G","Defend_G","Defend_G","Defend_G","Defend_G","Defend_G","Survivor","Neutralize","Phantasmal Killer","Quick Slash","Blade Dance","Backflip+1","Flying Knee"],"relics":["Ring of the Snake","CultistMask","Thread and Needle","Mango","Regal Pillow"],"potions_floor_usage":[7],"damage_taken":[{"damage":0,"enemies":"Small Slimes","floor":1,"turns":5},{"damage":0,"enemies":"Jaw Worm","floor":2,"turns":5},{"damage":1,"enemies":"Cultist","floor":5,"turns":3},{"damage":46,"enemies":"Lagavulin","floor":7,"turns":12},{"damage":21,"enemies":"Gremlin Nob","floor":10,"turns":3}],"seed_played":"4170793798811165436","potions_obtained":[{"floor":2,"key":"GamblersBrew"},{"floor":5,"key":"AttackPotion"}],"is_trial":false,"path_per_floor":["M","M","?","?","M","R","E","T","T","E"],"character_chosen":"THE_SILENT","items_purchased":[],"campfire_rested":0,"item_purchase_floors":[],"current_hp_per_floor":[49,49,49,49,48,48,2,16,16,0],"gold":180,"neow_bonus":"THREE_RARE_CARDS","is_prod":false,"is_daily":false,"chose_seed":false,"campfire_upgraded":1,"win_rate":0.0,"timestamp":1570855230,"path_taken":["M","M","?","?","?","R","E","?","T","E"],"build_version":"2019-07-17","purchased_purges":0,"victory":false,"max_hp_per_floor":[70,70,70,70,70,70,70,84,84,84],"card_choices":[{"not_picked":["A Thousand Cuts","Malaise"],"picked":"Phantasmal Killer","floor":0},{"not_picked":["Poisoned Stab","PiercingWail"],"picked":"Quick Slash","floor":1},{"not_picked":["Expertise","Quick Slash"],"picked":"Blade Dance","floor":2},{"not_picked":["Acrobatics","Blade Dance"],"picked":"Backflip","floor":5},{"not_picked":["Underhanded Strike","Bouncing Flask"],"picked":"Flying Knee","floor":7}],"player_experience":52864,"relics_obtained":[{"floor":7,"key":"Thread and Needle"},{"floor":8,"key":"Mango"},{"floor":9,"key":"Regal Pillow"}],"event_choices":[{"damage_healed":0,"gold_gain":0,"player_choice":"Ignored","damage_taken":0,"max_hp_gain":0,"max_hp_loss":0,"event_name":"Golden Idol","floor":3,"gold_loss":0},{"damage_healed":0,"gold_gain":0,"player_choice":"Trade","damage_taken":0,"relics_obtained":["CultistMask"],"max_hp_gain":0,"max_hp_loss":0,"event_name":"FaceTrader","floor":4,"gold_loss":0}],"is_beta":false,"boss_relics":[],"items_purged_floors":[],"is_endless":false,"potions_floor_spawned":[2,5],"killed_by":"Gremlin Nob","ascension_level":0}