{"gold_per_floor":[109,124,139,85,97,126,126,159,159,159,171,171,182,133,133,232,232,250,278,292,303,316,316,330,346,346,346,346,114,114,213,213,213],"floor_reached":33,"playtime":1843,"items_purged":["Strike_R"],"score":414,"play_id":"c6ab51fc-ef15-4878-87aa-eab4c637b2fe","local_time":"20190107233932","is_ascension_mode":true,"campfire_choices":[{"floor":7,"key":"REST"},{"data":"Shrug It Off","floor":10,"key":"SMITH"},{"data":"Sword Boomerang","floor":12,"key":"SMITH"},{"floor":15,"key":"REST"},{"floor":23,"key":"REST"},{"floor":27,"key":"REST"},{"floor":30,"key":"REST"},{"floor":32,"key":"REST"}],"neow_cost":"NONE","seed_source_timestamp":1574769170571434,"circlet_count":0,"master_deck":["AscendersBane","Strike_R","Strike_R","Strike_R","Strike_R","Defend_R+1","Defend_R","Defend_R","Defend_R","Bash","Cleave","Pommel Strike","Perfected Strike","Shrug It Off+1","Spot Weakness","Sword Boomerang+1","Double Tap+1","Flex+1","Heavy Blade","Inflame","Warcry+1","True Grit+1","Good Instincts+1","Sentinel+1"],"relics":["Burning Blood","The Courier","Toxic Egg 2","Peace Pipe","Fusion Hammer","Red Mask","Bag of Preparation"],"potions_floor_usage":[8,16,16,19,24,24],"damage_taken":[{"damage":7,"enemies":"Jaw Worm","floor":1,"turns":4},{"damage":7,"enemies":"2 Louse","floor":2,"turns":2},{"damage":7,"enemies":"Small Slimes","floor":3,"turns":3},{"damage":8,"enemies":"Blue Slaver","floor":5,"turns":3},{"damage":32,"enemies":"Gremlin Nob","floor":6,"turns":4},{"damage":27,"enemies":"Lagavulin","floor":8,"turns":6},{"damage":11,"enemies":"Lots of Slimes","floor":11,"turns":3},{"damage":0,"enemies":"Large Slime","floor":13,"turns":4},{"damage":30,"enemies":"The Guardian","floor":16,"turns":12},{"damage":0,"enemies":"Chosen","floor":18,"turns":4},{"damage":23,"enemies":"Masked Bandits","floor":19,"turns":4},{"damage":0,"enemies":"Spheric Guardian","floor":20,"turns":2},{"damage":8,"enemies":"Cultist and Chosen","floor":21,"turns":3},{"damage":33,"enemies":"Sentry and Sphere","floor":22,"turns":5},{"damage":21,"enemies":"Shelled Parasite and Fungi","floor":24,"turns":5},{"damage":42,"enemies":"Centurion and Healer","floor":25,"turns":9},{"damage":83,"enemies":"Automaton","floor":33,"turns":8}],"seed_played":"-5850608059666563298","potions_obtained":[{"floor":2,"key":"GamblersBrew"},{"floor":6,"key":"Poison Potion"},{"floor":11,"key":"Poison Potion"},{"floor":16,"key":"Fire Potion"},{"floor":18,"key":"LiquidBronze"},{"floor":19,"key":"Dexterity Potion"},{"floor":21,"key":"FearPotion"}],"is_trial":false,"path_per_floor":["M","M","M","$","M","E","R","E","T","R","M","R","M","?","R","B",null,"M","?","M","M","M","R","M","M","T","R","?","$","R","?","R","B"],"character_chosen":"IRONCLAD","items_purchased":["Shrug It Off","True Grit+1","Good Instincts+1","Sentinel+1"],"campfire_rested":6,"item_purchase_floors":[4,29,29,29],"current_hp_per_floor":[71,70,69,69,67,41,65,44,44,44,39,39,45,45,69,45,71,77,60,66,64,37,61,46,10,10,34,34,34,58,58,80,0],"gold":213,"neow_bonus":"UPGRADE_CARD","is_prod":false,"is_daily":false,"chose_seed":false,"campfire_upgraded":2,"win_rate":0,"timestamp":1546933172,"path_taken":["M","M","M","$","M","E","R","E","T","R","M","R","M","?","R","BOSS","M","?","M","M","M","R","M","M","T","R","?","$","R","?","R","BOSS"],"build_version":"2019-01-03v4","purchased_purges":1,"victory":false,"max_hp_per_floor":[80,80,80,80,80,80,80,80,80,80,80,80,80,80,80,80,80,80,80,80,80,80,80,80,80,80,80,80,80,80,80,80,80],"card_choices":[{"not_picked":["Body Slam","Clothesline"],"picked":"Cleave","floor":1},{"not_picked":["Armaments","Body Slam"],"picked":"Pommel Strike","floor":2},{"not_picked":["Sword Boomerang","Clothesline"],"picked":"Perfected Strike","floor":3},{"not_picked":["Bloodletting","Blood for Blood","Armaments"],"picked":"SKIP","floor":5},{"not_picked":["Wild Strike","Headbutt"],"picked":"Spot Weakness","floor":6},{"not_picked":["Anger","Disarm","Dual Wield"],"picked":"SKIP","floor":8},{"not_picked":["Pummel","Headbutt"],"picked":"Sword Boomerang","floor":11},{"not_picked":["Uppercut","Rampage","Clothesline"],"picked":"SKIP","floor":13},{"not_picked":["Demon Form","Immolate"],"picked":"Double Tap+1","floor":16},{"not_picked":["Rupture","Sword Boomerang"],"picked":"Flex+1","floor":18},{"not_picked":["Warcry+1","Flex+1"],"picked":"Heavy Blade","floor":19},{"not_picked":["Clothesline","Seeing Red+1","Perfected Strike"],"picked":"SKIP","floor":20},{"not_picked":["Headbutt","Heavy Blade","Intimidate+1"],"picked":"SKIP","floor":21},{"not_picked":["Clash","Perfected Strike","Pommel Strike"],"picked":"SKIP","floor":22},{"not_picked":["Berserk","Thunderclap"],"picked":"Inflame","floor":24},{"not_picked":["Anger","Sever Soul"],"picked":"Warcry+1","floor":25}],"player_experience":593240,"relics_obtained":[{"floor":6,"key":"The Courier"},{"floor":8,"key":"Toxic Egg 2"},{"floor":9,"key":"Peace Pipe"},{"floor":19,"key":"Red Mask"},{"floor":26,"key":"Bag of Preparation"}],"event_choices":[{"damage_healed":0,"gold_gain":0,"player_choice":"Left Gold","damage_taken":0,"max_hp_gain":0,"max_hp_loss":0,"event_name":"World of Goop","floor":14,"gold_loss":49},{"damage_healed":0,"gold_gain":0,"player_choice":"Fought Bandits","damage_taken":0,"max_hp_gain":0,"max_hp_loss":0,"event_name":"Masked Bandits","floor":19,"gold_loss":0},{"damage_healed":0,"gold_gain":0,"player_choice":"Ignored","damage_taken":0,"max_hp_gain":0,"max_hp_loss":0,"event_name":"The Mausoleum","floor":28,"gold_loss":0},{"damage_healed":0,"gold_gain":99,"player_choice":"Stole From Cult","damage_taken":0,"max_hp_gain":0,"max_hp_loss":0,"event_name":"Nest","floor":31,"gold_loss":0}],"is_beta":false,"boss_relics":[{"not_picked":["White Beast Statue","Philosopher\u0027s Stone"],"picked":"Fusion Hammer"}],"items_purged_floors":[29],"is_endless":false,"potions_floor_spawned":[2,6,11,16,18,19,21],"killed_by":"Automaton","ascension_level":12}