{"gold_per_floor":[12,12,22,37,49,84,104,104,104,116,128,128,1,17,17,115,165,178,128,140,90,110,110,110,110,134,154,24,34,54,83,83,187,187,203,153,166,116,128,128,156,156,156,66,101,112,123,138,138,138],"floor_reached":51,"playtime":3180,"items_purged":["Defend_R","Defend_R","Strike_R","Defend_R","Strike_R","Defend_R"],"score":797,"play_id":"8e3b45b5-d1d7-4821-a304-b99db6a28fff","local_time":"20190818174756","is_ascension_mode":true,"campfire_choices":[{"floor":8.0,"key":"REST"},{"data":"Dropkick","floor":12.0,"key":"SMITH"},{"data":"Double Tap","floor":15.0,"key":"SMITH"},{"data":"Bash","floor":23.0,"key":"SMITH"},{"data":"Ghostly Armor","floor":25.0,"key":"SMITH"},{"floor":32.0,"key":"REST"},{"data":"Dual Wield","floor":40,"key":"SMITH"},{"floor":49,"key":"REST"}],"neow_cost":"NO_GOLD","seed_source_timestamp":383991859984300,"circlet_count":0,"master_deck":["Bash+1","Dropkick+1","Sentinel+1","Double Tap+1","Thunderclap+1","Dual Wield+1","True Grit+1","Dropkick+1"],"special_seed":0,"relics":["Burning Blood","Smiling Mask","Meat on the Bone","Tiny House","Bronze Scales","Paper Frog","Philosopher\u0027s Stone","Oddly Smooth Stone","Kunai","Shuriken"],"potions_floor_usage":[39,39],"damage_taken":[{"damage":5.0,"enemies":"Cultist","floor":1.0,"turns":4.0},{"damage":5.0,"enemies":"2 Louse","floor":3.0,"turns":3.0},{"damage":2.0,"enemies":"Small Slimes","floor":4.0,"turns":5.0},{"damage":3.0,"enemies":"Exordium Wildlife","floor":5.0,"turns":5.0},{"damage":49.0,"enemies":"Gremlin Nob","floor":6.0,"turns":6.0},{"damage":10.0,"enemies":"3 Louse","floor":7.0,"turns":6.0},{"damage":10.0,"enemies":"Lots of Slimes","floor":10.0,"turns":7.0},{"damage":4.0,"enemies":"Blue Slaver","floor":11.0,"turns":6.0},{"damage":7.0,"enemies":"Large Slime","floor":14.0,"turns":8.0},{"damage":53.0,"enemies":"Hexaghost","floor":16.0,"turns":13.0},{"damage":0.0,"enemies":"3 Byrds","floor":18.0,"turns":4.0},{"damage":20.0,"enemies":"Shell Parasite","floor":20.0,"turns":7.0},{"damage":16.0,"enemies":"Snake Plant","floor":22.0,"turns":5.0},{"damage":7.0,"enemies":"Centurion and Healer","floor":27.0,"turns":9.0},{"damage":0.0,"enemies":"Snecko","floor":29.0,"turns":4.0},{"damage":20.0,"enemies":"Snake Plant","floor":30.0,"turns":5.0},{"damage":26.0,"enemies":"Slavers","floor":31.0,"turns":5.0},{"damage":69.0,"enemies":"Automaton","floor":33.0,"turns":6.0},{"damage":10.0,"enemies":"3 Shapes","floor":35.0,"turns":4.0},{"damage":7.0,"enemies":"Orb Walker","floor":37.0,"turns":4.0},{"damage":0,"enemies":"3 Darklings","floor":39,"turns":3},{"damage":6,"enemies":"Giant Head","floor":41,"turns":4},{"damage":0,"enemies":"Reptomancer","floor":45,"turns":2},{"damage":0,"enemies":"Maw","floor":46,"turns":1},{"damage":17,"enemies":"Jaw Worm Horde","floor":47,"turns":2},{"damage":0,"enemies":"Transient","floor":48,"turns":3},{"damage":42,"enemies":"Awakened One","floor":50,"turns":4}],"seed_played":"6216068187519976335","potions_obtained":[{"floor":1.0,"key":"Poison Potion"},{"floor":3.0,"key":"SpeedPotion"},{"floor":10.0,"key":"Dexterity Potion"},{"floor":11.0,"key":"Regen Potion"},{"floor":16.0,"key":"SkillPotion"},{"floor":17.0,"key":"LiquidBronze"},{"floor":18.0,"key":"Energy Potion"},{"floor":27.0,"key":"Ancient Potion"},{"floor":31.0,"key":"Regen Potion"},{"floor":33.0,"key":"Block Potion"},{"floor":37.0,"key":"GamblersBrew"},{"floor":46,"key":"Poison Potion"}],"is_trial":false,"path_per_floor":["M","$","M","M","M","E","M","R","T","M","M","R","$","M","R","B",null,"M","$","M","$","M","R","?","R","T","M","$","M","M","E","R","B",null,"M","$","M","$","M","R","E","?","T","?","E","M","M","M","R","B",null],"character_chosen":"IRONCLAD","items_purchased":["LiquidBronze","Dual Wield"],"campfire_rested":3,"item_purchase_floors":[13,28],"current_hp_per_floor":[80,80,80,80,80,37,33,57,57,53,55,55,55,54,54,34,85,85,85,71,71,61,61,61,61,61,60,60,66,52,44,69,33,85,81,81,80,80,85,85,85,85,85,85,85,85,74,80,85,49],"gold":138,"neow_bonus":"TRANSFORM_TWO_CARDS","is_prod":false,"is_daily":false,"chose_seed":false,"campfire_upgraded":5,"win_rate":0,"timestamp":1566175676,"path_taken":["M","$","M","M","M","E","M","R","T","M","M","R","$","M","R","BOSS","M","$","M","$","M","R","?","R","T","M","$","M","?","E","R","BOSS","M","$","M","$","M","R","E","?","T","?","E","M","?","M","R","BOSS"],"build_version":"2019-08-15","purchased_purges":6,"victory":true,"max_hp_per_floor":[80,80,80,80,80,80,80,80,80,80,80,80,80,80,80,80,85,85,85,85,85,85,85,85,85,85,85,85,85,85,85,85,85,85,85,85,85,85,85,85,85,85,85,85,85,85,85,85,85,85],"card_choices":[{"not_picked":["Reckless Charge","Wild Strike","Clothesline"],"picked":"SKIP","floor":1.0},{"not_picked":["Warcry","Feel No Pain"],"picked":"Shockwave","floor":3.0},{"not_picked":["Havoc","Perfected Strike","Sword Boomerang"],"picked":"SKIP","floor":4.0},{"not_picked":["Bloodletting","Heavy Blade"],"picked":"Ghostly Armor","floor":5.0},{"not_picked":["Clothesline","Uppercut","Anger"],"picked":"SKIP","floor":6.0},{"not_picked":["Shrug It Off","Anger","Headbutt"],"picked":"SKIP","floor":7.0},{"not_picked":["Heavy Blade","Pummel"],"picked":"Double Tap","floor":10.0},{"not_picked":["Headbutt","True Grit","Reckless Charge"],"picked":"SKIP","floor":11.0},{"not_picked":["Havoc","Intimidate","True Grit"],"picked":"SKIP","floor":14.0},{"not_picked":["Perfected Strike+1","Spot Weakness","Feel No Pain"],"picked":"SKIP","floor":18.0},{"not_picked":["Anger","Armaments+1","Shrug It Off+1"],"picked":"SKIP","floor":20.0},{"not_picked":["Body Slam+1","Reaper","Spot Weakness+1"],"picked":"SKIP","floor":22.0},{"not_picked":["Burning Pact+1","Havoc","Hemokinesis"],"picked":"SKIP","floor":27.0},{"not_picked":["Havoc","Rupture+1"],"picked":"True Grit+1","floor":29.0},{"not_picked":["Reckless Charge","Infernal Blade","Twin Strike"],"picked":"SKIP","floor":30.0},{"not_picked":["Havoc","Immolate","Flex+1"],"picked":"SKIP","floor":31.0},{"not_picked":["Armaments","Twin Strike+1","Perfected Strike"],"picked":"SKIP","floor":35.0},{"not_picked":["Power Through+1","Rampage+1","Perfected Strike+1"],"picked":"SKIP","floor":37.0},{"not_picked":["Bloodletting","Burning Pact+1","Exhume"],"picked":"SKIP","floor":39},{"not_picked":["Bloodletting","Burning Pact+1","Exhume"],"picked":"SKIP","floor":39},{"not_picked":["Shockwave+1","Twin Strike+1","Reckless Charge+1"],"picked":"SKIP","floor":41},{"not_picked":["Whirlwind+1","Uppercut+1","True Grit"],"picked":"SKIP","floor":45},{"not_picked":["Thunderclap","Anger+1","Wild Strike"],"picked":"SKIP","floor":46},{"not_picked":["Wild Strike+1","True Grit+1"],"picked":"Dropkick+1","floor":47},{"not_picked":["Disarm+1","Perfected Strike+1","Anger+1"],"picked":"SKIP","floor":48}],"player_experience":1408010,"relics_obtained":[{"floor":6.0,"key":"Smiling Mask"},{"floor":9.0,"key":"Meat on the Bone"},{"floor":26.0,"key":"Bronze Scales"},{"floor":31.0,"key":"Paper Frog"},{"floor":41,"key":"Oddly Smooth Stone"},{"floor":43,"key":"Kunai"},{"floor":45,"key":"Shuriken"}],"event_choices":[{"damage_healed":0.0,"max_hp_gain":0.0,"max_hp_loss":0.0,"gold_gain":0.0,"cards_transformed":["Strike_R"],"event_name":"Transmorgrifier","player_choice":"Transformed","floor":24.0,"gold_loss":0.0,"damage_taken":0.0,"cards_obtained":["Thunderclap"]},{"cards_removed":["Ghostly Armor"],"damage_healed":0,"gold_gain":0,"player_choice":"Removed Skill","damage_taken":0,"max_hp_gain":0,"max_hp_loss":0,"event_name":"Falling","floor":42,"gold_loss":0},{"cards_removed":["Shockwave"],"damage_healed":0,"gold_gain":0,"player_choice":"Upgrade and Remove","damage_taken":0,"max_hp_gain":0,"max_hp_loss":0,"event_name":"Designer","floor":44,"gold_loss":90,"cards_upgraded":["Thunderclap"]}],"is_beta":true,"boss_relics":[{"not_picked":["Runic Dome","Runic Pyramid"],"picked":"Tiny House"},{"not_picked":["Snecko Eye","Cursed Key"],"picked":"Philosopher\u0027s Stone"}],"items_purged_floors":[13,19,21,28,36,38],"is_endless":false,"potions_floor_spawned":[1,3,10,11,16,18,27,31,33,37,46],"ascension_level":1}