{"gold_per_floor":[117,129,143,157,174,174,194,219,219,219,239,271,289,364,364,443,443,457,10,22,22,33,33,61,61,61,94,94,108,108],"floor_reached":30,"playtime":2111,"items_purged":["Strike_R"],"score":452,"play_id":"169a791c-35ed-4346-baab-d8ed92bc5c36","local_time":"20190814231638","is_ascension_mode":true,"campfire_choices":[{"data":"Carnage","floor":6,"key":"SMITH"},{"data":"Heavy Blade","floor":10,"key":"SMITH"},{"floor":15,"key":"REST"},{"floor":23,"key":"REST"},{"data":"Feel No Pain","floor":25,"key":"SMITH"},{"floor":28,"key":"REST"}],"neow_cost":"NONE","seed_source_timestamp":74035881683980,"circlet_count":0,"master_deck":["AscendersBane","Strike_R","Strike_R","Defend_R","Defend_R","Defend_R","Defend_R","Bash","Heavy Blade+1","Battle Trance","Seeing Red","Cleave","Feel No Pain+1","Carnage+1","Intimidate","Spot Weakness","Shockwave","Burning Pact","Twin Strike","Limit Break","Corruption+1","Ghostly Armor","Jack Of All Trades","Iron Wave","Pommel Strike+1","Flame Barrier","Second Wind+1"],"relics":["Burning Blood","Frozen Egg 2","Meat on the Bone","Smiling Mask","Empty Cage","Ancient Tea Set","Sundial"],"potions_floor_usage":[7,8,12,16,18,24,27],"damage_taken":[{"damage":5,"enemies":"2 Louse","floor":1,"turns":4},{"damage":9,"enemies":"Jaw Worm","floor":2,"turns":4},{"damage":6,"enemies":"Cultist","floor":3,"turns":4},{"damage":11,"enemies":"3 Louse","floor":4,"turns":4},{"damage":7,"enemies":"Looter","floor":5,"turns":4},{"damage":1,"enemies":"Exordium Thugs","floor":7,"turns":4},{"damage":22,"enemies":"Gremlin Nob","floor":8,"turns":4},{"damage":4,"enemies":"3 Louse","floor":11,"turns":4},{"damage":24,"enemies":"Lagavulin","floor":12,"turns":7},{"damage":11,"enemies":"Red Slaver","floor":13,"turns":4},{"damage":64,"enemies":"Hexaghost","floor":16,"turns":10},{"damage":30,"enemies":"Spheric Guardian","floor":18,"turns":5},{"damage":6,"enemies":"Chosen","floor":20,"turns":7},{"damage":10,"enemies":"Snecko","floor":22,"turns":4},{"damage":28,"enemies":"Book of Stabbing","floor":24,"turns":6},{"damage":12,"enemies":"Chosen and Byrds","floor":27,"turns":6},{"damage":17,"enemies":"Centurion and Healer","floor":29,"turns":4},{"damage":79,"enemies":"Gremlin Leader","floor":30,"turns":7}],"seed_played":"1977682753322939901","potions_obtained":[{"floor":1,"key":"SteroidPotion"},{"floor":5,"key":"SkillPotion"},{"floor":7,"key":"Block Potion"},{"floor":11,"key":"PowerPotion"},{"floor":16,"key":"SteroidPotion"},{"floor":22,"key":"Poison Potion"},{"floor":24,"key":"Fire Potion"}],"is_trial":false,"path_per_floor":["M","M","M","M","M","R","M","E","T","R","M","E","M","?","R","B",null,"M","$","M","?","M","R","E","R","T","M","R","M","E"],"character_chosen":"IRONCLAD","items_purchased":["Corruption+1","Ghostly Armor","Ancient Tea Set","Jack Of All Trades"],"campfire_rested":3,"item_purchase_floors":[19,19,19,19],"current_hp_per_floor":[69,66,66,61,60,60,65,49,49,49,51,45,52,52,74,28,63,51,51,51,37,45,69,47,47,47,53,77,66,0],"gold":108,"neow_bonus":"THREE_CARDS","is_prod":false,"is_daily":false,"chose_seed":false,"campfire_upgraded":3,"win_rate":0,"timestamp":1565849798,"path_taken":["M","M","M","M","M","R","M","E","T","R","M","E","M","?","R","BOSS","M","$","M","?","M","R","E","R","T","M","R","M","E"],"build_version":"2019-07-17","purchased_purges":1,"victory":false,"max_hp_per_floor":[75,75,75,75,75,75,75,75,75,75,75,75,75,75,75,75,75,75,75,75,80,80,80,80,80,80,80,80,80,80],"card_choices":[{"not_picked":["Iron Wave","Clash"],"picked":"Heavy Blade","floor":0},{"not_picked":["Dual Wield","Clash"],"picked":"Battle Trance","floor":1},{"not_picked":["Clash","Evolve"],"picked":"Seeing Red","floor":2},{"not_picked":["Anger","Iron Wave"],"picked":"Cleave","floor":3},{"not_picked":["Infernal Blade","Headbutt"],"picked":"Feel No Pain","floor":4},{"not_picked":["Dual Wield","Second Wind"],"picked":"Carnage","floor":5},{"not_picked":["Shockwave","Clothesline"],"picked":"Intimidate","floor":7},{"not_picked":["Clash","Twin Strike"],"picked":"Spot Weakness","floor":8},{"not_picked":["Clothesline","Anger"],"picked":"Shockwave","floor":11},{"not_picked":["Headbutt","Berserk+1"],"picked":"Burning Pact","floor":12},{"not_picked":["Anger","Pommel Strike"],"picked":"Twin Strike","floor":13},{"not_picked":["Feed","Offering"],"picked":"Limit Break","floor":16},{"not_picked":["Sword Boomerang","Sever Soul","Cleave"],"picked":"SKIP","floor":18},{"not_picked":["Anger","Perfected Strike"],"picked":"Iron Wave","floor":20},{"not_picked":["Wild Strike","Iron Wave"],"picked":"Pommel Strike+1","floor":22},{"not_picked":["Clothesline","Dual Wield"],"picked":"Flame Barrier","floor":24},{"not_picked":["Havoc","Bloodletting"],"picked":"Second Wind+1","floor":27},{"not_picked":["Searing Blow+1","Hemokinesis","Wild Strike"],"picked":"SKIP","floor":29}],"player_experience":717885,"relics_obtained":[{"floor":8,"key":"Frozen Egg 2"},{"floor":9,"key":"Meat on the Bone"},{"floor":12,"key":"Smiling Mask"},{"floor":24,"key":"Sundial"}],"event_choices":[{"damage_healed":0,"gold_gain":75,"player_choice":"Gained Gold","damage_taken":0,"max_hp_gain":0,"max_hp_loss":0,"event_name":"Golden Wing","floor":14,"gold_loss":0},{"damage_healed":0,"gold_gain":0,"player_choice":"Shed Blood","damage_taken":19,"max_hp_gain":5,"max_hp_loss":0,"event_name":"Forgotten Altar","floor":21,"gold_loss":0}],"is_beta":false,"boss_relics":[{"not_picked":["Lizard Tail","Runic Pyramid"],"picked":"Empty Cage"}],"items_purged_floors":[19],"is_endless":false,"potions_floor_spawned":[1,5,7,11,16,22,24],"killed_by":"Gremlin Leader","ascension_level":14}