{"gold_per_floor":[117,131,131,141,155,182,198,208,208,208,223,223,223,235,235,339,339,304,314,314,4,20,20],"floor_reached":23,"playtime":1647,"items_purged":[],"score":222,"play_id":"d428f591-76b6-46d2-ab34-4953ed9bcaef","local_time":"20181028120107","is_ascension_mode":false,"campfire_choices":[{"floor":10,"key":"REST"},{"floor":13,"key":"REST"},{"floor":15,"key":"REST"}],"neow_cost":"NONE","seed_source_timestamp":1186391069290129,"circlet_count":0,"master_deck":["Strike_B","Strike_B","Strike_B","Strike_B","Defend_B","Defend_B","Defend_B","Defend_B","Zap","Dualcast","Rebound","Cold Snap","Cold Snap","Blizzard","Melter","Chaos","Hologram","Ball Lightning","Barrage","Reboot","Ball Lightning+1","Sweeping Beam+1","Consume","Hologram+1"],"relics":["FrozenCore","Bronze Scales","Strawberry","Frozen Egg 2","Toxic Egg 2"],"potions_floor_usage":[6,7,7],"damage_taken":[{"damage":0,"enemies":"2 Louse","floor":1,"turns":4},{"damage":6,"enemies":"Jaw Worm","floor":2,"turns":3},{"damage":0,"enemies":"Cultist","floor":4,"turns":2},{"damage":3,"enemies":"Gremlin Gang","floor":5,"turns":4},{"damage":15,"enemies":"3 Sentries","floor":6,"turns":7},{"damage":16,"enemies":"Exordium Wildlife","floor":7,"turns":2},{"damage":12,"enemies":"Blue Slaver","floor":8,"turns":3},{"damage":11,"enemies":"Lots of Slimes","floor":11,"turns":4},{"damage":3,"enemies":"Looter","floor":14,"turns":2},{"damage":52,"enemies":"Hexaghost","floor":16,"turns":9},{"damage":20,"enemies":"2 Thieves","floor":18,"turns":5},{"damage":3,"enemies":"3 Byrds","floor":19,"turns":5},{"damage":14,"enemies":"3 Cultists","floor":22,"turns":5},{"damage":64,"enemies":"Gremlin Leader","floor":23,"turns":7}],"seed_played":"501051882562284666","potions_obtained":[{"floor":2,"key":"Fire Potion"},{"floor":5,"key":"PowerPotion"},{"floor":6,"key":"LiquidBronze"},{"floor":19,"key":"Ancient Potion"}],"is_trial":false,"path_per_floor":["M","M","?","M","M","E","M","M","T","R","M","?","R","M","R","B",null,"M","M","?","$","M"],"character_chosen":"DEFECT","items_purchased":["Consume","Toxic Egg 2"],"campfire_rested":3,"item_purchase_floors":[21,21],"current_hp_per_floor":[82,76,58,58,55,47,31,19,19,45,34,39,67,64,92,40,94,74,71,71,71,57,0],"gold":20,"neow_bonus":"TEN_PERCENT_HP_BONUS","is_prod":false,"is_daily":false,"chose_seed":false,"campfire_upgraded":0,"win_rate":0,"timestamp":1540753267,"path_taken":["M","M","?","M","M","E","M","?","T","R","M","?","R","M","R","BOSS","M","M","?","$","M","E"],"build_version":"2018-10-25v2","purchased_purges":0,"victory":false,"max_hp_per_floor":[82,82,82,82,82,89,89,89,89,89,89,94,94,94,94,94,94,94,94,94,94,94,94],"card_choices":[{"not_picked":["Coolheaded","Compile Driver"],"picked":"Rebound","floor":1},{"not_picked":["Go for the Eyes","Sweeping Beam"],"picked":"Cold Snap","floor":2},{"not_picked":["Barrage","Reprogram"],"picked":"Cold Snap","floor":4},{"not_picked":["FTL","Steam"],"picked":"Blizzard","floor":5},{"not_picked":["Force Field","Sweeping Beam"],"picked":"Melter","floor":6},{"not_picked":["Rebound","Gash"],"picked":"Chaos","floor":7},{"not_picked":["Aggregate","White Noise"],"picked":"Hologram","floor":8},{"not_picked":["Go for the Eyes","FTL"],"picked":"Ball Lightning","floor":11},{"not_picked":["Creative AI+1","Scrape"],"picked":"Barrage","floor":14},{"not_picked":["All For One","Amplify"],"picked":"Reboot","floor":16},{"not_picked":["Conserve Battery+1","Steam+1"],"picked":"Ball Lightning+1","floor":18},{"not_picked":["Turbo","Darkness+1"],"picked":"Sweeping Beam+1","floor":19},{"not_picked":["Undo+1","Reinforced Body+1"],"picked":"Hologram+1","floor":22}],"player_experience":473800,"relics_obtained":[{"floor":6,"key":"Strawberry"},{"floor":9,"key":"Frozen Egg 2"}],"event_choices":[{"damage_healed":0,"gold_gain":0,"player_choice":"Success","damage_taken":18,"relics_obtained":["Bronze Scales"],"max_hp_gain":0,"max_hp_loss":0,"event_name":"Scrap Ooze","floor":3,"gold_loss":0},{"damage_healed":0,"gold_gain":0,"player_choice":"Donut","damage_taken":0,"max_hp_gain":5,"max_hp_loss":0,"event_name":"Big Fish","floor":12,"gold_loss":0},{"damage_healed":0,"gold_gain":0,"player_choice":"Ignored","damage_taken":0,"max_hp_gain":0,"max_hp_loss":0,"event_name":"Ghosts","floor":20,"gold_loss":0}],"is_beta":false,"boss_relics":[{"not_picked":["White Beast Statue","Tiny House"],"picked":"FrozenCore"}],"items_purged_floors":[],"is_endless":false,"potions_floor_spawned":[2,5,6,19],"killed_by":"Gremlin Leader","ascension_level":0}