{"gold_per_floor":[113,130,144,159,159,191,191,191,191,218,229,229,247,258,258,353,353,370,387,403,209,223,223,238,238,287,318,318,318,350,361,361,464,464,483,498,142,158,158,158,8,27,27,38,56,73,73],"floor_reached":47,"playtime":3524,"items_purged":[],"score":631,"play_id":"5a8b5631-4346-4b67-8e6b-8eefebd071a9","local_time":"20181016213719","is_ascension_mode":true,"campfire_choices":[{"data":"Noxious Fumes","floor":7,"key":"SMITH"},{"data":"Bane","floor":12,"key":"SMITH"},{"floor":15,"key":"REST"},{"floor":23,"key":"REST"},{"floor":25,"key":"REST"},{"floor":29,"key":"REST"},{"floor":32,"key":"REST"},{"floor":40,"key":"REST"}],"neow_cost":"NONE","seed_source_timestamp":182301104895321,"circlet_count":0,"master_deck":["Survivor","Neutralize+1","Dagger Throw","Deadly Poison","Cloak And Dagger","Backflip","Bane+1","Slice","Bane","Dodge and Roll","Quick Slash","Noxious Fumes+1","Blur","Dagger Spray+1","Distraction","Sucker Punch","Cloak And Dagger","Noxious Fumes","Adrenaline","Flying Knee+1","Terror+1","Blade Dance+1","Sucker Punch+1","Leg Sweep","Poisoned Stab+1","Blade Dance+1","Phantasmal Killer","Footwork+1","Deflect","Corpse Explosion","Heel Hook","Regret","Prepared+1","Bouncing Flask+1","Crippling Poison+1"],"relics":["Pandora\u0027s Box","Bottled Tornado","Question Card","Pear","Fusion Hammer","TheAbacus","Ancient Tea Set","Sundial","MutagenicStrength","Whetstone","Cursed Key","ClockworkSouvenir","Pen Nib","Happy Flower","Mummified Hand"],"potions_floor_usage":[10,16,16,24,27,30,33,36,46],"damage_taken":[{"damage":0,"enemies":"2 Louse","floor":1,"turns":2},{"damage":0,"enemies":"Cultist","floor":2,"turns":2},{"damage":0,"enemies":"Small Slimes","floor":3,"turns":2},{"damage":0,"enemies":"2 Fungi Beasts","floor":4,"turns":3},{"damage":7,"enemies":"3 Sentries","floor":6,"turns":6},{"damage":4,"enemies":"Lagavulin","floor":10,"turns":5},{"damage":0,"enemies":"3 Louse","floor":11,"turns":3},{"damage":4,"enemies":"Exordium Thugs","floor":13,"turns":3},{"damage":1,"enemies":"Blue Slaver","floor":14,"turns":3},{"damage":27,"enemies":"Hexaghost","floor":16,"turns":7},{"damage":10,"enemies":"2 Thieves","floor":18,"turns":3},{"damage":2,"enemies":"3 Byrds","floor":19,"turns":4},{"damage":9,"enemies":"Centurion and Healer","floor":20,"turns":5},{"damage":8,"enemies":"Snake Plant","floor":22,"turns":5},{"damage":1,"enemies":"Snecko","floor":24,"turns":3},{"damage":36,"enemies":"Slavers","floor":27,"turns":4},{"damage":23,"enemies":"Gremlin Leader","floor":30,"turns":5},{"damage":10,"enemies":"3 Cultists","floor":31,"turns":4},{"damage":36,"enemies":"Collector","floor":33,"turns":7},{"damage":3,"enemies":"Orb Walker","floor":35,"turns":3},{"damage":25,"enemies":"3 Darklings","floor":36,"turns":3},{"damage":0,"enemies":"Transient","floor":38,"turns":5},{"damage":9,"enemies":"Spire Growth","floor":42,"turns":2},{"damage":22,"enemies":"Sphere and 2 Shapes","floor":44,"turns":5},{"damage":0,"enemies":"4 Shapes","floor":45,"turns":3},{"damage":16,"enemies":"Maw","floor":46,"turns":6},{"damage":22,"enemies":"Spire Growth","floor":47,"turns":2}],"seed_played":"-6429347558173854528","potions_obtained":[{"floor":3,"key":"Dexterity Potion"},{"floor":10,"key":"Strength Potion"},{"floor":13,"key":"Poison Potion"},{"floor":14,"key":"EssenceOfSteel"},{"floor":16,"key":"Regen Potion"},{"floor":18,"key":"Ancient Potion"},{"floor":24,"key":"EssenceOfSteel"},{"floor":31,"key":"LiquidBronze"},{"floor":33,"key":"FearPotion"},{"floor":36,"key":"GhostInAJar"},{"floor":38,"key":"FearPotion"},{"floor":46,"key":"GamblersBrew"}],"is_trial":false,"path_per_floor":["M","M","M","M","?","E","R","?","T","E","M","R","M","M","R","B",null,"M","M","M","$","M","R","M","R","T","E","?","R","E","M","R","B",null,"M","M","$","M","?","R","$","M","T","M","M","M"],"character_chosen":"THE_SILENT","items_purchased":["TheAbacus","ClockworkSouvenir","Pen Nib","Happy Flower"],"campfire_rested":6,"item_purchase_floors":[21,37,37,41],"current_hp_per_floor":[70,70,70,70,70,63,63,63,63,69,69,69,65,64,80,53,73,63,61,52,52,44,68,67,80,80,44,44,68,59,49,73,37,69,66,41,41,41,41,65,65,56,56,34,34,18,0],"gold":73,"neow_bonus":"BOSS_RELIC","is_prod":false,"is_daily":false,"chose_seed":false,"campfire_upgraded":2,"win_rate":0,"timestamp":1539751039,"path_taken":["M","M","M","M","?","E","R","?","T","E","M","R","M","M","R","BOSS","M","M","M","$","M","R","M","R","T","E","?","R","E","M","R","BOSS","M","M","$","?","?","R","$","M","T","M","M","M","M"],"build_version":"2018-10-11","purchased_purges":0,"victory":false,"max_hp_per_floor":[70,70,70,70,70,70,70,70,70,80,80,80,80,80,80,80,80,80,80,80,80,80,80,80,80,80,80,80,80,80,80,80,80,80,80,80,80,80,80,80,80,80,80,80,80,80,80],"card_choices":[{"not_picked":["Accuracy","Underhanded Strike"],"picked":"Noxious Fumes","floor":1},{"not_picked":["Endless Agony","Caltrops"],"picked":"Blur","floor":2},{"not_picked":["Backflip","Dodge and Roll"],"picked":"Dagger Spray","floor":3},{"not_picked":["Dagger Throw","Heel Hook"],"picked":"Deflect","floor":4},{"not_picked":["Prepared","Endless Agony","Flying Knee"],"picked":"SKIP","floor":6},{"not_picked":["Reflex","Quick Slash","Blade Dance"],"picked":"Distraction","floor":10},{"not_picked":["Choke","Acrobatics","Reflex"],"picked":"Sucker Punch","floor":11},{"not_picked":["Endless Agony","Sucker Punch","Deadly Poison"],"picked":"Cloak And Dagger","floor":13},{"not_picked":["Blur","Dagger Spray","Well Laid Plans"],"picked":"Noxious Fumes","floor":14},{"not_picked":["Malaise","After Image","Night Terror"],"picked":"Adrenaline","floor":16},{"not_picked":["Acrobatics","Backflip","Slice"],"picked":"Flying Knee+1","floor":18},{"not_picked":["Dagger Spray","Outmaneuver","Underhanded Strike+1","Doppelganger"],"picked":"SKIP","floor":19},{"not_picked":["Predator+1","Dagger Throw","Backflip"],"picked":"Terror+1","floor":20},{"not_picked":["Dagger Throw","Acrobatics+1","Riddle With Holes"],"picked":"Blade Dance+1","floor":22},{"not_picked":["Blur","Deadly Poison+1","Riddle With Holes"],"picked":"Sucker Punch+1","floor":24},{"not_picked":["Dodge and Roll","Flying Knee","PiercingWail+1"],"picked":"Leg Sweep","floor":27},{"not_picked":["Phantasmal Killer","Blur","Calculated Gamble"],"picked":"Poisoned Stab+1","floor":30},{"not_picked":["Quick Slash+1","Flying Knee","Concentrate"],"picked":"Blade Dance+1","floor":31},{"not_picked":["Unload","Venomology","Grand Finale"],"picked":"Phantasmal Killer","floor":33},{"not_picked":["Flying Knee","Prepared","Predator"],"picked":"Footwork+1","floor":35},{"not_picked":["Concentrate+1","Outmaneuver+1","Prepared"],"picked":"Deflect","floor":36},{"not_picked":["Reflex+1","Cloak And Dagger","Dagger Spray","Tactician+1"],"picked":"SKIP","floor":38},{"not_picked":["Bane+1","Sucker Punch","Blade Dance"],"picked":"Heel Hook","floor":42},{"not_picked":["Dagger Throw+1","Doppelganger","Masterful Stab+1"],"picked":"Prepared+1","floor":44},{"not_picked":["Prepared","Deadly Poison","Dagger Spray+1"],"picked":"Bouncing Flask+1","floor":45},{"not_picked":["Dodge and Roll","Masterful Stab","Finisher+1"],"picked":"Crippling Poison+1","floor":46}],"player_experience":451378,"relics_obtained":[{"floor":6,"key":"Bottled Tornado"},{"floor":9,"key":"Question Card"},{"floor":10,"key":"Pear"},{"floor":26,"key":"Ancient Tea Set"},{"floor":27,"key":"Sundial"},{"floor":30,"key":"Whetstone"},{"floor":43,"key":"Mummified Hand"}],"event_choices":[{"event_name":"Purifier","player_choice":"One Purge","floor":5,"damage_taken":0},{"event_name":"Dead Adventurer","player_choice":"Searched \u00271\u0027 times","floor":8,"damage_taken":0},{"event_name":"Drug Dealer","player_choice":"Inject Mutagens","floor":28,"damage_taken":0},{"event_name":"Transmorgrifier","player_choice":"Transform","floor":39,"damage_taken":0}],"is_beta":false,"boss_relics":[{"not_picked":["Snecko Eye","Tiny House"],"picked":"Fusion Hammer"},{"not_picked":["Lizard Tail","Sozu"],"picked":"Cursed Key"}],"items_purged_floors":[],"is_endless":false,"potions_floor_spawned":[3,10,13,14,16,18,24,31,33,36,38,46],"killed_by":"Spire Growth","ascension_level":5}