{"gold_per_floor":[19,30,40,59,59,59,88,88,163,163,197,209,11,11,11,109,109,122,122,222,189,189,189,205,205,255,255,270,270,283,295,295,394,394,406,423,240,340,359,359,378,378,378,431,449,472,472,482,482,482],"floor_reached":51,"playtime":4480,"items_purged":[],"score":883,"play_id":"7c22e66e-f5bd-47a2-b3f8-d4d470ec5c90","local_time":"20181119103450","is_ascension_mode":true,"campfire_choices":[{"data":"Fire Breathing","floor":6,"key":"SMITH"},{"data":"Anger","floor":8,"key":"SMITH"},{"data":"Bash","floor":10,"key":"SMITH"},{"data":"Rage","floor":15,"key":"SMITH"},{"data":"Disarm","floor":23,"key":"SMITH"},{"floor":25,"key":"REST"},{"data":"Shockwave","floor":29,"key":"SMITH"},{"data":"Power Through","floor":32,"key":"SMITH"},{"data":"Transmutation","floor":40,"key":"SMITH"},{"floor":42,"key":"REST"},{"data":"Power Through","floor":47,"key":"SMITH"},{"data":"Carnage","floor":49,"key":"SMITH"}],"neow_cost":"NO_GOLD","seed_source_timestamp":1255404835801314,"circlet_count":0,"master_deck":["Strike_R+1","Strike_R+1","Strike_R+1","Strike_R+1","Strike_R+1","Defend_R+1","Defend_R+1","Defend_R+1","Defend_R+1","Bash+1","Anger+1","Battle Trance","Seeing Red","Fire Breathing+1","Power Through+1","Rage+1","Disarm+1","Power Through+1","Battle Trance+1","Shockwave+1","Headbutt","Evolve","Ghostly Armor+1","Corruption+1","Transmutation+1","Evolve+1","Carnage+1","Seeing Red","True Grit+1"],"relics":["Burning Blood","Unceasing Top","Magic Flower","Pantograph","Regal Pillow","Strange Spoon","Philosopher\u0027s Stone","Vajra","Nilry\u0027s Codex","Runic Cube","Ice Cream","Bottled Lightning","Nunchaku","Smiling Mask"],"potions_floor_usage":[4,16,28,33,35,39,44,48,50,50],"damage_taken":[{"damage":12,"enemies":"Jaw Worm","floor":1,"turns":4},{"damage":2,"enemies":"2 Louse","floor":2,"turns":3},{"damage":1,"enemies":"Cultist","floor":3,"turns":3},{"damage":1,"enemies":"Exordium Wildlife","floor":4,"turns":3},{"damage":25,"enemies":"Lagavulin","floor":7,"turns":6},{"damage":25,"enemies":"3 Sentries","floor":11,"turns":9},{"damage":9,"enemies":"2 Fungi Beasts","floor":12,"turns":3},{"damage":37,"enemies":"Hexaghost","floor":16,"turns":8},{"damage":14,"enemies":"Spheric Guardian","floor":18,"turns":5},{"damage":6,"enemies":"2 Thieves","floor":21,"turns":5},{"damage":43,"enemies":"Sentry and Sphere","floor":24,"turns":8},{"damage":20,"enemies":"Centurion and Healer","floor":28,"turns":5},{"damage":0,"enemies":"3 Cultists","floor":30,"turns":5},{"damage":0,"enemies":"Chosen and Byrds","floor":31,"turns":5},{"damage":14,"enemies":"Collector","floor":33,"turns":9},{"damage":16,"enemies":"3 Darklings","floor":35,"turns":5},{"damage":0,"enemies":"Orb Walker","floor":36,"turns":5},{"damage":0,"enemies":"Mind Bloom Boss Battle","floor":38,"turns":5},{"damage":24,"enemies":"Sphere and 2 Shapes","floor":39,"turns":6},{"damage":37,"enemies":"Transient","floor":41,"turns":5},{"damage":5,"enemies":"2 Orb Walkers","floor":44,"turns":4},{"damage":10,"enemies":"4 Shapes","floor":45,"turns":6},{"damage":11,"enemies":"Sphere and 2 Shapes","floor":48,"turns":4},{"damage":57,"enemies":"Donu and Deca","floor":50,"turns":12}],"seed_played":"8860639297982751724","potions_obtained":[{"floor":2,"key":"Fire Potion"},{"floor":7,"key":"Regen Potion"},{"floor":11,"key":"AttackPotion"},{"floor":12,"key":"SteroidPotion"},{"floor":16,"key":"LiquidBronze"},{"floor":28,"key":"FearPotion"},{"floor":30,"key":"PowerPotion"},{"floor":33,"key":"LiquidBronze"},{"floor":35,"key":"Weak Potion"},{"floor":39,"key":"SkillPotion"},{"floor":41,"key":"Weak Potion"},{"floor":44,"key":"Dexterity Potion"}],"is_trial":false,"path_per_floor":["M","M","M","M","?","R","E","R","T","R","E","M","$","?","R","B",null,"M","$","?","M","?","R","M","R","T","?","M","R","M","M","R","B",null,"M","M","$","?","M","R","M","R","T","?","M","T","R","M","R","B",null],"character_chosen":"IRONCLAD","items_purchased":["Strange Spoon","Transmutation"],"campfire_rested":2,"item_purchase_floors":[13,37],"current_hp_per_floor":[66,70,75,80,80,80,61,61,61,61,45,45,45,45,45,52,73,68,68,68,71,71,71,37,76,76,60,68,68,77,80,80,75,79,72,80,80,80,65,65,37,76,76,80,79,79,79,77,77,32],"gold":482,"neow_bonus":"ONE_RARE_RELIC","is_prod":false,"is_daily":false,"chose_seed":false,"campfire_upgraded":10,"win_rate":0,"timestamp":1542652490,"path_taken":["M","M","M","M","?","R","E","R","T","R","E","M","$","?","R","BOSS","M","$","?","?","?","R","M","R","T","?","?","R","M","M","R","BOSS","M","M","$","?","M","R","M","R","T","?","M","?","R","?","R","BOSS"],"build_version":"2018-11-15","purchased_purges":0,"victory":true,"max_hp_per_floor":[80,80,80,80,80,80,80,80,80,80,80,80,80,80,80,80,80,80,80,80,80,80,80,80,80,80,80,80,80,80,80,80,80,80,80,80,80,80,80,80,80,80,80,80,80,80,80,80,80,80],"card_choices":[{"not_picked":["Shockwave","Perfected Strike"],"picked":"Anger","floor":1},{"not_picked":["Hemokinesis","Body Slam"],"picked":"Battle Trance","floor":2},{"not_picked":["Shrug It Off","Second Wind"],"picked":"Seeing Red","floor":3},{"not_picked":["Reckless Charge","Wild Strike"],"picked":"Fire Breathing","floor":4},{"not_picked":["Perfected Strike","Warcry"],"picked":"Power Through","floor":7},{"not_picked":["Clash","Wild Strike"],"picked":"Rage","floor":11},{"not_picked":["Flame Barrier","Shockwave"],"picked":"Disarm","floor":12},{"not_picked":["Thunderclap+1","Flex"],"picked":"Power Through","floor":18},{"not_picked":["Sword Boomerang","Body Slam"],"picked":"Battle Trance+1","floor":21},{"not_picked":["Searing Blow","Corruption"],"picked":"Shockwave","floor":24},{"not_picked":["Perfected Strike","Twin Strike"],"picked":"Headbutt","floor":28},{"not_picked":["Infernal Blade","Wild Strike+1"],"picked":"Evolve","floor":30},{"not_picked":["Headbutt","Armaments","Berserk"],"picked":"SKIP","floor":31},{"not_picked":["Wild Strike","Perfected Strike"],"picked":"Ghostly Armor+1","floor":35},{"not_picked":["Shrug It Off+1","Clothesline"],"picked":"Corruption+1","floor":36},{"not_picked":["Clothesline+1","Heavy Blade"],"picked":"Evolve+1","floor":38},{"not_picked":["Fire Breathing","Havoc"],"picked":"Carnage","floor":39},{"not_picked":["Evolve+1","Sword Boomerang+1","Heavy Blade+1"],"picked":"SKIP","floor":41},{"not_picked":["Anger","Flame Barrier"],"picked":"Seeing Red","floor":44},{"not_picked":["Warcry","Ghostly Armor+1"],"picked":"True Grit+1","floor":45},{"not_picked":["Blood for Blood+1","Clash+1","Cleave"],"picked":"SKIP","floor":48}],"player_experience":518191,"relics_obtained":[{"floor":7,"key":"Magic Flower"},{"floor":9,"key":"Pantograph"},{"floor":11,"key":"Regal Pillow"},{"floor":26,"key":"Vajra"},{"floor":27,"key":"Nilry\u0027s Codex"},{"floor":38,"key":"Ice Cream"},{"floor":43,"key":"Bottled Lightning"},{"floor":44,"key":"Nunchaku"},{"floor":46,"key":"Smiling Mask"}],"event_choices":[{"damage_healed":0,"gold_gain":0,"player_choice":"Ignored","damage_taken":0,"max_hp_gain":0,"max_hp_loss":0,"event_name":"Liars Game","floor":5,"gold_loss":0},{"damage_healed":0,"gold_gain":0,"player_choice":"Leave","damage_taken":0,"max_hp_gain":0,"max_hp_loss":0,"event_name":"The Cleric","floor":14,"gold_loss":0},{"damage_healed":0,"gold_gain":100,"player_choice":"Pray","damage_taken":0,"max_hp_gain":0,"max_hp_loss":0,"event_name":"Golden Shrine","floor":20,"gold_loss":0},{"damage_healed":0,"gold_gain":0,"player_choice":"Simplicity","damage_taken":0,"max_hp_gain":0,"max_hp_loss":0,"event_name":"Back to Basics","floor":22,"gold_loss":0,"cards_upgraded":["Strike_R","Strike_R","Strike_R","Strike_R","Strike_R","Defend_R","Defend_R","Defend_R","Defend_R"]},{"damage_healed":0,"gold_gain":0,"player_choice":"Obtained Book","damage_taken":16,"max_hp_gain":0,"max_hp_loss":0,"event_name":"Cursed Tome","floor":27,"gold_loss":0},{"damage_healed":0,"gold_gain":0,"player_choice":"Fight","damage_taken":0,"max_hp_gain":0,"max_hp_loss":0,"event_name":"MindBloom","floor":38,"gold_loss":0},{"damage_healed":0,"gold_gain":0,"player_choice":"Fight","damage_taken":0,"max_hp_gain":0,"max_hp_loss":0,"event_name":"Mysterious Sphere","floor":44,"gold_loss":0}],"is_beta":false,"boss_relics":[{"not_picked":["Busted Crown","Coffee Dripper"],"picked":"Philosopher\u0027s Stone"},{"not_picked":["Runic Dome","Calling Bell"],"picked":"Runic Cube"}],"items_purged_floors":[],"is_endless":false,"potions_floor_spawned":[2,7,11,12,16,18,28,30,31,33,35,39,41,44],"ascension_level":9}