{"gold_per_floor":[113,113,132,151,168,168,181,181,181,19,62,34,48,63,63,161,161,186,209,134,59,59,59,75,75,75,93,93,128,128,128,128,128],"floor_reached":33,"playtime":1442,"items_purged":["Strike_B"],"score":521,"play_id":"d3538c38-00d9-4923-b3bc-7e4247bb72ea","local_time":"20191016185428","is_ascension_mode":true,"campfire_choices":[{"floor":6.0,"key":"REST"},{"floor":15,"key":"REST"},{"data":"Fission","floor":23,"key":"SMITH"},{"floor":25,"key":"REST"},{"data":"Hologram","floor":28,"key":"SMITH"},{"floor":32,"key":"REST"}],"neow_cost":"CURSE","seed_source_timestamp":804015204544460,"circlet_count":0,"master_deck":["AscendersBane","Strike_B+1","Strike_B+1","Defend_B+1","Defend_B+1","Defend_B+1","Zap","Dualcast","Ball Lightning","Thunder Strike","Cold Snap","Reinforced Body","Undo","Sweeping Beam","Sunder","Glacier","Ball Lightning","Reinforced Body","Loop","Fission+1","Gash","Hologram+1","Genetic Algorithm"],"special_seed":0,"relics":["Cracked Core","Golden Idol","Nunchaku","DataDisk","Meat on the Bone","Sozu","Bird Faced Urn","Shovel","Symbiotic Virus"],"potions_floor_usage":[16,16,29],"damage_taken":[{"damage":2.0,"enemies":"Cultist","floor":1.0,"turns":4.0},{"damage":11.0,"enemies":"Small Slimes","floor":3.0,"turns":3.0},{"damage":0.0,"enemies":"2 Louse","floor":4.0,"turns":2.0},{"damage":2.0,"enemies":"Large Slime","floor":5.0,"turns":5.0},{"damage":5.0,"enemies":"Exordium Wildlife","floor":7.0,"turns":5.0},{"damage":33,"enemies":"Lagavulin","floor":11,"turns":7},{"damage":0,"enemies":"Looter","floor":13,"turns":3},{"damage":1,"enemies":"Blue Slaver","floor":14,"turns":3},{"damage":29,"enemies":"Slime Boss","floor":16,"turns":10},{"damage":2,"enemies":"2 Thieves","floor":18,"turns":4},{"damage":8,"enemies":"Shell Parasite","floor":19,"turns":8},{"damage":6,"enemies":"3 Cultists","floor":24,"turns":5},{"damage":13,"enemies":"Centurion and Healer","floor":27,"turns":6},{"damage":59,"enemies":"Gremlin Leader","floor":29,"turns":8},{"damage":0,"enemies":"Colosseum Slavers","floor":30,"turns":5},{"damage":62,"enemies":"Collector","floor":33,"turns":9}],"seed_played":"-6205535966493748377","potions_obtained":[{"floor":7.0,"key":"Strength Potion"},{"floor":14,"key":"Explosive Potion"},{"floor":16,"key":"Block Potion"}],"is_trial":false,"path_per_floor":["M","?","M","M","M","R","M","?","T","$","E","$","M","M","R","B",null,"M","M","?","$","?","R","M","R","T","M","R","E","?","T","R","B"],"character_chosen":"DEFECT","items_purchased":["DataDisk","Ball Lightning"],"campfire_rested":4,"item_purchase_floors":[10,12],"current_hp_per_floor":[62,62,51,51,49,70,65,65,65,65,32,32,44,43,64,47,65,63,55,55,55,55,55,49,70,70,58,58,13,27,27,48,0],"gold":128,"neow_bonus":"TRANSFORM_TWO_CARDS","is_prod":false,"is_daily":false,"chose_seed":false,"campfire_upgraded":2,"win_rate":0,"timestamp":1571277268,"path_taken":["M","?","?","M","M","R","M","?","T","$","E","$","M","M","R","BOSS","M","M","?","$","?","R","M","R","T","?","R","E","?","?","R","BOSS"],"build_version":"2019-07-17","purchased_purges":1,"victory":false,"max_hp_per_floor":[71,71,71,71,71,71,71,71,71,71,71,71,71,71,71,71,71,71,71,71,71,71,71,71,71,71,71,71,71,71,71,71,71],"card_choices":[{"not_picked":["Conserve Battery","Streamline"],"picked":"Cold Snap","floor":1.0},{"not_picked":["Stack","Cold Snap"],"picked":"Reinforced Body","floor":3.0},{"not_picked":["Streamline","Conserve Battery"],"picked":"Undo","floor":4.0},{"not_picked":["Aggregate","Force Field"],"picked":"Sweeping Beam","floor":5.0},{"not_picked":["Streamline","Redo"],"picked":"Sunder","floor":7.0},{"not_picked":["Go for the Eyes","Defragment"],"picked":"Glacier","floor":11},{"not_picked":["Beam Cell","Reboot"],"picked":"Reinforced Body","floor":13},{"not_picked":["Sweeping Beam","Ball Lightning"],"picked":"Loop","floor":14},{"not_picked":["Reboot","Multi-Cast"],"picked":"Fission","floor":16},{"not_picked":["Heatsinks","Cold Snap"],"picked":"Gash","floor":18},{"not_picked":["Consume","Leap"],"picked":"Hologram","floor":19},{"not_picked":["Leap","Redo","Consume"],"picked":"SKIP","floor":24},{"not_picked":["Doom and Gloom","Conserve Battery"],"picked":"Genetic Algorithm","floor":27},{"not_picked":["All For One","Reprogram","Beam Cell"],"picked":"SKIP","floor":29}],"player_experience":703239,"relics_obtained":[{"floor":9.0,"key":"Nunchaku"},{"floor":11,"key":"Meat on the Bone"},{"floor":26,"key":"Bird Faced Urn"},{"floor":29,"key":"Shovel"},{"floor":31,"key":"Symbiotic Virus"}],"event_choices":[{"cards_removed":["Injury"],"damage_healed":0.0,"max_hp_gain":0.0,"max_hp_loss":0.0,"gold_gain":0.0,"event_name":"Purifier","player_choice":"Purged","floor":2.0,"gold_loss":0.0,"damage_taken":0.0},{"damage_healed":0.0,"max_hp_gain":0.0,"max_hp_loss":0.0,"gold_gain":0.0,"event_name":"Golden Idol","player_choice":"Take Wound","floor":8.0,"gold_loss":0.0,"damage_taken":0.0,"relics_obtained":["Golden Idol"],"cards_obtained":["Injury"]},{"cards_removed":["Injury"],"damage_healed":0,"gold_gain":0,"player_choice":"Gave Gold","damage_taken":0,"max_hp_gain":0,"max_hp_loss":0,"event_name":"Beggar","floor":20,"gold_loss":75},{"damage_healed":0,"gold_gain":0,"player_choice":"Simplicity","damage_taken":0,"max_hp_gain":0,"max_hp_loss":0,"event_name":"Back to Basics","floor":22,"gold_loss":0,"cards_upgraded":["Strike_B","Strike_B","Defend_B","Defend_B","Defend_B"]},{"damage_healed":0,"gold_gain":0,"player_choice":"Fight","damage_taken":0,"max_hp_gain":0,"max_hp_loss":0,"event_name":"Colosseum","floor":30,"gold_loss":0},{"damage_healed":0,"gold_gain":0,"player_choice":"Fled From Nobs","damage_taken":0,"max_hp_gain":0,"max_hp_loss":0,"event_name":"Colosseum","floor":30,"gold_loss":0}],"is_beta":false,"boss_relics":[{"not_picked":["Nuclear Battery","Ectoplasm"],"picked":"Sozu"}],"items_purged_floors":[21],"is_endless":false,"potions_floor_spawned":[7,14,16,18,30],"killed_by":"Collector","ascension_level":19}