{"gold_per_floor":[109,109,121,121,132,132,193,193,217,237,237,162,162],"floor_reached":13,"playtime":1106,"items_purged":["Strike_B"],"score":158,"play_id":"68b01470-0870-4083-87cb-7dca5a7b3968","local_time":"20190716185237","is_ascension_mode":true,"campfire_choices":[{"data":"Zap","floor":6,"key":"SMITH"},{"floor":8,"key":"REST"},{"floor":11,"key":"REST"}],"neow_cost":"NONE","seed_source_timestamp":0,"circlet_count":0,"master_deck":["AscendersBane","Strike_B","Defend_B","Defend_B","Defend_B","Defend_B","Zap+1","Dualcast","Chill","Hologram","Glacier","Coolheaded","Blizzard","Sweeping Beam"],"special_seed":0,"relics":["Cracked Core","Tiny Chest","Pen Nib"],"potions_floor_usage":[10,10],"damage_taken":[{"damage":0.0,"enemies":"2 Louse","floor":1.0,"turns":2.0},{"damage":12,"enemies":"Small Slimes","floor":3,"turns":7},{"damage":0,"enemies":"Cultist","floor":5,"turns":4},{"damage":29,"enemies":"Lagavulin","floor":7,"turns":12},{"damage":31,"enemies":"Gremlin Gang","floor":10,"turns":4},{"damage":44,"enemies":"Gremlin Nob","floor":13,"turns":4}],"seed_played":"-7553132902348481784","potions_obtained":[{"floor":1.0,"key":"LiquidBronze"},{"floor":3,"key":"Swift Potion"}],"is_trial":false,"path_per_floor":["M","?","M","?","M","R","E","R","T","M","R","$","E"],"character_chosen":"DEFECT","items_purchased":[],"campfire_rested":2,"item_purchase_floors":[],"current_hp_per_floor":[64,57,45,45,45,45,16,37,37,6,27,27,0],"gold":162,"neow_bonus":"THREE_CARDS","is_prod":false,"is_daily":false,"chose_seed":false,"campfire_upgraded":1,"win_rate":0,"timestamp":1563328357,"path_taken":["M","?","M","?","M","R","E","R","T","M","R","$","E"],"build_version":"2019-07-05","purchased_purges":1,"victory":false,"max_hp_per_floor":[71,71,71,71,71,71,71,71,71,71,71,71,71],"card_choices":[{"not_picked":["Stack","Rebound"],"picked":"Chill","floor":0.0},{"not_picked":["Consume","BootSequence"],"picked":"Hologram","floor":1.0},{"not_picked":["Reinforced Body","Loop"],"picked":"Glacier","floor":3},{"not_picked":["Beam Cell","Chill"],"picked":"Coolheaded","floor":5},{"not_picked":["Reprogram","Ball Lightning"],"picked":"Blizzard","floor":7},{"not_picked":["Static Discharge","Barrage"],"picked":"Sweeping Beam","floor":10}],"player_experience":2183236,"relics_obtained":[{"floor":7,"key":"Tiny Chest"},{"floor":9,"key":"Pen Nib"}],"event_choices":[{"cards_removed":["Strike_B"],"damage_healed":0.0,"max_hp_gain":0.0,"max_hp_loss":0.0,"gold_gain":0.0,"event_name":"Golden Wing","player_choice":"Card Removal","floor":2.0,"gold_loss":0.0,"damage_taken":7.0},{"cards_removed":["Strike_B"],"damage_healed":0,"gold_gain":0,"player_choice":"Offered Basic","damage_taken":0,"max_hp_gain":0,"max_hp_loss":0,"event_name":"Bonfire Elementals","floor":4,"gold_loss":0}],"is_beta":false,"boss_relics":[],"items_purged_floors":[12],"is_endless":false,"potions_floor_spawned":[1,3],"killed_by":"Gremlin Nob","ascension_level":18}