{"gold_per_floor":[116,134,154,164,52,81,91,91,143,163,194,194,205,205,205,205],"floor_reached":16,"playtime":1064,"items_purged":[],"score":164,"play_id":"521cabb9-d490-4146-952d-2c7e4a465b4c","local_time":"20191006130921","is_ascension_mode":false,"campfire_choices":[{"floor":12,"key":"REST"},{"data":"Demon Form","floor":15,"key":"SMITH"}],"neow_cost":"","seed_source_timestamp":86365839129600,"circlet_count":0,"master_deck":["Strike_R","Strike_R","Strike_R","Strike_R","Strike_R","Defend_R","Defend_R","Defend_R","Defend_R","Bash","Shrug It Off","Carnage+1","Armaments","Anger","Headbutt","Dark Shackles","Iron Wave","Feed","Metallicize","Demon Form+1","Armaments"],"relics":["Burning Blood","Pen Nib","Lantern","Gremlin Horn"],"potions_floor_usage":[],"damage_taken":[{"damage":9,"enemies":"Jaw Worm","floor":1,"turns":5},{"damage":0,"enemies":"2 Louse","floor":2,"turns":3},{"damage":0,"enemies":"Cultist","floor":3,"turns":3},{"damage":32,"enemies":"Gremlin Gang","floor":4,"turns":8},{"damage":28,"enemies":"3 Sentries","floor":6,"turns":8},{"damage":1,"enemies":"Exordium Wildlife","floor":7,"turns":4},{"damage":5,"enemies":"Red Slaver","floor":10,"turns":2},{"damage":10,"enemies":"Gremlin Nob","floor":11,"turns":4},{"damage":0,"enemies":"Large Slime","floor":13,"turns":5}],"seed_played":"5637334591724372753","potions_obtained":[{"floor":2,"key":"Strength Potion"},{"floor":4,"key":"GamblersBrew"},{"floor":13,"key":"Poison Potion"}],"is_trial":false,"path_per_floor":["M","M","M","M","$","E","M","?","T","M","E","R","M","?","R","B"],"character_chosen":"IRONCLAD","items_purchased":["Headbutt","Dark Shackles"],"campfire_rested":1,"item_purchase_floors":[5,5],"current_hp_per_floor":[77,80,80,54,54,32,37,37,37,38,34,58,67,67,67,0],"gold":205,"neow_bonus":"","is_prod":false,"is_daily":false,"chose_seed":false,"campfire_upgraded":1,"win_rate":0.0,"timestamp":1570392561,"path_taken":["M","M","M","M","$","E","M","?","T","M","E","R","M","?","R","BOSS"],"build_version":"2019-07-17","purchased_purges":0,"victory":false,"max_hp_per_floor":[80,80,80,80,80,80,80,80,80,80,80,80,83,83,83,83],"card_choices":[{"not_picked":["Thunderclap","True Grit"],"picked":"Shrug It Off","floor":1},{"not_picked":["True Grit","Rupture"],"picked":"Carnage","floor":2},{"not_picked":["Clash","Dual Wield"],"picked":"Armaments","floor":3},{"not_picked":["Armaments","Bloodletting"],"picked":"Anger","floor":4},{"not_picked":["Body Slam","Shrug It Off"],"picked":"Iron Wave","floor":6},{"not_picked":["Reckless Charge","Iron Wave"],"picked":"Feed","floor":7},{"not_picked":["Body Slam","Shrug It Off"],"picked":"Metallicize","floor":10},{"not_picked":["Clothesline","Whirlwind"],"picked":"Demon Form","floor":11},{"not_picked":["Ghostly Armor","Feel No Pain"],"picked":"Armaments","floor":13}],"player_experience":0,"relics_obtained":[{"floor":6,"key":"Pen Nib"},{"floor":9,"key":"Lantern"},{"floor":11,"key":"Gremlin Horn"}],"event_choices":[{"damage_healed":0,"gold_gain":0,"player_choice":"Ignored","damage_taken":0,"max_hp_gain":0,"max_hp_loss":0,"event_name":"Shining Light","floor":8,"gold_loss":0},{"damage_healed":0,"gold_gain":0,"player_choice":"Forge","damage_taken":0,"max_hp_gain":0,"max_hp_loss":0,"event_name":"Accursed Blacksmith","floor":14,"gold_loss":0,"cards_upgraded":["Carnage"]}],"is_beta":false,"boss_relics":[],"items_purged_floors":[],"is_endless":false,"potions_floor_spawned":[2,4,13],"killed_by":"The Guardian","ascension_level":0}