{"gold_per_floor":[109,34,47,122,122,149,149,159,159,159,170,32,60,73,73,144,144,162,162,28,28,28],"floor_reached":22,"playtime":590,"items_purged":[],"score":423,"play_id":"909d02c6-6353-4509-b5d4-e201d23a66af","local_time":"20190727175145","is_ascension_mode":true,"campfire_choices":[{"data":"Capacitor","floor":7,"key":"SMITH"},{"data":"Ball Lightning","floor":10,"key":"SMITH"},{"floor":15,"key":"REST"}],"neow_cost":"NONE","seed_source_timestamp":949537111970889,"circlet_count":0,"master_deck":["AscendersBane","Strike_B","Strike_B","Strike_B","Defend_B","Defend_B","Defend_B","Defend_B","Zap+1","Dualcast","Ball Lightning+1","Capacitor+1","Undo+1","Coolheaded+1","Stack+1","White Noise+1","Sweeping Beam","Turbo+1","Conserve Battery+1","Machine Learning","Melter","Swift Strike","Loop","Conserve Battery+1"],"special_seed":0,"relics":["Cracked Core","NeowsBlessing","Toxic Egg 2","Boot","Strawberry","Inserter","Ginger"],"potions_floor_usage":[13,16],"damage_taken":[{"damage":0,"enemies":"2 Louse","floor":1,"turns":1},{"damage":0,"enemies":"Cultist","floor":3,"turns":1},{"damage":0,"enemies":"Lagavulin","floor":6,"turns":2},{"damage":3,"enemies":"Small Slimes","floor":8,"turns":4},{"damage":5,"enemies":"Exordium Wildlife","floor":11,"turns":3},{"damage":16,"enemies":"Gremlin Nob","floor":13,"turns":4},{"damage":0,"enemies":"Blue Slaver","floor":14,"turns":4},{"damage":16,"enemies":"Slime Boss","floor":16,"turns":7},{"damage":22,"enemies":"Spheric Guardian","floor":18,"turns":6},{"damage":56,"enemies":"Chosen","floor":22,"turns":5}],"seed_played":"512018890258298014","potions_obtained":[{"floor":8,"key":"AttackPotion"},{"floor":11,"key":"Dexterity Potion"},{"floor":13,"key":"SteroidPotion"},{"floor":14,"key":"Block Potion"}],"is_trial":false,"path_per_floor":["M","?","M","?","?","E","R","M","T","R","M","$","E","M","R","B",null,"M","?","$","T","M"],"character_chosen":"DEFECT","items_purchased":["White Noise+1","Sweeping Beam","Loop","Conserve Battery+1"],"campfire_rested":1,"item_purchase_floors":[12,12,20,20],"current_hp_per_floor":[64,64,64,53,53,53,53,50,50,50,45,45,36,36,59,43,69,47,33,33,33,0],"gold":28,"neow_bonus":"THREE_ENEMY_KILL","is_prod":false,"is_daily":false,"chose_seed":false,"campfire_upgraded":2,"win_rate":0,"timestamp":1564275105,"path_taken":["M","?","M","?","?","E","R","M","T","R","M","$","E","M","R","BOSS","M","?","$","?","M"],"build_version":"2019-07-17","purchased_purges":0,"victory":false,"max_hp_per_floor":[71,71,71,71,71,71,71,71,71,71,71,71,78,78,78,78,78,78,78,78,78,78],"card_choices":[{"not_picked":["Redo","Auto Shields"],"picked":"Ball Lightning","floor":1},{"not_picked":["Beam Cell","Steam"],"picked":"Capacitor","floor":3},{"not_picked":["Turbo","BootSequence"],"picked":"Undo","floor":6},{"not_picked":["Chill+1","Go for the Eyes"],"picked":"Coolheaded+1","floor":8},{"not_picked":["Aggregate+1","Barrage"],"picked":"Stack+1","floor":11},{"not_picked":["Cold Snap","Consume+1"],"picked":"Turbo+1","floor":13},{"not_picked":["Go for the Eyes","Ball Lightning"],"picked":"Conserve Battery+1","floor":14},{"not_picked":["Amplify+1","Buffer"],"picked":"Machine Learning","floor":16},{"not_picked":["Stack+1","Sweeping Beam"],"picked":"Melter","floor":18}],"player_experience":2396854,"relics_obtained":[{"floor":6,"key":"Toxic Egg 2"},{"floor":9,"key":"Boot"},{"floor":13,"key":"Strawberry"},{"floor":21,"key":"Ginger"}],"event_choices":[{"cards_removed":["Strike_B"],"damage_healed":0,"gold_gain":0,"player_choice":"Card Removal","damage_taken":0,"max_hp_gain":0,"max_hp_loss":0,"event_name":"The Cleric","floor":2,"gold_loss":75},{"damage_healed":0,"gold_gain":75,"player_choice":"Gather Gold","damage_taken":11,"max_hp_gain":0,"max_hp_loss":0,"event_name":"World of Goop","floor":4,"gold_loss":0},{"damage_healed":0,"gold_gain":0,"player_choice":"Grow","damage_taken":0,"max_hp_gain":0,"max_hp_loss":0,"event_name":"Living Wall","floor":5,"gold_loss":0,"cards_upgraded":["Zap"]},{"damage_healed":0,"gold_gain":0,"player_choice":"CARD ","damage_taken":14,"max_hp_gain":0,"max_hp_loss":0,"event_name":"Knowing Skull","floor":19,"potions_obtained":[],"gold_loss":0,"cards_obtained":["Swift Strike"]},{"damage_healed":0,"gold_gain":0,"player_choice":"CARD ","damage_taken":14,"max_hp_gain":0,"max_hp_loss":0,"event_name":"Knowing Skull","floor":19,"potions_obtained":[],"gold_loss":0,"cards_obtained":["Swift Strike"]}],"is_beta":false,"boss_relics":[{"not_picked":["Velvet Choker","Coffee Dripper"],"picked":"Inserter"}],"items_purged_floors":[],"is_endless":false,"potions_floor_spawned":[8,11,13,14],"killed_by":"Chosen","ascension_level":19}