{"gold_per_floor":[114,130,150,164,20,20,36,36,63,81,81,81,81,93,93,193,193,209,209,226,226,240,240,165,165,191,91,91,91,126,156,156,258,258,269,369,176,190,190,190,201,201,201,201,201,211,486,86,86,86],"floor_reached":51,"playtime":7271,"items_purged":["Strike_B","Strike_B","Strike_B","Defend_B"],"score":963,"play_id":"2586db68-9206-4737-a4a8-35ab5048f717","local_time":"20190208184103","is_ascension_mode":true,"campfire_choices":[{"data":"Capacitor","floor":6,"key":"SMITH"},{"data":"Echo Form","floor":8,"key":"SMITH"},{"data":"Self Repair","floor":12,"key":"SMITH"},{"data":"Glacier","floor":15,"key":"SMITH"},{"data":"Ball Lightning","floor":23,"key":"SMITH"},{"floor":28,"key":"REST"},{"floor":32,"key":"REST"},{"data":"Defragment","floor":40,"key":"SMITH"},{"data":"Defragment","floor":45,"key":"SMITH"},{"data":"Defragment","floor":49,"key":"SMITH"}],"neow_cost":"NONE","seed_source_timestamp":0,"circlet_count":0,"master_deck":["AscendersBane","Defend_B+1","Defend_B","Zap+1","Ball Lightning+1","Glacier+1","Capacitor+1","Echo Form+1","Self Repair+1","Auto Shields","Reboot","Sunder+1","Coolheaded+1","Defragment+1","Turbo+1","Defragment+1","Dramatic Entrance","Defragment+1","Hologram+1"],"special_seed":0,"relics":["Cracked Core","Lantern","Omamori","Runic Pyramid","PreservedInsect","Necronomicon","Centennial Puzzle","Tiny Chest","Sozu","Dead Branch","Nunchaku","War Paint"],"potions_floor_usage":[7,10,18,19,41,50],"damage_taken":[{"damage":0.0,"enemies":"Cultist","floor":1.0,"turns":3.0},{"damage":7.0,"enemies":"Small Slimes","floor":2.0,"turns":2.0},{"damage":2.0,"enemies":"2 Louse","floor":3.0,"turns":2.0},{"damage":18.0,"enemies":"Exordium Thugs","floor":4.0,"turns":5.0},{"damage":7,"enemies":"Lots of Slimes","floor":7,"turns":5},{"damage":7,"enemies":"2 Fungi Beasts","floor":10,"turns":4},{"damage":1,"enemies":"Blue Slaver","floor":14,"turns":4},{"damage":35,"enemies":"Slime Boss","floor":16,"turns":12},{"damage":5,"enemies":"Chosen","floor":18,"turns":8},{"damage":0,"enemies":"2 Thieves","floor":19,"turns":1},{"damage":5,"enemies":"Shelled Parasite and Fungi","floor":20,"turns":11},{"damage":36,"enemies":"Centurion and Healer","floor":22,"turns":13},{"damage":43,"enemies":"Slavers","floor":30,"turns":7},{"damage":34,"enemies":"Collector","floor":33,"turns":11},{"damage":6,"enemies":"Orb Walker","floor":35,"turns":3},{"damage":8,"enemies":"Mind Bloom Boss Battle","floor":36,"turns":7},{"damage":0,"enemies":"3 Darklings","floor":38,"turns":6},{"damage":1,"enemies":"4 Shapes","floor":41,"turns":5},{"damage":5,"enemies":"Spire Growth","floor":46,"turns":5},{"damage":28,"enemies":"Donu and Deca","floor":50,"turns":7}],"seed_played":"-8613072307600861372","potions_obtained":[{"floor":3.0,"key":"GamblersBrew"},{"floor":4.0,"key":"Fire Potion"},{"floor":7,"key":"SmokeBomb"},{"floor":16,"key":"SkillPotion"},{"floor":30,"key":"Fire Potion"},{"floor":33,"key":"Strength Potion"}],"is_trial":false,"path_per_floor":["M","M","M","M","$","R","M","R","T","M","T","R","?","M","R","B",null,"M","M","M","?","M","R","$","$","T","$","R","?","E","T","R","B",null,"M","?","$","M","?","R","M","?","T","?","R","M","?","$","R","B",null],"character_chosen":"DEFECT","items_purchased":["Glacier","Capacitor","Defragment","Defragment","Hologram","War Paint"],"campfire_rested":2,"item_purchase_floors":[5,5,37,48,48,48],"current_hp_per_floor":[68,61,59,41,41,41,34,34,34,27,27,27,27,36,36,21,62,67,75,75,75,59,59,59,59,59,59,75,59,26,26,48,34,65,69,71,71,75,75,75,75,75,75,75,75,75,75,75,75,57],"gold":86,"neow_bonus":"UPGRADE_CARD","is_prod":false,"is_daily":false,"chose_seed":false,"campfire_upgraded":8,"win_rate":0,"timestamp":1549680063,"path_taken":["M","M","M","?","$","R","M","R","T","M","?","R","?","M","R","BOSS","M","M","?","?","?","R","?","$","T","$","R","?","E","?","R","BOSS","M","?","$","M","?","R","?","?","T","?","R","?","?","?","R","BOSS"],"build_version":"2019-01-23","purchased_purges":4,"victory":true,"max_hp_per_floor":[75,75,75,75,75,75,75,75,75,75,75,75,75,75,75,75,75,75,75,75,75,75,75,75,75,75,75,75,75,75,75,75,75,75,75,75,75,75,75,75,75,75,75,75,75,75,75,75,75,75],"card_choices":[{"not_picked":["Turbo","Doom and Gloom"],"picked":"Ball Lightning","floor":1.0},{"not_picked":["Darkness","Conserve Battery","Gash"],"picked":"SKIP","floor":2.0},{"not_picked":["Stack","Lockon","Redo"],"picked":"SKIP","floor":3.0},{"not_picked":["Fusion","Compile Driver","Skim"],"picked":"SKIP","floor":4.0},{"not_picked":["Chill","Streamline"],"picked":"Echo Form","floor":7},{"not_picked":["Stack","Blizzard"],"picked":"Self Repair","floor":10},{"not_picked":["Lockon","Compile Driver"],"picked":"Auto Shields","floor":14},{"not_picked":["Hyperbeam","Buffer"],"picked":"Reboot","floor":16},{"not_picked":["Sweeping Beam","Static Discharge+1","Go for the Eyes"],"picked":"SKIP","floor":18},{"not_picked":["Go for the Eyes+1","Sweeping Beam","Leap"],"picked":"SKIP","floor":20},{"not_picked":["Loop","Tempest"],"picked":"Sunder+1","floor":22},{"not_picked":["Auto Shields","Cold Snap"],"picked":"Coolheaded+1","floor":30},{"not_picked":["Rebound+1","Undo","Go for the Eyes"],"picked":"SKIP","floor":35},{"not_picked":["Barrage","Go for the Eyes+1"],"picked":"Turbo+1","floor":38},{"not_picked":["Go for the Eyes","Beam Cell","Hello World"],"picked":"SKIP","floor":41},{"not_picked":["PanicButton","Good Instincts"],"picked":"Dramatic Entrance","floor":42},{"not_picked":["Coolheaded","Compile Driver+1","Hello World+1"],"picked":"SKIP","floor":46}],"player_experience":851958,"relics_obtained":[{"floor":9,"key":"Lantern"},{"floor":11,"key":"Omamori"},{"floor":26,"key":"PreservedInsect"},{"floor":29,"key":"Necronomicon"},{"floor":30,"key":"Centennial Puzzle"},{"floor":31,"key":"Tiny Chest"},{"floor":36,"key":"Dead Branch"},{"floor":43,"key":"Nunchaku"}],"event_choices":[{"cards_removed":["Dualcast"],"damage_healed":0,"gold_gain":0,"player_choice":"Purged","damage_taken":0,"max_hp_gain":0,"max_hp_loss":0,"event_name":"Purifier","floor":13,"gold_loss":0},{"cards_removed":["Strike_B"],"damage_healed":0,"gold_gain":0,"player_choice":"Purged","damage_taken":0,"max_hp_gain":0,"max_hp_loss":0,"event_name":"Purifier","floor":21,"gold_loss":0},{"damage_healed":0,"gold_gain":0,"player_choice":"Obtained Book","damage_taken":16,"max_hp_gain":0,"max_hp_loss":0,"event_name":"Cursed Tome","floor":29,"gold_loss":0},{"damage_healed":0,"gold_gain":0,"player_choice":"Fight","damage_taken":0,"max_hp_gain":0,"max_hp_loss":0,"event_name":"MindBloom","floor":36,"gold_loss":0},{"damage_healed":0,"gold_gain":0,"player_choice":"Copied","damage_taken":0,"max_hp_gain":0,"max_hp_loss":0,"event_name":"Duplicator","floor":39,"gold_loss":0,"cards_obtained":["Defragment"]},{"damage_healed":0,"gold_gain":0,"player_choice":"Memory 1","damage_taken":0,"max_hp_gain":0,"max_hp_loss":0,"event_name":"SensoryStone","floor":42,"gold_loss":0},{"cards_removed":["Defend_B"],"damage_healed":0,"gold_gain":0,"player_choice":"Offered Basic","damage_taken":0,"max_hp_gain":0,"max_hp_loss":0,"event_name":"Bonfire Elementals","floor":44,"gold_loss":0},{"damage_healed":0,"gold_gain":275,"player_choice":"Desecrate","damage_taken":0,"max_hp_gain":0,"max_hp_loss":0,"event_name":"Golden Shrine","floor":47,"gold_loss":0,"cards_obtained":["Regret"]}],"is_beta":false,"boss_relics":[{"not_picked":["Pandora\u0027s Box","Ectoplasm"],"picked":"Runic Pyramid"},{"not_picked":["Fusion Hammer","Cursed Key"],"picked":"Sozu"}],"items_purged_floors":[24,27,37,48],"is_endless":false,"potions_floor_spawned":[3,4,7,16,19,30,33,36,41,46],"ascension_level":11}