{"gold_per_floor":[110,110,35,54,11,11,29,29,29,55,55,88,103,135,135,209,209,229,245,259,22,33,62,62,62,62,62,82,96,96,122,122,197,197,209,226,326,156,156,156,181,192,192,192,203,14,14,14,14,14],"floor_reached":50,"playtime":7317,"items_purged":["Strike_B","Decay"],"score":1055,"play_id":"34fc2169-0436-4bdb-aa72-4d1869d8a9e5","local_time":"20190728211946","is_ascension_mode":true,"campfire_choices":[{"data":"Zap","floor":6.0,"key":"SMITH"},{"data":"Sunder","floor":8.0,"key":"SMITH"},{"floor":11.0,"key":"REST"},{"data":"Rainbow","floor":15.0,"key":"SMITH"},{"floor":25.0,"key":"REST"},{"floor":27.0,"key":"REST"},{"data":"Defragment","floor":32.0,"key":"SMITH"},{"data":"Recycle","floor":40.0,"key":"SMITH"},{"floor":44.0,"key":"REST"},{"data":"White Noise","floor":47.0,"key":"SMITH"},{"floor":49.0,"key":"REST"}],"neow_cost":"NONE","seed_source_timestamp":0,"circlet_count":0,"master_deck":["AscendersBane","Strike_B+1","Strike_B+1","Defend_B+1","Defend_B+1","Defend_B+1","Defend_B+1","Zap+1","Dualcast","FTL","Compile Driver","Sunder+1","Gash","Electrodynamics","Undo","Sweeping Beam","Rainbow+1","Seek","Glacier","Sweeping Beam","Defragment+1","Capacitor","Skim","Ball Lightning","White Noise","Self Repair","Stack","White Noise+1","Sweeping Beam","Thunder Strike","Aggregate","Hologram+1","Fusion","Capacitor","Recycle+1","Chill","Loop","Melter","Skim","Double Energy"],"special_seed":0,"relics":["Cracked Core","NeowsBlessing","Singing Bowl","Pantograph","Mummified Hand","Bottled Tornado","Mango","Snecko Eye","Gambling Chip","Centennial Puzzle","Vajra","Black Star","Girya","Dream Catcher","Thread and Needle","Prayer Wheel"],"potions_floor_usage":[50,50,50,50],"damage_taken":[{"damage":0.0,"enemies":"2 Louse","floor":1.0,"turns":1.0},{"damage":0.0,"enemies":"Small Slimes","floor":4.0,"turns":1.0},{"damage":0.0,"enemies":"Jaw Worm","floor":7.0,"turns":1.0},{"damage":11.0,"enemies":"Gremlin Nob","floor":10.0,"turns":3.0},{"damage":15.0,"enemies":"Lagavulin","floor":12.0,"turns":4.0},{"damage":11.0,"enemies":"Looter","floor":13.0,"turns":2.0},{"damage":5.0,"enemies":"3 Sentries","floor":14.0,"turns":3.0},{"damage":13.0,"enemies":"Slime Boss","floor":16.0,"turns":7.0},{"damage":40.0,"enemies":"Chosen","floor":18.0,"turns":7.0},{"damage":0.0,"enemies":"3 Byrds","floor":19.0,"turns":1.0},{"damage":8.0,"enemies":"Sentry and Sphere","floor":20.0,"turns":4.0},{"damage":0.0,"enemies":"Snake Plant","floor":22.0,"turns":2.0},{"damage":16.0,"enemies":"Slavers","floor":23.0,"turns":2.0},{"damage":1.0,"enemies":"Centurion and Healer","floor":28.0,"turns":3.0},{"damage":3.0,"enemies":"Sentry and Sphere","floor":29.0,"turns":3.0},{"damage":7.0,"enemies":"Gremlin Leader","floor":31.0,"turns":4.0},{"damage":30.0,"enemies":"Collector","floor":33.0,"turns":7.0},{"damage":13.0,"enemies":"3 Darklings","floor":35.0,"turns":2.0},{"damage":0.0,"enemies":"3 Shapes","floor":36.0,"turns":2.0},{"damage":0.0,"enemies":"Mind Bloom Boss Battle","floor":37.0,"turns":3.0},{"damage":43.0,"enemies":"Giant Head","floor":41.0,"turns":8.0},{"damage":0.0,"enemies":"Writhing Mass","floor":42.0,"turns":8.0},{"damage":25.0,"enemies":"3 Darklings","floor":45.0,"turns":3.0},{"damage":91,"enemies":"Awakened One","floor":50,"turns":7}],"seed_played":"-7922101648686928108","potions_obtained":[{"floor":7.0,"key":"Dexterity Potion"},{"floor":13.0,"key":"Weak Potion"},{"floor":33.0,"key":"SkillPotion"},{"floor":41.0,"key":"EntropicBrew"}],"is_trial":false,"path_per_floor":["M","?","?","M","$","R","M","R","T","E","R","E","M","E","R","B",null,"M","M","M","$","M","E","?","R","T","R","M","M","?","E","R","B",null,"M","M","?","$","?","R","E","M","T","R","M","$","R","$","R","B"],"character_chosen":"DEFECT","items_purchased":["Sunder","Capacitor","Skim","Capacitor","Recycle","Skim"],"campfire_rested":5,"item_purchase_floors":[5,21,21,38,38,46],"current_hp_per_floor":[64,53,53,53,53,53,53,53,53,42,63,48,37,46,46,58,78,38,38,30,30,30,14,14,39,39,64,63,67,67,60,60,62,79,66,73,85,85,85,85,51,58,58,84,68,68,68,68,89,0],"gold":14,"neow_bonus":"THREE_ENEMY_KILL","is_prod":false,"is_daily":false,"chose_seed":false,"campfire_upgraded":6,"win_rate":0,"timestamp":1564373986,"path_taken":["M","?","?","M","?","R","M","R","T","E","R","E","M","E","R","BOSS","M","M","M","$","M","E","?","R","T","R","M","M","?","E","R","BOSS","M","M","?","$","?","R","E","M","T","R","?","$","R","?","R","BOSS"],"build_version":"2019-07-17","purchased_purges":2,"victory":false,"max_hp_per_floor":[71,71,71,71,71,71,71,71,71,71,71,71,71,85,85,85,85,85,85,85,85,85,85,85,85,85,85,85,85,85,85,85,85,85,85,85,85,85,85,85,87,87,87,87,89,89,89,89,89,89],"card_choices":[{"not_picked":["Coolheaded","Rebound"],"picked":"FTL","floor":1.0},{"not_picked":["Barrage","Streamline"],"picked":"Compile Driver","floor":4.0},{"not_picked":["Stack","Doom and Gloom"],"picked":"Gash","floor":7.0},{"not_picked":["Heatsinks","Darkness"],"picked":"Electrodynamics","floor":10.0},{"not_picked":["Rebound","Coolheaded"],"picked":"Undo","floor":12.0},{"not_picked":["Ball Lightning","Leap"],"picked":"Sweeping Beam","floor":13.0},{"not_picked":["Blizzard","Leap"],"picked":"Rainbow","floor":14.0},{"not_picked":["Hyperbeam","Buffer"],"picked":"Seek","floor":16.0},{"not_picked":["Rebound+1","Steam Power"],"picked":"Glacier","floor":18.0},{"not_picked":["Fusion","Conserve Battery"],"picked":"Sweeping Beam","floor":19.0},{"not_picked":["Steam Power","Genetic Algorithm"],"picked":"Defragment","floor":20.0},{"not_picked":["Leap","Sweeping Beam"],"picked":"Ball Lightning","floor":22.0},{"not_picked":["Static Discharge","Blizzard"],"picked":"White Noise","floor":23.0},{"not_picked":["Sweeping Beam","Undo"],"picked":"Self Repair","floor":28.0},{"not_picked":["Doom and Gloom","Beam Cell"],"picked":"Stack","floor":29.0},{"not_picked":["Stack","Cold Snap"],"picked":"Sweeping Beam","floor":31.0},{"not_picked":["Rainbow","Fission"],"picked":"Thunder Strike","floor":33.0},{"not_picked":["Sweeping Beam","Stack"],"picked":"Aggregate","floor":35.0},{"not_picked":["Undo","Sweeping Beam+1"],"picked":"Hologram+1","floor":36.0},{"not_picked":["Stack+1","Storm"],"picked":"Fusion","floor":37.0},{"not_picked":["Consume","Hologram","Fusion"],"picked":"Singing Bowl","floor":41.0},{"not_picked":["Fusion","Gash"],"picked":"Chill","floor":42.0},{"not_picked":["Go for the Eyes","Ball Lightning+1"],"picked":"Loop","floor":44.0},{"not_picked":["Redo","Stack"],"picked":"Melter","floor":45.0},{"not_picked":["Redo","Aggregate","Barrage"],"picked":"Singing Bowl","floor":45.0},{"not_picked":["Leap+1","Sweeping Beam+1"],"picked":"Double Energy","floor":49.0}],"player_experience":2405946,"relics_obtained":[{"floor":9.0,"key":"Pantograph"},{"floor":10.0,"key":"Mummified Hand"},{"floor":12.0,"key":"Bottled Tornado"},{"floor":14.0,"key":"Mango"},{"floor":23.0,"key":"Gambling Chip"},{"floor":26.0,"key":"Centennial Puzzle"},{"floor":31.0,"key":"Vajra"},{"floor":37.0,"key":"Girya"},{"floor":41.0,"key":"Dream Catcher"},{"floor":41.0,"key":"Thread and Needle"},{"floor":43.0,"key":"Prayer Wheel"}],"event_choices":[{"damage_healed":0.0,"max_hp_gain":0.0,"max_hp_loss":0.0,"gold_gain":0.0,"event_name":"Scrap Ooze","player_choice":"Success","floor":2.0,"gold_loss":0.0,"damage_taken":11.0,"relics_obtained":["Singing Bowl"]},{"cards_removed":["Strike_B"],"damage_healed":0.0,"max_hp_gain":0.0,"max_hp_loss":0.0,"gold_gain":0.0,"event_name":"The Cleric","player_choice":"Card Removal","floor":3.0,"gold_loss":75.0,"damage_taken":0.0},{"damage_healed":0.0,"max_hp_gain":0.0,"max_hp_loss":0.0,"gold_gain":0.0,"event_name":"Back to Basics","player_choice":"Simplicity","floor":24.0,"gold_loss":0.0,"damage_taken":0.0,"cards_upgraded":["Strike_B","Strike_B","Defend_B","Defend_B","Defend_B","Defend_B"]},{"damage_healed":0.0,"max_hp_gain":0.0,"max_hp_loss":0.0,"gold_gain":0.0,"event_name":"The Library","player_choice":"Read","floor":30.0,"gold_loss":0.0,"damage_taken":0.0,"cards_obtained":["White Noise"]},{"damage_healed":0.0,"max_hp_gain":0.0,"max_hp_loss":0.0,"gold_gain":0.0,"event_name":"MindBloom","player_choice":"Fight","floor":37.0,"gold_loss":0.0,"damage_taken":0.0},{"damage_healed":0.0,"max_hp_gain":0.0,"max_hp_loss":0.0,"gold_gain":0.0,"event_name":"Wheel of Change","player_choice":"Cursed","floor":39.0,"gold_loss":0.0,"damage_taken":0.0,"cards_obtained":["Decay"]}],"is_beta":false,"boss_relics":[{"not_picked":["Astrolabe","Pandora\u0027s Box"],"picked":"Snecko Eye"},{"not_picked":["Lizard Tail","Nuclear Battery"],"picked":"Black Star"}],"items_purged_floors":[21,46],"is_endless":false,"potions_floor_spawned":[7,13,14,18,29,31,33,36,41],"killed_by":"Awakened One","ascension_level":19}