{"gold_per_floor":[119,119,130,146,34,59,79,2,25,25,51,71,71,81,81,177,177,191,191,206,223,223,254,254,268,268,268,278,278,289,289],"floor_reached":31,"playtime":1883,"items_purged":[],"score":319,"play_id":"dcf27114-66b5-41c2-91cb-edd1c270d9c0","local_time":"20191012181115","is_ascension_mode":false,"campfire_choices":[{"floor":10,"key":"REST"},{"data":"Sunder","floor":13,"key":"SMITH"},{"floor":15,"key":"REST"},{"floor":24,"key":"REST"},{"data":"Defragment","floor":29,"key":"SMITH"}],"neow_cost":"PERCENT_DAMAGE","seed_source_timestamp":0,"circlet_count":0,"master_deck":["Strike_B","Strike_B","Strike_B","Defend_B","Defend_B","Defend_B","Zap","Dualcast","Lockon","Streamline","Genetic Algorithm","Hologram","Sunder+1","FTL","Leap","Redo","Gash","Stack","Defragment+1","Redo","Conserve Battery","Seek","Rip and Tear+1","Coolheaded","Go for the Eyes+1","Heatsinks","Chill","Self Repair","Ball Lightning+1","Sweeping Beam"],"special_seed":0,"relics":["Cracked Core","Oddly Smooth Stone","Orichalcum","Blood Vial","Black Star","MutagenicStrength","Potion Belt","Omamori","Meat on the Bone","Question Card"],"potions_floor_usage":[31,31,31],"damage_taken":[{"damage":0.0,"enemies":"2 Louse","floor":1.0,"turns":3.0},{"damage":1,"enemies":"Cultist","floor":3,"turns":3},{"damage":3,"enemies":"Small Slimes","floor":4,"turns":4},{"damage":30,"enemies":"Lagavulin","floor":6,"turns":6},{"damage":6,"enemies":"Gremlin Gang","floor":7,"turns":5},{"damage":16,"enemies":"Gremlin Nob","floor":11,"turns":4},{"damage":17,"enemies":"3 Louse","floor":12,"turns":4},{"damage":0,"enemies":"Large Slime","floor":14,"turns":2},{"damage":0,"enemies":"Slime Boss","floor":16,"turns":7},{"damage":22,"enemies":"3 Byrds","floor":18,"turns":5},{"damage":13,"enemies":"Shell Parasite","floor":20,"turns":7},{"damage":28,"enemies":"3 Cultists","floor":21,"turns":7},{"damage":31,"enemies":"Book of Stabbing","floor":23,"turns":9},{"damage":8,"enemies":"Centurion and Healer","floor":25,"turns":10},{"damage":12,"enemies":"Snecko","floor":28,"turns":8},{"damage":18,"enemies":"Shelled Parasite and Fungi","floor":30,"turns":9},{"damage":43,"enemies":"Gremlin Leader","floor":31,"turns":8}],"seed_played":"5994485940208312530","potions_obtained":[{"floor":1.0,"key":"Ancient Potion"},{"floor":3,"key":"Dexterity Potion"},{"floor":6,"key":"FocusPotion"},{"floor":25,"key":"SmokeBomb"},{"floor":28,"key":"PowerPotion"}],"is_trial":false,"path_per_floor":["M","?","M","M","$","E","M","$","T","R","E","M","R","M","R","B",null,"M","?","M","M","?","E","R","M","T","?","M","R","M","E"],"character_chosen":"DEFECT","items_purchased":["Sunder","FTL","Gash","Stack"],"campfire_rested":3,"item_purchase_floors":[5,5,8,8],"current_hp_per_floor":[68,68,67,64,64,34,28,28,28,54,38,23,23,25,51,53,89,67,67,56,30,30,1,27,21,21,21,30,30,33,0],"gold":289,"neow_bonus":"TWENTY_PERCENT_HP_BONUS","is_prod":false,"is_daily":false,"chose_seed":false,"campfire_upgraded":2,"win_rate":0.0,"timestamp":1570929075,"path_taken":["M","?","M","M","$","E","M","?","T","R","E","M","R","M","R","BOSS","M","?","M","?","?","E","R","M","T","?","M","R","M","E"],"build_version":"2019-07-17","purchased_purges":0,"victory":false,"max_hp_per_floor":[89,89,89,89,89,89,89,89,89,89,89,89,89,89,89,89,89,89,89,89,89,89,89,89,89,89,89,89,89,89,89],"card_choices":[{"not_picked":["Reprogram","Cold Snap"],"picked":"Lockon","floor":1.0},{"not_picked":["Coolheaded","Scrape"],"picked":"Genetic Algorithm","floor":3},{"not_picked":["Rebound","Steam"],"picked":"Hologram","floor":4},{"not_picked":["Undo","Steam"],"picked":"Leap","floor":6},{"not_picked":["Conserve Battery","Sunder"],"picked":"Redo","floor":7},{"not_picked":["BootSequence","Self Repair"],"picked":"Defragment","floor":11},{"not_picked":["Force Field","Sunder"],"picked":"Redo","floor":12},{"not_picked":["Coolheaded","Streamline"],"picked":"Conserve Battery","floor":14},{"not_picked":["Fission","Reboot"],"picked":"Seek","floor":16},{"not_picked":["Genetic Algorithm","Compile Driver"],"picked":"Rip and Tear+1","floor":18},{"not_picked":["Coolheaded","Streamline"],"picked":"Go for the Eyes+1","floor":20},{"not_picked":["Storm","Beam Cell"],"picked":"Heatsinks","floor":21},{"not_picked":["Stack","Lockon"],"picked":"Chill","floor":23},{"not_picked":["Scrape+1","Buffer"],"picked":"Self Repair","floor":25},{"not_picked":["Go for the Eyes","Redo","Cold Snap"],"picked":"Ball Lightning+1","floor":28},{"not_picked":["Hologram","Beam Cell","Ball Lightning"],"picked":"Sweeping Beam","floor":30}],"player_experience":61281,"relics_obtained":[{"floor":6,"key":"Oddly Smooth Stone"},{"floor":9,"key":"Orichalcum"},{"floor":11,"key":"Blood Vial"},{"floor":23,"key":"Potion Belt"},{"floor":23,"key":"Omamori"},{"floor":26,"key":"Meat on the Bone"}],"event_choices":[{"damage_healed":0.0,"max_hp_gain":0.0,"max_hp_loss":0.0,"gold_gain":0.0,"cards_transformed":["Strike_B"],"event_name":"Transmorgrifier","player_choice":"Transformed","floor":2.0,"gold_loss":0.0,"damage_taken":0.0,"cards_obtained":["Streamline"]},{"damage_healed":0,"gold_gain":0,"cards_transformed":["Defend_B"],"player_choice":"Transformed","damage_taken":0,"max_hp_gain":0,"max_hp_loss":0,"event_name":"Transmorgrifier","floor":19,"gold_loss":0,"cards_obtained":["Coolheaded"]},{"damage_healed":0,"gold_gain":0,"player_choice":"Inject Mutagens","damage_taken":0,"relics_obtained":["MutagenicStrength"],"max_hp_gain":0,"max_hp_loss":0,"event_name":"Drug Dealer","floor":22,"gold_loss":0},{"damage_healed":0,"gold_gain":0,"player_choice":"Opened","damage_taken":0,"relics_obtained":["Question Card"],"max_hp_gain":0,"max_hp_loss":0,"event_name":"The Mausoleum","floor":27,"gold_loss":0,"cards_obtained":["Writhe"]}],"is_beta":false,"boss_relics":[{"not_picked":["White Beast Statue","Velvet Choker"],"picked":"Black Star"}],"items_purged_floors":[],"is_endless":false,"potions_floor_spawned":[1,3,6,21,25,28],"killed_by":"Gremlin Leader","ascension_level":0}