{"gold_per_floor":[17,36,109,209,229,229,239,268,320,338,338,356,376,392,392,490,490,506,128,138,151,170,170,170,170,170,18,49,13,27,27],"floor_reached":31,"playtime":2069,"items_purged":["Defend_B"],"score":338,"play_id":"3d243faa-eb01-423c-8166-fb8027184e2c","local_time":"20190101154744","is_ascension_mode":true,"campfire_choices":[{"data":"Zap","floor":6,"key":"SMITH"},{"floor":11,"key":"REST"},{"floor":15,"key":"REST"},{"floor":23,"key":"REST"},{"floor":25,"key":"REST"}],"neow_cost":"NO_GOLD","seed_source_timestamp":1027844848783399,"circlet_count":0,"master_deck":["Defend_B","Defend_B","Defend_B","Zap+1","Dualcast","Go for the Eyes","Streamline","Go for the Eyes","Reprogram","Seek+1","Loop","Go for the Eyes","Steam","Leap","Seek","Defragment","Turbo+1","Beam Cell","Stack","Hologram","Leap+1","Sunder","All For One","Bite","Bite","Bite","Bite","Bite","Self Repair","FTL"],"relics":["Cracked Core","Unceasing Top","Singing Bowl","Strawberry","Orrery","Ice Cream","Omamori","War Paint","Ancient Tea Set"],"potions_floor_usage":[7,8,8,16],"damage_taken":[{"damage":5,"enemies":"Small Slimes","floor":1,"turns":3},{"damage":9,"enemies":"Jaw Worm","floor":2,"turns":3},{"damage":0,"enemies":"Cultist","floor":5,"turns":3},{"damage":11,"enemies":"Large Slime","floor":7,"turns":6},{"damage":22,"enemies":"Gremlin Nob","floor":8,"turns":4},{"damage":12,"enemies":"Exordium Wildlife","floor":10,"turns":5},{"damage":20,"enemies":"Exordium Thugs","floor":12,"turns":4},{"damage":0,"enemies":"Large Slime","floor":13,"turns":4},{"damage":4,"enemies":"Red Slaver","floor":14,"turns":3},{"damage":22,"enemies":"Hexaghost","floor":16,"turns":11},{"damage":26,"enemies":"2 Thieves","floor":18,"turns":5},{"damage":2,"enemies":"Spheric Guardian","floor":20,"turns":3},{"damage":11,"enemies":"Shelled Parasite and Fungi","floor":21,"turns":7},{"damage":33,"enemies":"3 Cultists","floor":22,"turns":6},{"damage":34,"enemies":"Slavers","floor":28,"turns":5},{"damage":41,"enemies":"Cultist and Chosen","floor":30,"turns":7},{"damage":15,"enemies":"Gremlin Leader","floor":31,"turns":1}],"seed_played":"-4742534659225680077","potions_obtained":[{"floor":2,"key":"Strength Potion"},{"floor":7,"key":"EssenceOfSteel"},{"floor":8,"key":"Fruit Juice"},{"floor":13,"key":"Regen Potion"},{"floor":18,"key":"LiquidBronze"},{"floor":28,"key":"FearPotion"},{"floor":30,"key":"AttackPotion"}],"is_trial":false,"path_per_floor":["M","M","?","?","M","R","M","E","T","M","R","M","M","M","R","B",null,"M","$","M","M","M","R","?","R","T","$","E","$","M","E"],"character_chosen":"DEFECT","items_purchased":["Ice Cream","War Paint","Self Repair"],"campfire_rested":4,"item_purchase_floors":[19,27,29],"current_hp_per_floor":[70,61,61,61,61,61,50,33,40,28,54,34,34,30,56,49,89,63,63,61,50,17,43,43,61,61,61,34,34,10,0],"gold":27,"neow_bonus":"ONE_RARE_RELIC","is_prod":false,"is_daily":false,"chose_seed":false,"campfire_upgraded":1,"win_rate":0,"timestamp":1546386464,"path_taken":["M","M","?","?","M","R","M","E","T","M","R","M","M","M","R","BOSS","M","?","M","M","M","R","?","R","T","$","E","$","M","E"],"build_version":"2018-12-20","purchased_purges":1,"victory":false,"max_hp_per_floor":[75,75,75,75,75,75,75,80,87,87,87,87,87,87,87,87,89,89,89,89,89,89,89,62,62,62,62,64,64,64,64],"card_choices":[{"not_picked":["Loop","Ball Lightning"],"picked":"Go for the Eyes","floor":1},{"not_picked":["Blizzard","Chaos"],"picked":"Streamline","floor":2},{"not_picked":["Sweeping Beam","Darkness"],"picked":"Go for the Eyes","floor":5},{"not_picked":["Stack","Hologram"],"picked":"Reprogram","floor":7},{"not_picked":["Streamline","Chaos"],"picked":"Seek","floor":8},{"not_picked":["Rip and Tear","Lockon"],"picked":"Loop","floor":10},{"not_picked":["Rip and Tear","Cold Snap"],"picked":"Go for the Eyes","floor":12},{"not_picked":["White Noise","Cold Snap"],"picked":"Steam","floor":13},{"not_picked":["Fusion","Static Discharge"],"picked":"Leap","floor":14},{"not_picked":["Reboot","Core Surge"],"picked":"Seek","floor":16},{"not_picked":["Barrage","Streamline"],"picked":"Defragment","floor":17},{"not_picked":["Ball Lightning","Stack"],"picked":"Turbo","floor":17},{"not_picked":["Fusion","BootSequence"],"picked":"Beam Cell","floor":17},{"not_picked":["Compile Driver","Storm"],"picked":"Stack","floor":17},{"not_picked":["Consume","Compile Driver","Coolheaded"],"picked":"Singing Bowl","floor":17},{"not_picked":["Glacier","Chaos"],"picked":"Hologram","floor":18},{"not_picked":["Turbo","Coolheaded"],"picked":"Leap+1","floor":20},{"not_picked":["Redo","Reprogram"],"picked":"Sunder","floor":21},{"not_picked":["Doom and Gloom","Chill+1"],"picked":"All For One","floor":22},{"not_picked":["Conserve Battery+1","Darkness","Barrage"],"picked":"Singing Bowl","floor":28},{"not_picked":["Coolheaded","Ball Lightning"],"picked":"FTL","floor":30}],"player_experience":577907,"relics_obtained":[{"floor":8,"key":"Singing Bowl"},{"floor":9,"key":"Strawberry"},{"floor":26,"key":"Omamori"},{"floor":28,"key":"Ancient Tea Set"}],"event_choices":[{"damage_healed":0,"gold_gain":73,"player_choice":"Gained Gold","damage_taken":0,"max_hp_gain":0,"max_hp_loss":0,"event_name":"Golden Wing","floor":3,"gold_loss":0},{"damage_healed":0,"gold_gain":100,"player_choice":"Pray","damage_taken":0,"max_hp_gain":0,"max_hp_loss":0,"event_name":"Golden Shrine","floor":4,"gold_loss":0},{"damage_healed":0,"gold_gain":0,"player_choice":"Became a vampire","damage_taken":0,"max_hp_gain":0,"max_hp_loss":27,"event_name":"Vampires","floor":24,"gold_loss":0,"cards_obtained":["Bite","Bite","Bite","Bite","Bite"]}],"is_beta":false,"boss_relics":[{"not_picked":["Runic Pyramid","Astrolabe"],"picked":"Orrery"}],"items_purged_floors":[19],"is_endless":false,"potions_floor_spawned":[2,7,8,13,18,28,30],"killed_by":"Gremlin Leader","ascension_level":4}