{"gold_per_floor":[119,135,155,174,189,217,232,232,301,319,87,87,87,106,106,204,204,223,123,140,140,150,175,175,193,219,247,247,263,279,309,309,409,409,419,435,435,21,38,38,0,0,0,29,129,141,141,161,161,161],"floor_reached":51,"playtime":4038,"items_purged":["Shame","Doubt","Writhe"],"score":958,"play_id":"3be89e34-3653-4db4-8bbf-1402e813dd8c","local_time":"20190730222641","is_ascension_mode":true,"campfire_choices":[{"floor":8,"key":"REST"},{"floor":12,"key":"REST"},{"data":"Defragment","floor":15,"key":"SMITH"},{"floor":24,"key":"REST"},{"data":"Biased Cognition","floor":32,"key":"SMITH"},{"data":"Defragment","floor":40,"key":"SMITH"},{"floor":42,"key":"REST"},{"floor":49,"key":"REST"}],"neow_cost":"NONE","seed_source_timestamp":1767961516001774,"circlet_count":0,"master_deck":["Strike_B","Strike_B","Strike_B","Strike_B","Defend_B","Defend_B","Defend_B","Defend_B","Zap","Dualcast","Cold Snap","Beam Cell","Conserve Battery","Ball Lightning","Cold Snap","Defragment+1","Self Repair","Defragment+1","Doom and Gloom","Sweeping Beam","Echo Form","White Noise+1","Glacier","Heatsinks+1","Injury","Biased Cognition+1","Creative AI","Loop+1","Regret","Defragment+1"],"relics":["Calling Bell","Boot","Mercury Hourglass","Gambling Chip","Oddly Smooth Stone","Bottled Lightning","Cursed Key","Bronze Scales","Vajra","Thread and Needle","Lantern","Busted Crown","Frozen Egg 2","ClockworkSouvenir","Red Mask","Bottled Tornado","Art of War","Mango"],"potions_floor_usage":[17,22,25,27,27,39,50],"damage_taken":[{"damage":2,"enemies":"Jaw Worm","floor":1,"turns":3},{"damage":0,"enemies":"Small Slimes","floor":2,"turns":2},{"damage":6,"enemies":"Cultist","floor":3,"turns":3},{"damage":12,"enemies":"Exordium Wildlife","floor":4,"turns":4},{"damage":2,"enemies":"Large Slime","floor":5,"turns":5},{"damage":14,"enemies":"3 Sentries","floor":6,"turns":6},{"damage":9,"enemies":"Lots of Slimes","floor":7,"turns":3},{"damage":5,"enemies":"Gremlin Gang","floor":10,"turns":4},{"damage":2,"enemies":"Blue Slaver","floor":14,"turns":5},{"damage":2,"enemies":"Slime Boss","floor":16,"turns":7},{"damage":15,"enemies":"Spheric Guardian","floor":18,"turns":5},{"damage":26,"enemies":"2 Thieves","floor":20,"turns":5},{"damage":18,"enemies":"Snecko","floor":22,"turns":5},{"damage":12,"enemies":"Gremlin Leader","floor":23,"turns":7},{"damage":10,"enemies":"Centurion and Healer","floor":25,"turns":6},{"damage":34,"enemies":"Slavers","floor":27,"turns":4},{"damage":0,"enemies":"Snake Plant","floor":29,"turns":4},{"damage":9,"enemies":"3 Cultists","floor":30,"turns":4},{"damage":6,"enemies":"Gremlin Leader","floor":31,"turns":6},{"damage":26,"enemies":"Collector","floor":33,"turns":11},{"damage":0,"enemies":"Orb Walker","floor":35,"turns":3},{"damage":10,"enemies":"3 Darklings","floor":36,"turns":5},{"damage":21,"enemies":"Jaw Worm Horde","floor":39,"turns":4},{"damage":4,"enemies":"Giant Head","floor":44,"turns":7},{"damage":10,"enemies":"Mind Bloom Boss Battle","floor":45,"turns":7},{"damage":1,"enemies":"Spire Growth","floor":46,"turns":5},{"damage":34,"enemies":"Maw","floor":48,"turns":7},{"damage":25,"enemies":"Time Eater","floor":50,"turns":12}],"seed_played":"-55344556034195960","potions_obtained":[{"floor":5,"key":"Poison Potion"},{"floor":7,"key":"Weak Potion"},{"floor":10,"key":"Swift Potion"},{"floor":16,"key":"Fruit Juice"},{"floor":20,"key":"Ancient Potion"},{"floor":22,"key":"FocusPotion"},{"floor":25,"key":"PowerPotion"},{"floor":30,"key":"Dexterity Potion"},{"floor":31,"key":"Fire Potion"},{"floor":45,"key":"SteroidPotion"},{"floor":46,"key":"AttackPotion"}],"is_trial":false,"path_per_floor":["M","M","M","M","M","E","M","R","T","M","$","R","$","M","R","B",null,"M","$","M","?","M","E","R","M","T","E","?","M","M","E","R","B",null,"M","M","T","$","M","R","?","R","T","E","?","M","?","M","R","B",null],"character_chosen":"DEFECT","items_purchased":["Defragment","Doom and Gloom","Loop+1","ClockworkSouvenir","Fire Potion"],"campfire_rested":5,"item_purchase_floors":[11,11,38,38,38],"current_hp_per_floor":[66,66,60,48,46,32,23,45,45,40,40,62,62,67,67,72,79,78,78,66,66,48,50,74,78,78,58,58,72,70,71,71,52,73,80,70,70,70,49,49,49,73,73,76,87,93,93,73,94,69],"gold":161,"neow_bonus":"BOSS_RELIC","is_prod":false,"is_daily":false,"chose_seed":false,"campfire_upgraded":3,"win_rate":0,"timestamp":1564550801,"path_taken":["M","M","M","M","M","E","M","R","T","M","$","R","$","M","R","BOSS","M","$","M","?","M","E","R","M","T","E","?","M","M","E","R","BOSS","M","M","?","$","M","R","?","R","T","E","?","M","?","M","R","BOSS"],"build_version":"2019-07-17","purchased_purges":3,"victory":true,"max_hp_per_floor":[75,75,75,75,75,75,75,75,75,75,75,75,75,75,75,75,80,80,80,80,80,80,80,80,80,80,80,80,80,80,80,80,80,80,80,80,80,80,80,80,80,80,80,80,94,94,94,94,94,94],"card_choices":[{"not_picked":["Coolheaded","Turbo","Hologram"],"picked":"SKIP","floor":1},{"not_picked":["Rebound","Steam"],"picked":"Cold Snap","floor":2},{"not_picked":["Recycle","Turbo"],"picked":"Beam Cell","floor":3},{"not_picked":["Barrage","Steam"],"picked":"Conserve Battery","floor":4},{"not_picked":["Scrape","Gash"],"picked":"Ball Lightning","floor":5},{"not_picked":["Fission","Consume"],"picked":"Cold Snap","floor":6},{"not_picked":["Reinforced Body","Double Energy"],"picked":"Defragment","floor":7},{"not_picked":["Capacitor","Chill"],"picked":"Self Repair","floor":10},{"not_picked":["Coolheaded","Compile Driver"],"picked":"Sweeping Beam","floor":14},{"not_picked":["Amplify","Biased Cognition"],"picked":"Echo Form","floor":16},{"not_picked":["Barrage","Stack"],"picked":"White Noise+1","floor":18},{"not_picked":["Steam","Cold Snap","Conserve Battery"],"picked":"SKIP","floor":20},{"not_picked":["Barrage","Rebound+1","Cold Snap"],"picked":"SKIP","floor":22},{"not_picked":["Gash","Fission"],"picked":"Heatsinks+1","floor":23},{"not_picked":["Reprogram","Turbo","Rebound"],"picked":"SKIP","floor":25},{"not_picked":["Reinforced Body+1","Barrage","Beam Cell"],"picked":"SKIP","floor":27},{"not_picked":["Ball Lightning","Undo","Sweeping Beam"],"picked":"SKIP","floor":29},{"not_picked":["Heatsinks","Gash","Sweeping Beam"],"picked":"SKIP","floor":30},{"not_picked":["Barrage","FTL+1"],"picked":"Biased Cognition","floor":31},{"not_picked":["Amplify","Hyperbeam"],"picked":"Creative AI","floor":33},{"not_picked":["Coolheaded"],"picked":"SKIP","floor":35},{"not_picked":["Beam Cell"],"picked":"SKIP","floor":36},{"not_picked":["Auto Shields+1"],"picked":"SKIP","floor":39},{"not_picked":["Cold Snap"],"picked":"SKIP","floor":44},{"not_picked":["Skim"],"picked":"SKIP","floor":46},{"not_picked":[],"picked":"Defragment+1","floor":48}],"player_experience":699706,"relics_obtained":[{"floor":0,"key":"Boot"},{"floor":0,"key":"Mercury Hourglass"},{"floor":0,"key":"Gambling Chip"},{"floor":6,"key":"Oddly Smooth Stone"},{"floor":9,"key":"Bottled Lightning"},{"floor":23,"key":"Bronze Scales"},{"floor":26,"key":"Vajra"},{"floor":27,"key":"Thread and Needle"},{"floor":31,"key":"Lantern"},{"floor":37,"key":"Frozen Egg 2"},{"floor":43,"key":"Bottled Tornado"},{"floor":44,"key":"Art of War"},{"floor":45,"key":"Mango"}],"event_choices":[{"damage_healed":0,"gold_gain":0,"player_choice":"Read","damage_taken":0,"max_hp_gain":0,"max_hp_loss":0,"event_name":"The Library","floor":21,"gold_loss":0,"cards_obtained":["Glacier"]},{"cards_removed":["Writhe"],"damage_healed":0,"gold_gain":0,"player_choice":"Purged","damage_taken":0,"max_hp_gain":0,"max_hp_loss":0,"event_name":"Purifier","floor":28,"gold_loss":0},{"damage_healed":0,"gold_gain":0,"player_choice":"Paid","damage_taken":0,"relics_obtained":["Red Mask"],"max_hp_gain":0,"max_hp_loss":0,"event_name":"Tomb of Lord Red Mask","floor":41,"gold_loss":38},{"damage_healed":0,"gold_gain":0,"player_choice":"Fight","damage_taken":0,"max_hp_gain":0,"max_hp_loss":0,"event_name":"MindBloom","floor":45,"gold_loss":0},{"damage_healed":0,"gold_gain":0,"player_choice":"Ignored","damage_taken":0,"max_hp_gain":0,"max_hp_loss":0,"event_name":"SecretPortal","floor":47,"gold_loss":0}],"is_beta":false,"boss_relics":[{"not_picked":["Runic Pyramid","White Beast Statue"],"picked":"Cursed Key"},{"not_picked":["Inserter","Astrolabe"],"picked":"Busted Crown"}],"items_purged_floors":[11,19,38],"is_endless":false,"potions_floor_spawned":[5,7,10,14,16,20,22,23,25,30,31,45,46,48],"ascension_level":6}