{"gold_per_floor":[119,131,206,306,317,351,351,361,361,361,392,392,405,64,64,166,166,176,176,195,210,221,249,249,278,363,363,383,397,415,449,449,552,552,563,227,243,261,306,306,306,335,359,376,396,409,409,70,70,70,70,70,21,55,55],"floor_reached":56,"playtime":4003,"items_purged":["Strike_G"],"score":1351,"play_id":"9a0441a9-1187-4c32-b370-049b49a6c584","local_time":"20190727162626","is_ascension_mode":true,"campfire_choices":[{"data":"Neutralize","floor":7,"key":"SMITH"},{"floor":12,"key":"REST"},{"floor":15,"key":"REST"},{"floor":24,"key":"REST"},{"data":"Wraith Form v2","floor":27,"key":"SMITH"},{"data":"Footwork","floor":32,"key":"SMITH"},{"floor":40,"key":"REST"},{"floor":47,"key":"REST"},{"floor":49,"key":"RECALL"},{"data":"Footwork","floor":52,"key":"SMITH"}],"neow_cost":"NONE","seed_source_timestamp":151279167016700,"circlet_count":0,"master_deck":["Survivor","Neutralize+1","Dagger Spray","Riddle With Holes","Burst+1","Footwork+1","Leg Sweep+1","Footwork+1","Backflip+1","Wraith Form v2+1","Dash","Masterful Stab","Backstab","Dagger Spray","Backstab","All Out Attack","PiercingWail+1","Bouncing Flask+1","Caltrops+1","Expertise+1","Deadly Poison+1","Bullet Time+1","Backflip+1","Backflip+1","Malaise+1","Choke+1","Dagger Throw+1","Bane+1","Catalyst+1","Noxious Fumes","Leg Sweep+1","Bouncing Flask+1","Madness+1","Madness+1","Crippling Poison+1","Catalyst+1","Crippling Poison+1","Wraith Form v2+1"],"relics":["Ring of the Snake","NeowsBlessing","Toxic Egg 2","Mummified Hand","Matryoshka","Anchor","Pandora\u0027s Box","Orichalcum","Juzu Bracelet","Tiny Chest","Blood Vial","Boot","Astrolabe","Vajra","Art of War","Peace Pipe","Regal Pillow","Ancient Tea Set","Snake Skull","DollysMirror","Pear"],"potions_floor_usage":[6,11,16,21,23,25,29,31,33,38,45,50,50,55],"damage_taken":[{"damage":0,"enemies":"Small Slimes","floor":1,"turns":1},{"damage":0,"enemies":"Jaw Worm","floor":2,"turns":1},{"damage":0,"enemies":"Cultist","floor":5,"turns":1},{"damage":12,"enemies":"3 Sentries","floor":6,"turns":8},{"damage":7,"enemies":"Large Slime","floor":8,"turns":7},{"damage":32,"enemies":"Lagavulin","floor":11,"turns":7},{"damage":5,"enemies":"Looter","floor":13,"turns":4},{"damage":26,"enemies":"Hexaghost","floor":16,"turns":16},{"damage":10,"enemies":"Shell Parasite","floor":18,"turns":7},{"damage":7,"enemies":"2 Thieves","floor":20,"turns":3},{"damage":7,"enemies":"Snecko","floor":21,"turns":5},{"damage":18,"enemies":"Cultist and Chosen","floor":22,"turns":6},{"damage":23,"enemies":"Book of Stabbing","floor":23,"turns":5},{"damage":0,"enemies":"Slavers","floor":25,"turns":5},{"damage":3,"enemies":"Snake Plant","floor":28,"turns":4},{"damage":0,"enemies":"3 Cultists","floor":29,"turns":5},{"damage":2,"enemies":"Centurion and Healer","floor":30,"turns":7},{"damage":12,"enemies":"Gremlin Leader","floor":31,"turns":5},{"damage":16,"enemies":"Collector","floor":33,"turns":10},{"damage":0,"enemies":"Orb Walker","floor":35,"turns":3},{"damage":1,"enemies":"3 Shapes","floor":37,"turns":6},{"damage":11,"enemies":"3 Darklings","floor":38,"turns":8},{"damage":26,"enemies":"2 Orb Walkers","floor":39,"turns":7},{"damage":17,"enemies":"Nemesis","floor":42,"turns":5},{"damage":13,"enemies":"4 Shapes","floor":44,"turns":5},{"damage":11,"enemies":"Transient","floor":45,"turns":5},{"damage":0,"enemies":"3 Darklings","floor":46,"turns":5},{"damage":22,"enemies":"Donu and Deca","floor":50,"turns":9},{"damage":0,"enemies":"Shield and Spear","floor":54,"turns":6},{"damage":72,"enemies":"The Heart","floor":55,"turns":9}],"seed_played":"-4106382572921695545","potions_obtained":[{"floor":2,"key":"Fire Potion"},{"floor":8,"key":"Poison Potion"},{"floor":11,"key":"Strength Potion"},{"floor":13,"key":"Regen Potion"},{"floor":20,"key":"Regen Potion"},{"floor":23,"key":"AttackPotion"},{"floor":25,"key":"Swift Potion"},{"floor":29,"key":"SteroidPotion"},{"floor":30,"key":"Swift Potion"},{"floor":35,"key":"Explosive Potion"},{"floor":44,"key":"Explosive Potion"},{"floor":45,"key":"PowerPotion"},{"floor":46,"key":"Regen Potion"},{"floor":54,"key":"Weak Potion"}],"is_trial":false,"path_per_floor":["M","M","?","?","M","E","R","M","T","?","E","R","M","$","R","B",null,"M","?","M","M","M","E","R","E","T","R","M","M","M","E","R","B",null,"M","$","M","M","?","R","?","E","T","M","M","M","R","$","R","B",null,"R","$","E","B",null],"character_chosen":"THE_SILENT","items_purchased":["Footwork","Backflip+1","Anchor","Vajra","Noxious Fumes","Art of War","Snake Skull","DollysMirror","SpeedPotion"],"campfire_rested":5,"item_purchase_floors":[14,14,14,36,36,36,48,48,53],"current_hp_per_floor":[70,70,59,59,59,47,47,40,40,40,8,29,24,24,45,19,70,60,60,53,60,42,34,55,55,55,55,54,56,56,46,46,32,70,70,70,69,59,35,56,47,32,32,21,12,14,50,50,50,45,70,70,70,80,8],"gold":55,"neow_bonus":"THREE_ENEMY_KILL","is_prod":false,"is_daily":false,"chose_seed":false,"campfire_upgraded":4,"win_rate":0,"timestamp":1564269986,"path_taken":["M","M","?","?","?","E","R","M","T","?","E","R","M","$","R","BOSS","M","?","?","M","M","E","R","E","T","R","M","M","M","E","R","BOSS","M","$","M","M","?","R","?","E","T","M","M","M","R","$","R","BOSS","R","$","E","BOSS"],"build_version":"2019-07-18","purchased_purges":1,"victory":true,"max_hp_per_floor":[70,70,70,70,70,70,70,70,70,70,70,70,70,70,70,70,70,70,70,70,70,70,70,70,70,70,70,70,70,70,70,70,70,70,70,70,70,70,70,70,70,70,70,70,70,70,70,70,70,70,70,70,70,80,80],"card_choices":[{"not_picked":["Underhanded Strike","Dodge and Roll"],"picked":"Dagger Spray","floor":1},{"not_picked":["Endless Agony","Outmaneuver","Slice"],"picked":"SKIP","floor":2},{"not_picked":["Blade Dance","Underhanded Strike"],"picked":"Dagger Spray","floor":5},{"not_picked":["Finisher","Dodge and Roll"],"picked":"Riddle With Holes","floor":6},{"not_picked":["Bane","Finisher"],"picked":"Burst+1","floor":8},{"not_picked":["Crippling Poison+1","Heel Hook"],"picked":"Footwork","floor":11},{"not_picked":["Bane","Outmaneuver+1"],"picked":"Leg Sweep+1","floor":13},{"not_picked":["Burst+1","Die Die Die"],"picked":"Wraith Form v2","floor":16},{"not_picked":["Quick Slash","Footwork"],"picked":"Bouncing Flask+1","floor":18},{"not_picked":["PiercingWail+1","Blade Dance+1"],"picked":"Caltrops+1","floor":20},{"not_picked":["Sucker Punch","PiercingWail+1"],"picked":"Expertise+1","floor":21},{"not_picked":["Deflect+1","Blade Dance+1","Outmaneuver+1"],"picked":"SKIP","floor":22},{"not_picked":["Bane","Backstab"],"picked":"Deadly Poison+1","floor":23},{"not_picked":["Cloak And Dagger+1","PiercingWail+1"],"picked":"Bullet Time+1","floor":25},{"not_picked":["Choke+1","Terror+1"],"picked":"Backflip+1","floor":28},{"not_picked":["Infinite Blades+1","Prepared+1","Outmaneuver+1"],"picked":"SKIP","floor":29},{"not_picked":["Quick Slash","Acrobatics+1","Accuracy+1"],"picked":"SKIP","floor":30},{"not_picked":["Cloak And Dagger+1","Distraction+1"],"picked":"Backflip+1","floor":31},{"not_picked":["Wraith Form v2","Die Die Die"],"picked":"Malaise+1","floor":33},{"not_picked":["Accuracy+1","Bane"],"picked":"Catalyst+1","floor":35},{"not_picked":["Slice+1","Prepared+1"],"picked":"Leg Sweep+1","floor":37},{"not_picked":["Dodge and Roll+1","Poisoned Stab+1","Slice"],"picked":"SKIP","floor":38},{"not_picked":["Escape Plan+1","Flying Knee+1"],"picked":"Bouncing Flask+1","floor":39},{"not_picked":["Choke+1","Expertise+1"],"picked":"Crippling Poison+1","floor":42},{"not_picked":["Outmaneuver+1","Bane+1"],"picked":"Catalyst+1","floor":44},{"not_picked":["Dodge and Roll+1","Prepared+1","Bane"],"picked":"SKIP","floor":45},{"not_picked":["Distraction+1","Sucker Punch"],"picked":"Crippling Poison+1","floor":46},{"not_picked":["Quick Slash","Sucker Punch","Slice"],"picked":"SKIP","floor":54}],"player_experience":1337393,"relics_obtained":[{"floor":6,"key":"Toxic Egg 2"},{"floor":9,"key":"Mummified Hand"},{"floor":11,"key":"Matryoshka"},{"floor":23,"key":"Orichalcum"},{"floor":25,"key":"Juzu Bracelet"},{"floor":26,"key":"Tiny Chest"},{"floor":26,"key":"Blood Vial"},{"floor":31,"key":"Boot"},{"floor":39,"key":"Peace Pipe"},{"floor":42,"key":"Regal Pillow"},{"floor":43,"key":"Ancient Tea Set"},{"floor":54,"key":"Pear"}],"event_choices":[{"damage_healed":0,"gold_gain":75,"player_choice":"Gather Gold","damage_taken":11,"max_hp_gain":0,"max_hp_loss":0,"event_name":"World of Goop","floor":3,"gold_loss":0},{"damage_healed":0,"gold_gain":100,"player_choice":"Gold","damage_taken":0,"max_hp_gain":0,"max_hp_loss":0,"event_name":"Wheel of Change","floor":4,"gold_loss":0},{"damage_healed":0,"gold_gain":0,"player_choice":"Ignored","damage_taken":0,"max_hp_gain":0,"max_hp_loss":0,"event_name":"Shining Light","floor":10,"gold_loss":0},{"damage_healed":0,"gold_gain":0,"player_choice":"Bought 0 Potions","damage_taken":0,"max_hp_gain":0,"max_hp_loss":0,"event_name":"The Woman in Blue","floor":19,"gold_loss":0},{"damage_healed":0,"gold_gain":0,"player_choice":"Fight","damage_taken":0,"max_hp_gain":0,"max_hp_loss":0,"event_name":"Mysterious Sphere","floor":39,"gold_loss":0},{"damage_healed":0,"gold_gain":0,"player_choice":"Embrace Madness","damage_taken":9,"max_hp_gain":0,"max_hp_loss":0,"event_name":"Winding Halls","floor":41,"gold_loss":0,"cards_obtained":["Madness","Madness"]}],"is_beta":true,"boss_relics":[{"not_picked":["Cursed Key","Coffee Dripper"],"picked":"Pandora\u0027s Box"},{"not_picked":["Lizard Tail","Ring of the Serpent"],"picked":"Astrolabe"}],"items_purged_floors":[14],"is_endless":false,"potions_floor_spawned":[2,8,11,13,20,23,25,29,30,35,44,45,46,54],"ascension_level":1}