{"gold_per_floor":[111,111,111,125,142,142,52,64,114,114],"floor_reached":10,"playtime":49803,"items_purged":[],"score":110,"play_id":"f1767e4e-0aa1-4cb2-a83e-0ce5af6a3109","local_time":"20190720120838","is_ascension_mode":true,"campfire_choices":[{"data":"Zap","floor":6,"key":"SMITH"}],"neow_cost":"NONE","seed_source_timestamp":274907359080441,"circlet_count":0,"master_deck":["AscendersBane","Strike_B","Strike_B","Strike_B","Defend_B","Defend_B+1","Defend_B+1","Defend_B","Zap+1","Dualcast","Loop","Aggregate","Self Repair","Stack","Loop","Rebound"],"relics":["Cracked Core","War Paint","Smiling Mask"],"potions_floor_usage":[4,8],"damage_taken":[{"damage":0,"enemies":"Cultist","floor":1,"turns":3},{"damage":0,"enemies":"2 Louse","floor":4,"turns":3},{"damage":1,"enemies":"Small Slimes","floor":5,"turns":3},{"damage":16,"enemies":"Red Slaver","floor":8,"turns":4},{"damage":65,"enemies":"Gremlin Nob","floor":10,"turns":4}],"seed_played":"519822633041702545","potions_obtained":[{"floor":1,"key":"SkillPotion"},{"floor":4,"key":"Fire Potion"}],"is_trial":false,"path_per_floor":["M","?","?","M","M","R","$","M","T","E"],"character_chosen":"DEFECT","items_purchased":["Loop"],"campfire_rested":0,"item_purchase_floors":[7],"current_hp_per_floor":[64,64,64,64,63,63,63,54,54,0],"gold":114,"neow_bonus":"RANDOM_COMMON_RELIC","is_prod":false,"is_daily":false,"chose_seed":false,"campfire_upgraded":1,"win_rate":0,"timestamp":1563649718,"path_taken":["M","?","?","?","M","R","$","M","T","E"],"build_version":"2019-07-05","purchased_purges":0,"victory":false,"max_hp_per_floor":[71,71,71,71,71,71,71,71,71,71],"card_choices":[{"not_picked":["Gash","Cold Snap"],"picked":"Loop","floor":1},{"not_picked":["Leap","Genetic Algorithm"],"picked":"Self Repair","floor":4},{"not_picked":["Turbo","Auto Shields"],"picked":"Stack","floor":5},{"not_picked":["Steam Power","Consume"],"picked":"Rebound","floor":8}],"player_experience":2201650,"relics_obtained":[{"floor":9,"key":"Smiling Mask"}],"event_choices":[{"damage_healed":0,"gold_gain":0,"player_choice":"Ignored","damage_taken":0,"max_hp_gain":0,"max_hp_loss":0,"event_name":"Liars Game","floor":2,"gold_loss":0},{"damage_healed":0,"gold_gain":0,"cards_transformed":["Strike_B"],"player_choice":"Transformed","damage_taken":0,"max_hp_gain":0,"max_hp_loss":0,"event_name":"Transmorgrifier","floor":3,"gold_loss":0,"cards_obtained":["Aggregate"]}],"is_beta":false,"boss_relics":[],"items_purged_floors":[],"is_endless":false,"potions_floor_spawned":[1,4],"killed_by":"Gremlin Nob","ascension_level":18}