{"gold_per_floor":[113,128,142,142,159,159,171,271,271,289,135,135,146,160,160,255,255,265,129,144,144,154,154,168,168,168,187,207,223,235,235,235,235],"floor_reached":33,"playtime":3254,"items_purged":["Dualcast","Strike_B"],"score":321,"play_id":"aa257340-7b48-4368-be17-c28934bfd078","local_time":"20180630001355","is_ascension_mode":true,"campfire_choices":[{"data":"Zap","floor":6,"key":"SMITH"},{"data":"Defragment","floor":12,"key":"SMITH"},{"data":"Coolheaded","floor":15,"key":"SMITH"},{"data":"Hologram","floor":23,"key":"SMITH"},{"data":"Capacitor","floor":25,"key":"SMITH"},{"floor":32,"key":"REST"}],"neow_cost":"","seed_source_timestamp":22140306079219,"circlet_count":0,"master_deck":["Strike_B","Defend_B","Defend_B","Defend_B","Defend_B","Zap+1","Capacitor+1","Leap","Beam Cell","Coolheaded+1","Defragment+1","Chill","Glacier+1","BootSequence","Hologram+1","Sunder","Melter+1","Fusion"],"relics":["Cracked Core","Anchor","Orrery","Pen Nib"],"potions_floor_usage":[18,18,24,29,33],"damage_taken":[{"damage":0,"enemies":"Cultist","floor":1,"turns":4},{"damage":0,"enemies":"2 Louse","floor":2,"turns":2},{"damage":1,"enemies":"Small Slimes","floor":3,"turns":3},{"damage":2,"enemies":"3 Louse","floor":5,"turns":3},{"damage":9,"enemies":"Exordium Thugs","floor":7,"turns":5},{"damage":5,"enemies":"Lots of Slimes","floor":10,"turns":4},{"damage":4,"enemies":"Blue Slaver","floor":13,"turns":4},{"damage":25,"enemies":"Exordium Thugs","floor":14,"turns":6},{"damage":2,"enemies":"The Guardian","floor":16,"turns":12},{"damage":4,"enemies":"3 Byrds","floor":18,"turns":6},{"damage":1,"enemies":"Spheric Guardian","floor":20,"turns":8},{"damage":0,"enemies":"Slaver and Parasite","floor":22,"turns":13},{"damage":12,"enemies":"Cultist and Chosen","floor":24,"turns":9},{"damage":14,"enemies":"Snecko","floor":27,"turns":10},{"damage":13,"enemies":"Snake Plant","floor":28,"turns":5},{"damage":0,"enemies":"Centurion and Healer","floor":29,"turns":5},{"damage":6,"enemies":"Slaver and Parasite","floor":30,"turns":9},{"damage":35,"enemies":"Champ","floor":33,"turns":15}],"seed_played":"6930827161564397860","potions_obtained":[{"floor":1,"key":"Energy Potion"},{"floor":5,"key":"Swift Potion"},{"floor":7,"key":"Poison Potion"},{"floor":20,"key":"LiquidBronze"},{"floor":22,"key":"FocusPotion"},{"floor":24,"key":"AttackPotion"}],"is_trial":false,"path_per_floor":["M","M","M","?","M","R","M","?","T","M","$","R","M","M","R","B",null,"M","$","M","?","M","R","M","R","T","M","M","M","M","?","R"],"character_chosen":"DEFECT","items_purchased":["Defragment","BootSequence"],"campfire_rested":1,"item_purchase_floors":[11,19],"current_hp_per_floor":[68,68,67,67,65,65,56,56,56,51,51,51,47,22,22,20,61,57,57,56,56,56,56,44,44,44,30,17,17,11,11,33,0],"gold":235,"neow_bonus":"","is_prod":false,"is_daily":false,"chose_seed":false,"campfire_upgraded":5,"win_rate":0,"timestamp":1530342835,"path_taken":["M","?","M","?","M","R","M","?","T","M","$","R","M","M","R","BOSS","M","$","M","?","M","R","M","R","T","M","M","M","?","?","R","BOSS"],"build_version":"2018-06-28","purchased_purges":2,"victory":false,"max_hp_per_floor":[75,75,75,75,75,75,75,75,75,75,75,75,75,75,75,75,75,75,75,75,75,75,75,75,75,75,75,75,75,75,75,75,75],"card_choices":[{"not_picked":["Sweeping Beam","Barrage"],"picked":"Capacitor","floor":1},{"not_picked":["Consume","Compile Driver"],"picked":"Leap","floor":2},{"not_picked":["Conserve Battery","Go for the Eyes"],"picked":"Beam Cell","floor":3},{"not_picked":["Consume","Hyperbeam"],"picked":"Coolheaded","floor":5},{"not_picked":["Go for the Eyes","Beam Cell","Scrape"],"picked":"SKIP","floor":7},{"not_picked":["Stack","Beam Cell","Double Energy"],"picked":"SKIP","floor":10},{"not_picked":["Auto Shields","Capacitor","Steam Power"],"picked":"SKIP","floor":13},{"not_picked":["Rip and Tear","Darkness"],"picked":"Chill","floor":14},{"not_picked":["Beam Cell","Hello World+1"],"picked":"Glacier+1","floor":18},{"not_picked":["Steam","Genetic Algorithm"],"picked":"Hologram","floor":20},{"not_picked":["Barrage","Rip and Tear","Stack"],"picked":"SKIP","floor":22},{"not_picked":["Reprogram","Scrape"],"picked":"Melter+1","floor":24},{"not_picked":["Ball Lightning","Turbo","Double Energy"],"picked":"SKIP","floor":27},{"not_picked":["Coolheaded","Gash","Compile Driver+1"],"picked":"SKIP","floor":28},{"not_picked":["Hyperbeam","Coolheaded"],"picked":"Fusion","floor":29},{"not_picked":["Chaos","Compile Driver","Gash+1"],"picked":"SKIP","floor":30}],"player_experience":574236,"relics_obtained":[{"floor":9,"key":"Anchor"},{"floor":26,"key":"Pen Nib"}],"event_choices":[{"event_name":"Golden Idol","player_choice":"Ignored","floor":4,"damage_taken":0},{"event_name":"Golden Shrine","player_choice":"Pray","floor":8,"damage_taken":0},{"event_name":"Transmorgrifier","player_choice":"Transform","floor":21,"damage_taken":0},{"event_name":"Bonfire Elementals","player_choice":"BASIC","floor":31,"damage_taken":0}],"boss_relics":[{"not_picked":["Pandora\u0027s Box","Philosopher\u0027s Stone"],"picked":"Orrery"}],"items_purged_floors":[11,19],"is_endless":false,"potions_floor_spawned":[1,5,7,14,20,22,24,28],"killed_by":"Champ","ascension_level":6}