{"gold_per_floor":[117,135,210,220,22,22,48,48,74,88,139,139,139,164,164,164],"floor_reached":16,"playtime":831,"items_purged":["Dualcast"],"score":140,"play_id":"87baff7a-f893-4467-976a-75920b5d2175","local_time":"20180628194112","is_ascension_mode":true,"campfire_choices":[{"floor":6,"key":"REST"},{"data":"Zap","floor":8,"key":"SMITH"},{"floor":12,"key":"REST"},{"data":"Defragment","floor":15,"key":"SMITH"}],"neow_cost":"","seed_source_timestamp":0,"circlet_count":0,"master_deck":["Strike_B+1","Strike_B","Strike_B","Strike_B+1","Defend_B","Defend_B","Defend_B","Defend_B","Zap+1","Fusion","Defragment+1","Hologram","Darkness","Coolheaded"],"special_seed":0,"relics":["Cracked Core","Bag of Preparation","Whetstone","Art of War","Ancient Tea Set"],"potions_floor_usage":[],"damage_taken":[{"damage":7,"enemies":"Small Slimes","floor":1,"turns":3},{"damage":12,"enemies":"Jaw Worm","floor":2,"turns":4},{"damage":4,"enemies":"2 Louse","floor":4,"turns":2},{"damage":35,"enemies":"Lagavulin","floor":7,"turns":8},{"damage":4,"enemies":"Large Slime","floor":10,"turns":5},{"damage":22,"enemies":"3 Sentries","floor":14,"turns":6},{"damage":22,"enemies":"Hexaghost","floor":16,"turns":9}],"seed_played":"-7261113275124239715","potions_obtained":[{"floor":4,"key":"Energy Potion"},{"floor":14,"key":"Block Potion"}],"is_trial":false,"path_per_floor":["M","M","?","M","$","R","E","R","T","M","T","R","?","E","R"],"character_chosen":"DEFECT","items_purchased":["Defragment","Hologram"],"campfire_rested":2,"item_purchase_floors":[5,5],"current_hp_per_floor":[61,49,38,34,34,56,21,21,21,17,17,39,39,17,17,0],"gold":164,"neow_bonus":"","is_prod":false,"is_daily":false,"chose_seed":false,"campfire_upgraded":2,"win_rate":0,"timestamp":1530240072,"path_taken":["M","M","?","M","$","R","E","R","T","M","?","R","?","E","R","BOSS"],"build_version":"2018-06-28","purchased_purges":1,"victory":false,"max_hp_per_floor":[75,75,75,75,75,75,75,75,75,75,75,75,75,75,75,75],"card_choices":[{"not_picked":["Ball Lightning","Compile Driver"],"picked":"Fusion","floor":1},{"not_picked":["Aggregate","Go for the Eyes","Streamline"],"picked":"SKIP","floor":2},{"not_picked":["Compile Driver","Static Discharge","Go for the Eyes"],"picked":"SKIP","floor":4},{"not_picked":["Fusion","Steam Power","Streamline"],"picked":"SKIP","floor":7},{"not_picked":["Sweeping Beam","Beam Cell"],"picked":"Darkness","floor":10},{"not_picked":["Tempest","Rebound"],"picked":"Coolheaded","floor":14}],"player_experience":568171,"relics_obtained":[{"floor":7,"key":"Bag of Preparation"},{"floor":9,"key":"Whetstone"},{"floor":11,"key":"Art of War"},{"floor":14,"key":"Ancient Tea Set"}],"event_choices":[{"event_name":"World of Goop","player_choice":"Gather Gold","floor":3,"damage_taken":0},{"event_name":"Dead Adventurer","player_choice":"Searched \u00270\u0027 times","floor":13,"damage_taken":0}],"boss_relics":[],"items_purged_floors":[5],"is_endless":false,"potions_floor_spawned":[4,14],"killed_by":"Hexaghost","ascension_level":6}