{"gold_per_floor":[119,119,132,144,160,185,204,220,274,274,274,294,294,309,309,383,383,395,81,81,99,110,110,127,89,115,39,39,55,110,110,110,110],"floor_reached":33,"playtime":1626,"items_purged":["Strike_R"],"score":427,"play_id":"ce57802a-860e-4cad-8181-778cf82208e6","local_time":"20190801001453","is_ascension_mode":true,"campfire_choices":[{"floor":10,"key":"REST"},{"floor":13,"key":"REST"},{"floor":15,"key":"REST"},{"floor":23,"key":"REST"},{"floor":28,"key":"REST"},{"floor":32,"key":"REST"}],"neow_cost":"NONE","seed_source_timestamp":53623298747874,"circlet_count":0,"master_deck":["AscendersBane","Strike_R","Strike_R","Strike_R","Strike_R","Defend_R","Defend_R","Defend_R","Defend_R","Bash","Barricade","Armaments","True Grit","Body Slam","Whirlwind","Brutality","Fire Breathing","Cleave","Disarm","Combust","Dark Embrace","Metallicize","Bandage Up","Evolve","Impervious","Corruption+1","Inflame","Feel No Pain"],"relics":["Burning Blood","Question Card","Mummified Hand","Omamori","Snecko Eye","Art of War","NlothsMask","Pen Nib"],"potions_floor_usage":[8,16,16,21],"damage_taken":[{"damage":15,"enemies":"Cultist","floor":1,"turns":5},{"damage":0,"enemies":"Small Slimes","floor":3,"turns":5},{"damage":13,"enemies":"Jaw Worm","floor":4,"turns":6},{"damage":8,"enemies":"Red Slaver","floor":5,"turns":4},{"damage":52,"enemies":"Gremlin Nob","floor":6,"turns":6},{"damage":15,"enemies":"2 Fungi Beasts","floor":7,"turns":4},{"damage":6,"enemies":"Looter","floor":8,"turns":3},{"damage":19,"enemies":"Gremlin Gang","floor":12,"turns":5},{"damage":22,"enemies":"Large Slime","floor":14,"turns":6},{"damage":32,"enemies":"Slime Boss","floor":16,"turns":8},{"damage":24,"enemies":"Spheric Guardian","floor":18,"turns":4},{"damage":9,"enemies":"Chosen","floor":21,"turns":4},{"damage":38,"enemies":"Shelled Parasite and Fungi","floor":22,"turns":9},{"damage":28,"enemies":"Snecko","floor":24,"turns":8},{"damage":29,"enemies":"Centurion and Healer","floor":29,"turns":4},{"damage":77,"enemies":"Champ","floor":33,"turns":9}],"seed_played":"-1015753851790829321","potions_obtained":[{"floor":3,"key":"FairyPotion"},{"floor":7,"key":"Poison Potion"},{"floor":12,"key":"Strength Potion"},{"floor":14,"key":"AttackPotion"},{"floor":18,"key":"AttackPotion"},{"floor":24,"key":"SteroidPotion"}],"is_trial":false,"path_per_floor":["M","T","M","M","M","E","M","M","T","R","?","M","R","M","R","B",null,"M","$","?","M","M","R","M","$","T","$","R","M","T","?","R","B"],"character_chosen":"IRONCLAD","items_purchased":["Bandage Up","Art of War","Inflame","Feel No Pain"],"campfire_rested":6,"item_purchase_floors":[19,19,25,27],"current_hp_per_floor":[59,59,65,58,56,10,13,13,13,35,35,22,44,28,50,24,62,44,44,44,45,17,39,23,23,23,23,45,26,26,51,73,0],"gold":110,"neow_bonus":"ONE_RANDOM_RARE_CARD","is_prod":false,"is_daily":false,"chose_seed":false,"campfire_upgraded":0,"win_rate":0,"timestamp":1564643693,"path_taken":["M","?","M","M","M","E","M","?","T","R","?","M","R","M","R","BOSS","M","$","?","?","M","R","M","?","T","$","R","M","?","?","R","BOSS"],"build_version":"2019-07-17","purchased_purges":1,"victory":false,"max_hp_per_floor":[75,75,75,75,75,75,75,75,75,75,75,75,75,75,75,75,75,75,75,75,75,75,75,75,75,75,75,75,75,75,75,75,75],"card_choices":[{"not_picked":["Clash","Pummel"],"picked":"Armaments","floor":1},{"not_picked":["Perfected Strike","Iron Wave","Whirlwind"],"picked":"True Grit","floor":3},{"not_picked":["Flex","Burning Pact","Havoc"],"picked":"Body Slam","floor":4},{"not_picked":["Twin Strike","Flex","Thunderclap"],"picked":"Whirlwind","floor":5},{"not_picked":["Twin Strike","Blood for Blood","Flex"],"picked":"Brutality","floor":6},{"not_picked":["Twin Strike","Heavy Blade","Pummel"],"picked":"Fire Breathing","floor":7},{"not_picked":["Heavy Blade","Infernal Blade","Clash"],"picked":"Cleave","floor":8},{"not_picked":["Clothesline","Cleave","Sword Boomerang"],"picked":"Disarm","floor":12},{"not_picked":["Carnage","Iron Wave","Sword Boomerang"],"picked":"Combust","floor":14},{"not_picked":["Double Tap","Barricade","Brutality"],"picked":"Dark Embrace","floor":16},{"not_picked":["Anger+1","Power Through","Sword Boomerang"],"picked":"Metallicize","floor":18},{"not_picked":["Wild Strike","Sentinel","Pommel Strike"],"picked":"Evolve","floor":21},{"not_picked":["Perfected Strike","Shockwave","Body Slam"],"picked":"Impervious","floor":22},{"not_picked":["Havoc","Whirlwind","Second Wind"],"picked":"Corruption+1","floor":24},{"not_picked":["Bloodletting","Havoc+1","Anger","Body Slam"],"picked":"SKIP","floor":29}],"player_experience":708737,"relics_obtained":[{"floor":2,"key":"Question Card"},{"floor":6,"key":"Mummified Hand"},{"floor":9,"key":"Omamori"},{"floor":30,"key":"Pen Nib"}],"event_choices":[{"damage_healed":0,"gold_gain":0,"player_choice":"Searched \u00270\u0027 times","damage_taken":0,"max_hp_gain":0,"max_hp_loss":0,"event_name":"Dead Adventurer","floor":11,"gold_loss":0},{"damage_healed":0,"gold_gain":0,"player_choice":"Trade","damage_taken":0,"relics_obtained":["NlothsMask"],"max_hp_gain":0,"max_hp_loss":0,"event_name":"FaceTrader","floor":20,"gold_loss":0},{"damage_healed":25,"gold_gain":0,"player_choice":"Heal","damage_taken":0,"max_hp_gain":0,"max_hp_loss":0,"event_name":"The Library","floor":31,"gold_loss":0}],"is_beta":false,"boss_relics":[{"not_picked":["Mark of Pain","Black Blood"],"picked":"Snecko Eye"}],"items_purged_floors":[19],"is_endless":false,"potions_floor_spawned":[3,7,12,14,18,24],"killed_by":"Champ","ascension_level":14}