{"gold_per_floor":[114,141,141,158,176,176,18,83,83,102,102,119,19,35,35,35],"floor_reached":16,"playtime":7573,"items_purged":["Dualcast","Strike_B"],"score":179,"play_id":"150aff2a-2827-47f5-9311-ca00ef61fa15","local_time":"20190519135255","is_ascension_mode":true,"campfire_choices":[{"data":"Zap","floor":6.0,"key":"SMITH"},{"floor":11,"key":"REST"},{"data":"Hologram","floor":15,"key":"SMITH"}],"neow_cost":"NONE","seed_source_timestamp":0,"circlet_count":0,"master_deck":["AscendersBane","Strike_B","Strike_B","Strike_B+1","Defend_B","Defend_B","Defend_B","Defend_B","Zap+1","Coolheaded+1","Ball Lightning","Finesse","Capacitor","Hologram+1"],"special_seed":0,"relics":["Cracked Core","Ancient Tea Set","Art of War","Tiny Chest","Blue Candle"],"potions_floor_usage":[16,16],"damage_taken":[{"damage":1.0,"enemies":"Cultist","floor":1.0,"turns":3.0},{"damage":2.0,"enemies":"Jaw Worm","floor":4.0,"turns":4.0},{"damage":1.0,"enemies":"Small Slimes","floor":5.0,"turns":3.0},{"damage":22.0,"enemies":"3 Sentries","floor":8.0,"turns":6.0},{"damage":11.0,"enemies":"Gremlin Gang","floor":10.0,"turns":3.0},{"damage":4,"enemies":"Red Slaver","floor":12,"turns":4},{"damage":0,"enemies":"2 Fungi Beasts","floor":14,"turns":3},{"damage":27,"enemies":"Hexaghost","floor":16,"turns":9}],"seed_played":"-4071444965145037922","potions_obtained":[{"floor":4.0,"key":"Poison Potion"},{"floor":5.0,"key":"Strength Potion"},{"floor":8.0,"key":"PowerPotion"}],"is_trial":false,"path_per_floor":["M","T","?","M","M","R","$","E","T","M","R","M","$","M","R","B"],"character_chosen":"DEFECT","items_purchased":["Finesse"],"campfire_rested":1,"item_purchase_floors":[7],"current_hp_per_floor":[63,63,42,40,39,39,39,17,17,6,27,23,23,23,23,0],"gold":35,"neow_bonus":"RANDOM_COMMON_RELIC","is_prod":false,"is_daily":false,"chose_seed":false,"campfire_upgraded":2,"win_rate":0,"timestamp":1558299175,"path_taken":["M","?","?","M","M","R","$","E","T","M","R","M","$","M","R","BOSS"],"build_version":"2019-01-23","purchased_purges":2,"victory":false,"max_hp_per_floor":[71,71,71,71,71,71,71,71,71,71,71,71,71,71,71,71],"card_choices":[{"not_picked":["Gash","Cold Snap"],"picked":"Coolheaded","floor":1.0},{"not_picked":["Go for the Eyes","Streamline"],"picked":"Ball Lightning","floor":4.0},{"not_picked":["Stack","Gash","Static Discharge"],"picked":"SKIP","floor":5.0},{"not_picked":["Sweeping Beam","Defragment"],"picked":"Capacitor","floor":8.0},{"not_picked":["Beam Cell","Chaos","Conserve Battery"],"picked":"SKIP","floor":10},{"not_picked":["Compile Driver","Stack"],"picked":"Hologram","floor":12},{"not_picked":["Compile Driver","Coolheaded","Go for the Eyes"],"picked":"SKIP","floor":14}],"player_experience":1206600,"relics_obtained":[{"floor":2.0,"key":"Art of War"},{"floor":8.0,"key":"Tiny Chest"},{"floor":9.0,"key":"Blue Candle"}],"event_choices":[{"damage_healed":0.0,"max_hp_gain":0.0,"max_hp_loss":0.0,"gold_gain":0.0,"event_name":"Shining Light","player_choice":"Entered Light","floor":3.0,"gold_loss":0.0,"damage_taken":21.0,"cards_upgraded":["Coolheaded","Strike_B"]}],"is_beta":false,"boss_relics":[],"items_purged_floors":[7,13],"is_endless":false,"potions_floor_spawned":[4,5,8],"killed_by":"Hexaghost","ascension_level":15}