{"gold_per_floor":[113,128,140,150,150,184,195,227,227,108,120,120,134,144,144,248,248,268,286,305,323,343,376,74,74,74,74,105,121,49,249,249,350,350,366,383,383],"floor_reached":37,"playtime":1900,"items_purged":[],"score":477,"play_id":"71796a43-688c-47b8-9b2e-21e0f7c3f6a1","local_time":"20191006214501","is_ascension_mode":false,"campfire_choices":[{"floor":12,"key":"REST"},{"floor":15,"key":"REST"},{"floor":27,"key":"REST"},{"floor":32,"key":"REST"}],"neow_cost":"NONE","seed_source_timestamp":116471467710600,"circlet_count":0,"master_deck":["Strike_R","Strike_R","Strike_R","Strike_R","Defend_R","Defend_R","Defend_R","Uppercut","Cleave","Rampage","Heavy Blade","Ghostly Armor","Demon Form","Armaments","Reaper","Iron Wave","Disarm","Fire Breathing","Blood for Blood","Shrug It Off","Perfected Strike","Double Tap","Entrench+1","Shrug It Off+1","Uppercut+1","Body Slam+1","Clash","Anger+1","Sword Boomerang","Body Slam","Body Slam+1","Finesse","Flex","Flame Barrier","Cleave+1","Perfected Strike","Limit Break","Searing Blow","Dark Embrace","Flex+1","Fire Breathing+1"],"relics":["Burning Blood","Blood Vial","Dream Catcher","Bottled Tornado","Self Forming Clay","Astrolabe","Mango","HandDrill","Omamori","Bottled Lightning","Black Star"],"potions_floor_usage":[6,16,22,33,33,33,37],"damage_taken":[{"damage":10,"enemies":"Jaw Worm","floor":1,"turns":4},{"damage":4,"enemies":"Cultist","floor":2,"turns":3},{"damage":0,"enemies":"2 Louse","floor":3,"turns":2},{"damage":11,"enemies":"Gremlin Gang","floor":4,"turns":4},{"damage":31,"enemies":"3 Sentries","floor":6,"turns":6},{"damage":18,"enemies":"Lots of Slimes","floor":7,"turns":4},{"damage":18,"enemies":"Gremlin Nob","floor":8,"turns":4},{"damage":18,"enemies":"2 Fungi Beasts","floor":11,"turns":4},{"damage":16,"enemies":"Red Slaver","floor":13,"turns":4},{"damage":23,"enemies":"Blue Slaver","floor":14,"turns":5},{"damage":22,"enemies":"Slime Boss","floor":16,"turns":8},{"damage":25,"enemies":"Chosen","floor":18,"turns":5},{"damage":10,"enemies":"3 Byrds","floor":19,"turns":5},{"damage":24,"enemies":"Cultist and Chosen","floor":20,"turns":6},{"damage":17,"enemies":"Shelled Parasite and Fungi","floor":21,"turns":6},{"damage":15,"enemies":"3 Cultists","floor":22,"turns":5},{"damage":31,"enemies":"Book of Stabbing","floor":23,"turns":5},{"damage":56,"enemies":"Slavers","floor":28,"turns":6},{"damage":13,"enemies":"Snake Plant","floor":29,"turns":4},{"damage":79,"enemies":"Automaton","floor":33,"turns":8},{"damage":40,"enemies":"Orb Walker","floor":35,"turns":6},{"damage":49,"enemies":"3 Shapes","floor":36,"turns":6},{"damage":39,"enemies":"3 Darklings","floor":37,"turns":3}],"seed_played":"-107234745222122255","potions_obtained":[{"floor":1,"key":"Fire Potion"},{"floor":3,"key":"Fire Potion"},{"floor":7,"key":"AttackPotion"},{"floor":14,"key":"LiquidBronze"},{"floor":19,"key":"SteroidPotion"},{"floor":22,"key":"SkillPotion"},{"floor":33,"key":"GamblersBrew"},{"floor":36,"key":"Fruit Juice"}],"is_trial":false,"path_per_floor":["M","M","M","M","?","E","M","E","T","$","M","R","M","M","R","B",null,"M","M","M","M","M","E","$","?","T","R","E","M","$","?","R","B",null,"M","M","M"],"character_chosen":"IRONCLAD","items_purchased":["Reaper","Iron Wave","Finesse","Flex","HandDrill","Limit Break"],"campfire_rested":4,"item_purchase_floors":[10,10,24,24,24,30],"current_hp_per_floor":[76,80,80,75,67,44,34,24,24,24,26,50,42,31,55,65,80,61,59,59,50,61,52,52,52,52,80,44,39,39,39,67,22,94,60,31,0],"gold":383,"neow_bonus":"RANDOM_COMMON_RELIC","is_prod":false,"is_daily":false,"chose_seed":false,"campfire_upgraded":0,"win_rate":0.0,"timestamp":1570423501,"path_taken":["M","M","M","M","?","E","M","E","T","$","?","R","M","M","R","BOSS","M","M","M","M","M","E","$","?","T","R","E","M","$","?","R","BOSS","M","?","M"],"build_version":"2019-07-17","purchased_purges":0,"victory":false,"max_hp_per_floor":[80,80,80,80,80,80,80,80,80,80,80,80,80,80,80,80,80,80,80,80,80,80,94,94,94,94,94,94,94,94,94,94,94,94,94,94,99],"card_choices":[{"not_picked":["Thunderclap","Shockwave"],"picked":"Uppercut","floor":1},{"not_picked":["Clash","Rampage"],"picked":"Cleave","floor":2},{"not_picked":["Shockwave","Shrug It Off"],"picked":"Rampage","floor":3},{"not_picked":["Cleave","Body Slam"],"picked":"Heavy Blade","floor":4},{"not_picked":["Armaments","Dropkick"],"picked":"Ghostly Armor","floor":6},{"not_picked":["Cleave","Anger"],"picked":"Demon Form","floor":7},{"not_picked":["Juggernaut","Brutality"],"picked":"Armaments","floor":8},{"not_picked":["Pommel Strike","Heavy Blade"],"picked":"Disarm","floor":11},{"not_picked":["Feel No Pain","Rupture"],"picked":"Fire Breathing","floor":12},{"not_picked":["True Grit","Reckless Charge"],"picked":"Blood for Blood","floor":13},{"not_picked":["True Grit","Warcry"],"picked":"Shrug It Off","floor":14},{"not_picked":["Clothesline","Warcry"],"picked":"Perfected Strike","floor":15},{"not_picked":["Brutality","Berserk"],"picked":"Double Tap","floor":16},{"not_picked":["Pommel Strike","Headbutt"],"picked":"Body Slam+1","floor":18},{"not_picked":["Reaper","Bloodletting"],"picked":"Clash","floor":19},{"not_picked":["Clash","Rupture+1"],"picked":"Anger+1","floor":20},{"not_picked":["Dual Wield","Iron Wave"],"picked":"Sword Boomerang","floor":21},{"not_picked":["Dual Wield","Clash"],"picked":"Body Slam","floor":22},{"not_picked":["Rupture","True Grit"],"picked":"Body Slam+1","floor":23},{"not_picked":["Warcry","Armaments"],"picked":"Flame Barrier","floor":27},{"not_picked":["Reckless Charge+1","Shrug It Off"],"picked":"Cleave+1","floor":28},{"not_picked":["Blood for Blood","Battle Trance"],"picked":"Perfected Strike","floor":29},{"not_picked":["Body Slam","Demon Form"],"picked":"Searing Blow","floor":32},{"not_picked":["Feed","Fiend Fire"],"picked":"Dark Embrace","floor":33},{"not_picked":["Perfected Strike+1","Pommel Strike"],"picked":"Flex+1","floor":35},{"not_picked":["Dropkick","Perfected Strike"],"picked":"Fire Breathing+1","floor":36}],"player_experience":13662,"relics_obtained":[{"floor":6,"key":"Dream Catcher"},{"floor":8,"key":"Bottled Tornado"},{"floor":9,"key":"Self Forming Clay"},{"floor":23,"key":"Mango"},{"floor":26,"key":"Omamori"},{"floor":28,"key":"Bottled Lightning"}],"event_choices":[{"damage_healed":0,"gold_gain":0,"player_choice":"Damaged","damage_taken":8,"max_hp_gain":0,"max_hp_loss":0,"event_name":"Wheel of Change","floor":5,"gold_loss":0},{"damage_healed":0,"gold_gain":0,"player_choice":"Ignored","damage_taken":0,"max_hp_gain":0,"max_hp_loss":0,"event_name":"The Mausoleum","floor":25,"gold_loss":0},{"damage_healed":0,"gold_gain":200,"player_choice":"Gold","damage_taken":0,"max_hp_gain":0,"max_hp_loss":0,"event_name":"Wheel of Change","floor":31,"gold_loss":0}],"is_beta":false,"boss_relics":[{"not_picked":["Fusion Hammer","Runic Dome"],"picked":"Astrolabe"},{"not_picked":["White Beast Statue","Eternal Feather"],"picked":"Black Star"}],"items_purged_floors":[],"is_endless":false,"potions_floor_spawned":[1,3,7,14,19,22,23,28,33,36],"killed_by":"3 Darklings","ascension_level":0}