{"gold_per_floor":[110,127,145,165,185,220,220,245,271,297,297,297,317,344,344,445,445,460,471,486,113,113,113,33,60,60,60,60,87,87],"floor_reached":30,"playtime":1696,"items_purged":["Strike_G"],"score":313,"play_id":"8968b09c-fef1-4f80-af2c-6b525a9806a5","local_time":"20190823181538","is_ascension_mode":true,"campfire_choices":[{"data":"Catalyst","floor":7,"key":"SMITH"},{"floor":12,"key":"REST"},{"floor":15,"key":"REST"},{"floor":23,"key":"REST"}],"neow_cost":"NONE","seed_source_timestamp":71891142491700,"circlet_count":0,"master_deck":["Strike_G","Defend_G","Defend_G","Defend_G","Survivor","Neutralize","Predator","Leg Sweep","Dagger Throw","Catalyst+1","Poisoned Stab","Noxious Fumes","Crippling Poison","Dodge and Roll","Storm of Steel","Prepared+1","Riddle With Holes+1","Cloak And Dagger","Dagger Spray","Bouncing Flask","Caltrops","Cloak And Dagger"],"relics":["Ring of the Snake","Matryoshka","Bottled Flame","Strawberry","Ancient Tea Set","Orichalcum","Kunai","Empty Cage","Bronze Scales","Dream Catcher","Oddly Smooth Stone","Regal Pillow","Paper Crane","Art of War"],"potions_floor_usage":[8,8,8,16,29,30,30],"damage_taken":[{"damage":1,"enemies":"Cultist","floor":1,"turns":4},{"damage":0,"enemies":"2 Louse","floor":2,"turns":3},{"damage":0,"enemies":"Jaw Worm","floor":3,"turns":3},{"damage":0,"enemies":"Blue Slaver","floor":4,"turns":5},{"damage":14,"enemies":"Exordium Thugs","floor":5,"turns":5},{"damage":13,"enemies":"Gremlin Nob","floor":6,"turns":4},{"damage":12,"enemies":"Lagavulin","floor":8,"turns":7},{"damage":29,"enemies":"3 Sentries","floor":10,"turns":8},{"damage":2,"enemies":"Looter","floor":13,"turns":3},{"damage":10,"enemies":"Lagavulin","floor":14,"turns":6},{"damage":33,"enemies":"Slime Boss","floor":16,"turns":13},{"damage":13,"enemies":"Shell Parasite","floor":18,"turns":7},{"damage":12,"enemies":"3 Byrds","floor":19,"turns":8},{"damage":28,"enemies":"Shelled Parasite and Fungi","floor":20,"turns":10},{"damage":28,"enemies":"Gremlin Leader","floor":25,"turns":7},{"damage":14,"enemies":"Book of Stabbing","floor":29,"turns":6},{"damage":10,"enemies":"3 Cultists","floor":30,"turns":4}],"seed_played":"3317252518324702227","potions_obtained":[{"floor":2,"key":"SpeedPotion"},{"floor":5,"key":"Energy Potion"},{"floor":6,"key":"Dexterity Potion"},{"floor":14,"key":"Weak Potion"},{"floor":18,"key":"Ancient Potion"},{"floor":20,"key":"GhostInAJar"},{"floor":25,"key":"Explosive Potion"},{"floor":29,"key":"SteroidPotion"}],"is_trial":false,"path_per_floor":["M","M","M","M","M","E","R","E","T","E","?","R","M","E","R","B",null,"M","M","M","$","?","R","$","E","T","?","?","E","M"],"character_chosen":"THE_SILENT","items_purchased":["Bronze Scales","Dream Catcher","Bouncing Flask"],"campfire_rested":3,"item_purchase_floors":[21,21,24],"current_hp_per_floor":[69,69,69,69,55,42,42,30,37,8,8,31,29,19,42,9,77,64,52,24,24,24,47,47,19,19,19,19,5,0],"gold":87,"neow_bonus":"REMOVE_CARD","is_prod":false,"is_daily":false,"chose_seed":false,"campfire_upgraded":1,"win_rate":0,"timestamp":1566609338,"path_taken":["M","M","?","M","M","E","R","E","T","E","?","R","M","E","R","BOSS","M","M","M","$","?","R","$","E","T","?","?","E","?"],"build_version":"2019-08-15","purchased_purges":1,"victory":false,"max_hp_per_floor":[70,70,70,70,70,70,70,70,77,77,77,77,77,77,77,77,77,77,77,77,77,77,77,77,77,77,77,77,77,77],"card_choices":[{"not_picked":["Flying Knee","Underhanded Strike"],"picked":"Predator","floor":1},{"not_picked":["Bane","Flying Knee"],"picked":"Leg Sweep","floor":2},{"not_picked":["Poisoned Stab","Acrobatics"],"picked":"Dagger Throw","floor":3},{"not_picked":["Distraction","PiercingWail"],"picked":"Catalyst","floor":4},{"not_picked":["Blade Dance","Caltrops"],"picked":"Poisoned Stab","floor":5},{"not_picked":["Outmaneuver","Storm of Steel","All Out Attack"],"picked":"SKIP","floor":6},{"not_picked":["Deadly Poison","Leg Sweep"],"picked":"Noxious Fumes","floor":8},{"not_picked":["Acrobatics","PiercingWail","Prepared"],"picked":"SKIP","floor":10},{"not_picked":["Choke","Endless Agony"],"picked":"Crippling Poison","floor":13},{"not_picked":["Prepared","Dagger Throw"],"picked":"Dodge and Roll","floor":14},{"not_picked":["Phantasmal Killer","Unload"],"picked":"Storm of Steel","floor":16},{"not_picked":["Eviscerate","Dagger Spray"],"picked":"Prepared+1","floor":18},{"not_picked":["Backstab","Flechettes"],"picked":"Riddle With Holes+1","floor":19},{"not_picked":["Concentrate","Calculated Gamble"],"picked":"Cloak And Dagger","floor":20},{"not_picked":["Dodge and Roll+1","Backstab"],"picked":"Dagger Spray","floor":23},{"not_picked":["Underhanded Strike","Skewer","Noxious Fumes"],"picked":"SKIP","floor":25},{"not_picked":["Dodge and Roll","Blade Dance","Reflex"],"picked":"SKIP","floor":29}],"player_experience":1417438,"relics_obtained":[{"floor":6,"key":"Matryoshka"},{"floor":8,"key":"Bottled Flame"},{"floor":9,"key":"Strawberry"},{"floor":9,"key":"Ancient Tea Set"},{"floor":10,"key":"Orichalcum"},{"floor":14,"key":"Kunai"},{"floor":25,"key":"Oddly Smooth Stone"},{"floor":26,"key":"Regal Pillow"},{"floor":26,"key":"Paper Crane"},{"floor":29,"key":"Art of War"}],"event_choices":[{"damage_healed":0,"gold_gain":0,"player_choice":"Ignored","damage_taken":0,"max_hp_gain":0,"max_hp_loss":0,"event_name":"Shining Light","floor":11,"gold_loss":0},{"damage_healed":0,"gold_gain":0,"player_choice":"Ignored","damage_taken":0,"max_hp_gain":0,"max_hp_loss":0,"event_name":"Ghosts","floor":22,"gold_loss":0},{"damage_healed":0,"gold_gain":0,"player_choice":"Ignored","damage_taken":0,"max_hp_gain":0,"max_hp_loss":0,"event_name":"Vampires","floor":27,"gold_loss":0},{"damage_healed":0,"gold_gain":0,"cards_transformed":["Strike_G","Strike_G"],"player_choice":"Became Test Subject","damage_taken":0,"max_hp_gain":0,"max_hp_loss":0,"event_name":"Drug Dealer","floor":28,"gold_loss":0,"cards_obtained":["Caltrops","Cloak And Dagger"]}],"is_beta":true,"boss_relics":[{"not_picked":["Calling Bell","Fusion Hammer"],"picked":"Empty Cage"}],"items_purged_floors":[21],"is_endless":false,"potions_floor_spawned":[2,5,6,14,18,20,25,29],"killed_by":"3 Cultists","ascension_level":1}