{"gold_per_floor":[114,129,139,157,157,157,188,199,199,216,216,246,276,307,319,430,442,470,511,523,151,151,151,161,161,184,201,211,211,20,30,30,30],"floor_reached":33,"playtime":2179,"items_purged":[],"score":286,"play_id":"d4ebd8d0-206a-4c44-b927-8e62d2ed93bd","local_time":"20191006233818","is_ascension_mode":false,"campfire_choices":[{"data":"Spot Weakness","floor":6,"key":"SMITH"},{"floor":15,"key":"REST"},{"floor":23,"key":"REST"},{"floor":25,"key":"REST"},{"data":"Entrench","floor":29,"key":"SMITH"},{"floor":32,"key":"REST"}],"neow_cost":"NONE","seed_source_timestamp":251323969684400,"circlet_count":0,"master_deck":["Strike_R","Strike_R","Strike_R","Strike_R","Defend_R","Defend_R","Defend_R","Defend_R","Bash","Heavy Blade","Ghostly Armor","Spot Weakness+1","Evolve","Infernal Blade","Havoc","Spot Weakness","Corruption","Bludgeon","Clothesline","Barricade","Uppercut","Entrench","Offering","Feed","Shrug It Off","Flame Barrier","Entrench+1","Armaments","Second Wind"],"relics":["Burning Blood","Mercury Hourglass","Question Card","Paper Frog","Boot","MawBank","Lizard Tail","Red Mask","Self Forming Clay","Vajra","Ancient Tea Set"],"potions_floor_usage":[7,12,16,19,19,28,31],"damage_taken":[{"damage":18,"enemies":"Cultist","floor":1,"turns":5},{"damage":0,"enemies":"Small Slimes","floor":2,"turns":4},{"damage":0,"enemies":"2 Louse","floor":3,"turns":2},{"damage":4,"enemies":"Exordium Wildlife","floor":4,"turns":3},{"damage":32,"enemies":"Gremlin Nob","floor":7,"turns":5},{"damage":9,"enemies":"Blue Slaver","floor":8,"turns":4},{"damage":16,"enemies":"Gremlin Gang","floor":10,"turns":3},{"damage":4,"enemies":"Lagavulin","floor":12,"turns":5},{"damage":0,"enemies":"3 Louse","floor":13,"turns":2},{"damage":11,"enemies":"Exordium Wildlife","floor":14,"turns":3},{"damage":48,"enemies":"Hexaghost","floor":16,"turns":8},{"damage":23,"enemies":"Chosen","floor":18,"turns":7},{"damage":49,"enemies":"Masked Bandits","floor":19,"turns":5},{"damage":33,"enemies":"2 Thieves","floor":24,"turns":4},{"damage":23,"enemies":"Snake Plant","floor":27,"turns":5},{"damage":22,"enemies":"Centurion and Healer","floor":28,"turns":8},{"damage":48,"enemies":"3 Cultists","floor":31,"turns":7},{"damage":77,"enemies":"Collector","floor":33,"turns":5}],"seed_played":"1434895867220466807","potions_obtained":[{"floor":4,"key":"Dexterity Potion"},{"floor":7,"key":"SteroidPotion"},{"floor":8,"key":"Fire Potion"},{"floor":10,"key":"Block Potion"},{"floor":13,"key":"SteroidPotion"},{"floor":14,"key":"FearPotion"},{"floor":18,"key":"BloodPotion"},{"floor":27,"key":"Swift Potion"}],"is_trial":false,"path_per_floor":["M","M","M","M","?","R","E","M","T","M","T","E","M","M","R","B",null,"M","?","?","$","?","R","M","R","T","M","M","R","$","M","R","B"],"character_chosen":"IRONCLAD","items_purchased":["Offering","Self Forming Clay","Armaments","Ancient Tea Set"],"campfire_rested":4,"item_purchase_floors":[21,21,30,30],"current_hp_per_floor":[76,82,88,88,88,88,62,59,59,49,49,51,57,52,78,36,88,71,50,33,33,33,60,33,60,60,43,30,30,30,40,68,0],"gold":30,"neow_bonus":"TEN_PERCENT_HP_BONUS","is_prod":false,"is_daily":false,"chose_seed":false,"campfire_upgraded":2,"win_rate":0,"timestamp":1570423098,"path_taken":["M","?","M","M","?","R","E","?","T","M","?","E","M","M","R","BOSS","M","?","?","$","?","R","M","R","T","M","?","R","$","M","R","BOSS"],"build_version":"2019-07-17","purchased_purges":0,"victory":false,"max_hp_per_floor":[88,88,88,88,88,88,88,88,88,88,88,88,88,88,88,88,88,88,88,93,93,93,93,93,93,93,93,96,96,96,96,96,96],"card_choices":[{"not_picked":["Pommel Strike","Carnage"],"picked":"Heavy Blade","floor":1},{"not_picked":["Feel No Pain","Disarm"],"picked":"Ghostly Armor","floor":2},{"not_picked":["Shrug It Off","Feel No Pain"],"picked":"Spot Weakness","floor":3},{"not_picked":["Carnage","Twin Strike"],"picked":"Evolve","floor":4},{"not_picked":["Twin Strike","Cleave"],"picked":"Infernal Blade","floor":7},{"not_picked":["Pommel Strike","Body Slam","Anger"],"picked":"Havoc","floor":8},{"not_picked":["Shrug It Off","Carnage","Warcry"],"picked":"Spot Weakness","floor":10},{"not_picked":["Warcry","Clash","Sword Boomerang"],"picked":"Corruption","floor":12},{"not_picked":["Wild Strike","Anger","Heavy Blade"],"picked":"Bludgeon","floor":13},{"not_picked":["Cleave","Thunderclap","Iron Wave"],"picked":"Clothesline","floor":14},{"not_picked":["Immolate","Double Tap","Juggernaut"],"picked":"Barricade","floor":16},{"not_picked":["Pommel Strike+1","Carnage+1","Cleave+1"],"picked":"Uppercut","floor":18},{"not_picked":["Dropkick","Twin Strike","Anger+1"],"picked":"Entrench","floor":19},{"not_picked":["Seeing Red","Iron Wave","Headbutt"],"picked":"Shrug It Off","floor":24},{"not_picked":["Pommel Strike+1","Rupture","Immolate"],"picked":"Flame Barrier","floor":27},{"not_picked":["Body Slam+1","Intimidate","Hemokinesis"],"picked":"Entrench","floor":28},{"not_picked":["Anger+1","Bloodletting","Perfected Strike+1"],"picked":"Second Wind","floor":31}],"player_experience":97065,"relics_obtained":[{"floor":5,"key":"Mercury Hourglass"},{"floor":7,"key":"Question Card"},{"floor":9,"key":"Paper Frog"},{"floor":11,"key":"Boot"},{"floor":12,"key":"MawBank"},{"floor":19,"key":"Red Mask"},{"floor":26,"key":"Vajra"}],"event_choices":[{"damage_healed":0,"gold_gain":0,"player_choice":"Relic","damage_taken":0,"max_hp_gain":0,"max_hp_loss":0,"event_name":"Wheel of Change","floor":5,"gold_loss":0},{"damage_healed":0,"gold_gain":0,"player_choice":"Fought Bandits","damage_taken":0,"max_hp_gain":0,"max_hp_loss":0,"event_name":"Masked Bandits","floor":19,"gold_loss":0},{"damage_healed":0,"gold_gain":0,"player_choice":"Shed Blood","damage_taken":22,"max_hp_gain":5,"max_hp_loss":0,"event_name":"Forgotten Altar","floor":20,"gold_loss":0},{"damage_healed":0,"gold_gain":0,"cards_transformed":["Strike_R"],"player_choice":"Transformed","damage_taken":0,"max_hp_gain":0,"max_hp_loss":0,"event_name":"Transmorgrifier","floor":22,"gold_loss":0,"cards_obtained":["Feed"]}],"is_beta":false,"boss_relics":[{"not_picked":["Velvet Choker","Runic Pyramid"],"picked":"Lizard Tail"}],"items_purged_floors":[],"is_endless":false,"potions_floor_spawned":[4,7,8,10,13,14,18,27],"killed_by":"Collector","ascension_level":0}