{"gold_per_floor":[114,127,139,159,174,208,26,26,26,101,120,145,157,157,157,261,261,276,5,17,17,37,64,64,82,129,129,162,162,193,205,205,309,309,326,326,336,384,484,484,514,514,514,530,530,557,557,573,573,573,573,573,131,166,166],"floor_reached":55,"playtime":3131,"items_purged":["Strike_B"],"score":811,"play_id":"8ea734d6-fd88-4763-9749-e5a8f47721cb","local_time":"20190820205332","is_ascension_mode":true,"campfire_choices":[{"data":"Apotheosis","floor":8,"key":"SMITH"},{"floor":15,"key":"RECALL"},{"floor":24,"key":"REST"},{"floor":27,"key":"REST"},{"floor":32,"key":"REST"},{"floor":40,"key":"REST"},{"floor":42,"key":"REST"},{"floor":45,"key":"REST"},{"floor":49,"key":"REST"},{"floor":52,"key":"REST"}],"neow_cost":"NONE","seed_source_timestamp":568268649747700,"circlet_count":0,"master_deck":["Strike_B","Strike_B","Defend_B","Defend_B","Defend_B","Defend_B","Zap","Dualcast","Conserve Battery","Gash","Chill","Melter","Steam","Apotheosis+1","Beam Cell","Self Repair","FTL","Echo Form","Panache","Go for the Eyes","BootSequence","Sweeping Beam+1","Go for the Eyes","Hologram","Skim","Static Discharge+1","Seek","Beam Cell","Leap","Coolheaded"],"relics":["Cracked Core","Blood Vial","Smiling Mask","Art of War","Fusion Hammer","Kunai","DataDisk","Pantograph","Frozen Egg 2","Busted Crown","Gambling Chip","Incense Burner","Regal Pillow","PreservedInsect","Vajra","TheAbacus","Mummified Hand"],"potions_floor_usage":[6,11,11,16,23,23,23,25,28,38,46,50,50,55],"damage_taken":[{"damage":3,"enemies":"Jaw Worm","floor":1,"turns":3},{"damage":0,"enemies":"2 Louse","floor":2,"turns":2},{"damage":5,"enemies":"Small Slimes","floor":3,"turns":3},{"damage":5,"enemies":"Blue Slaver","floor":4,"turns":4},{"damage":0,"enemies":"3 Louse","floor":5,"turns":3},{"damage":11,"enemies":"3 Sentries","floor":6,"turns":9},{"damage":0,"enemies":"Looter","floor":11,"turns":1},{"damage":16,"enemies":"Lagavulin","floor":12,"turns":5},{"damage":3,"enemies":"Exordium Wildlife","floor":13,"turns":4},{"damage":14,"enemies":"The Guardian","floor":16,"turns":8},{"damage":21,"enemies":"Spheric Guardian","floor":18,"turns":4},{"damage":8,"enemies":"3 Byrds","floor":20,"turns":4},{"damage":1,"enemies":"Snecko","floor":22,"turns":6},{"damage":36,"enemies":"Slavers","floor":23,"turns":6},{"damage":5,"enemies":"Shelled Parasite and Fungi","floor":25,"turns":6},{"damage":8,"enemies":"Gremlin Leader","floor":28,"turns":8},{"damage":12,"enemies":"Book of Stabbing","floor":30,"turns":6},{"damage":0,"enemies":"3 Cultists","floor":31,"turns":3},{"damage":9,"enemies":"Collector","floor":33,"turns":8},{"damage":13,"enemies":"Orb Walker","floor":35,"turns":4},{"damage":0,"enemies":"3 Shapes","floor":37,"turns":6},{"damage":41,"enemies":"2 Orb Walkers","floor":38,"turns":7},{"damage":0,"enemies":"Mind Bloom Boss Battle","floor":39,"turns":4},{"damage":8,"enemies":"Nemesis","floor":41,"turns":7},{"damage":0,"enemies":"Jaw Worm Horde","floor":44,"turns":4},{"damage":0,"enemies":"Giant Head","floor":46,"turns":7},{"damage":6,"enemies":"4 Shapes","floor":48,"turns":6},{"damage":29,"enemies":"Donu and Deca","floor":50,"turns":8},{"damage":15,"enemies":"Shield and Spear","floor":54,"turns":5},{"damage":85,"enemies":"The Heart","floor":55,"turns":8}],"seed_played":"7065124519242848005","potions_obtained":[{"floor":1,"key":"Explosive Potion"},{"floor":3,"key":"Fire Potion"},{"floor":6,"key":"PowerPotion"},{"floor":12,"key":"AttackPotion"},{"floor":13,"key":"Regen Potion"},{"floor":18,"key":"SkillPotion"},{"floor":22,"key":"AttackPotion"},{"floor":23,"key":"EssenceOfSteel"},{"floor":25,"key":"Swift Potion"},{"floor":33,"key":"Dexterity Potion"},{"floor":35,"key":"Energy Potion"},{"floor":39,"key":"Poison Potion"},{"floor":44,"key":"Fire Potion"},{"floor":54,"key":"Ancient Potion"}],"is_trial":false,"path_per_floor":["M","M","M","M","M","E","$","R","T","?","M","E","M","?","R","B",null,"M","$","M","?","M","E","R","M","T","R","E","?","E","M","R","B",null,"M","?","M","?","?","R","E","R","T","M","R","E","?","M","R","B",null,"R","$","E","B"],"character_chosen":"DEFECT","items_purchased":["Apotheosis","Panache","Go for the Eyes","BootSequence","Coolheaded","Vajra","TheAbacus"],"campfire_rested":8,"item_purchase_floors":[7,19,19,19,53,53,53],"current_hp_per_floor":[79,79,74,69,69,58,58,58,58,47,49,35,41,68,68,66,82,71,71,75,75,82,68,82,82,82,82,82,66,56,58,84,85,87,81,81,87,56,87,87,87,87,87,87,87,87,83,83,83,64,83,83,83,68,0],"gold":166,"neow_bonus":"TEN_PERCENT_HP_BONUS","is_prod":false,"is_daily":false,"chose_seed":false,"campfire_upgraded":1,"win_rate":0,"timestamp":1566359612,"path_taken":["M","M","M","M","M","E","$","R","T","?","M","E","M","?","R","BOSS","M","$","M","?","M","E","R","M","T","R","E","?","E","M","R","BOSS","M","?","M","?","?","R","E","R","T","M","R","E","?","?","R","BOSS","R","$","E","BOSS"],"build_version":"2019-08-15","purchased_purges":1,"victory":false,"max_hp_per_floor":[82,82,82,82,82,82,82,82,82,82,82,82,82,82,82,82,82,82,82,82,82,82,82,82,82,82,82,82,87,87,87,87,87,87,87,87,87,87,87,87,87,87,87,87,87,87,83,83,83,83,83,83,83,83,83],"card_choices":[{"not_picked":["Aggregate","Stack"],"picked":"Conserve Battery","floor":1},{"not_picked":["Ball Lightning","Barrage"],"picked":"Gash","floor":2},{"not_picked":["Storm","Barrage"],"picked":"Chill","floor":3},{"not_picked":["Fusion","Heatsinks","Darkness"],"picked":"SKIP","floor":4},{"not_picked":["Streamline","Biased Cognition"],"picked":"Melter","floor":5},{"not_picked":["Conserve Battery","Skim"],"picked":"Steam","floor":6},{"not_picked":["Force Field","Consume"],"picked":"Beam Cell","floor":11},{"not_picked":["Coolheaded","Static Discharge"],"picked":"Self Repair","floor":12},{"not_picked":["Stack","Leap"],"picked":"FTL","floor":13},{"not_picked":["Electrodynamics","Multi-Cast"],"picked":"Echo Form","floor":16},{"not_picked":["Chaos","Undo","Turbo"],"picked":"SKIP","floor":18},{"not_picked":["Undo","Ball Lightning"],"picked":"Sweeping Beam+1","floor":20},{"not_picked":["Self Repair","Barrage","Redo"],"picked":"SKIP","floor":22},{"not_picked":["Barrage","Loop"],"picked":"Go for the Eyes","floor":23},{"not_picked":["Redo","Sweeping Beam"],"picked":"Hologram","floor":25},{"not_picked":["Scrape","Self Repair"],"picked":"Skim","floor":28},{"not_picked":["Sweeping Beam+1","Barrage"],"picked":"Static Discharge","floor":30},{"not_picked":["Barrage","Streamline","Redo+1"],"picked":"SKIP","floor":31},{"not_picked":["Amplify","Hyperbeam"],"picked":"Seek","floor":33},{"not_picked":["Compile Driver"],"picked":"SKIP","floor":35},{"not_picked":[],"picked":"Beam Cell","floor":37},{"not_picked":[],"picked":"Leap","floor":38},{"not_picked":["Redo"],"picked":"SKIP","floor":41},{"not_picked":["Rebound"],"picked":"SKIP","floor":44},{"not_picked":["Leap"],"picked":"SKIP","floor":46},{"not_picked":["Loop+1"],"picked":"SKIP","floor":48},{"not_picked":["Turbo"],"picked":"SKIP","floor":54}],"player_experience":1411682,"relics_obtained":[{"floor":6,"key":"Blood Vial"},{"floor":9,"key":"Smiling Mask"},{"floor":12,"key":"Art of War"},{"floor":23,"key":"Kunai"},{"floor":26,"key":"DataDisk"},{"floor":28,"key":"Pantograph"},{"floor":30,"key":"Frozen Egg 2"},{"floor":38,"key":"Gambling Chip"},{"floor":39,"key":"Incense Burner"},{"floor":41,"key":"Regal Pillow"},{"floor":46,"key":"PreservedInsect"},{"floor":54,"key":"Mummified Hand"}],"event_choices":[{"damage_healed":0,"gold_gain":75,"player_choice":"Gather Gold","damage_taken":11,"max_hp_gain":0,"max_hp_loss":0,"event_name":"World of Goop","floor":10,"gold_loss":0},{"damage_healed":27,"gold_gain":0,"player_choice":"Banana","damage_taken":0,"max_hp_gain":0,"max_hp_loss":0,"event_name":"Big Fish","floor":14,"gold_loss":0},{"damage_healed":0,"gold_gain":0,"player_choice":"Ignored","damage_taken":0,"max_hp_gain":0,"max_hp_loss":0,"event_name":"Ghosts","floor":21,"gold_loss":0},{"damage_healed":0,"gold_gain":0,"player_choice":"Shed Blood","damage_taken":21,"max_hp_gain":5,"max_hp_loss":0,"event_name":"Forgotten Altar","floor":29,"gold_loss":0},{"cards_removed":["Strike_B"],"damage_healed":0,"gold_gain":0,"player_choice":"Removed Attack","damage_taken":0,"max_hp_gain":0,"max_hp_loss":0,"event_name":"Falling","floor":36,"gold_loss":0},{"damage_healed":0,"gold_gain":0,"player_choice":"Fight","damage_taken":0,"max_hp_gain":0,"max_hp_loss":0,"event_name":"Mysterious Sphere","floor":38,"gold_loss":0},{"damage_healed":0,"gold_gain":0,"player_choice":"Fight","damage_taken":0,"max_hp_gain":0,"max_hp_loss":0,"event_name":"MindBloom","floor":39,"gold_loss":0},{"damage_healed":0,"gold_gain":0,"player_choice":"Max HP","damage_taken":0,"max_hp_gain":0,"max_hp_loss":4,"event_name":"Winding Halls","floor":47,"gold_loss":0}],"is_beta":true,"boss_relics":[{"not_picked":["Snecko Eye","Pandora\u0027s Box"],"picked":"Fusion Hammer"},{"not_picked":["Runic Pyramid","Coffee Dripper"],"picked":"Busted Crown"}],"items_purged_floors":[53],"is_endless":false,"potions_floor_spawned":[1,3,6,12,13,18,22,23,25,33,35,39,44,54],"killed_by":"The Heart","ascension_level":1}