{"gold_per_floor":[111,111,124,142,53,81,81,181,181,214,233,243,255,10,10,106,106,119,132,132,143,160,160,191,191,216,216,245,260,31,31,31,135,135,152,170,170,170,170,225,225,256,256,256,267,267,667,171,171,171],"floor_reached":51,"playtime":5050,"items_purged":["Strike_B","Defend_B"],"score":1016,"play_id":"70927274-0d72-462b-9eed-57a340fc904e","local_time":"20190102020359","is_ascension_mode":true,"campfire_choices":[{"data":"Leap","floor":7,"key":"SMITH"},{"data":"Leap","floor":15,"key":"SMITH"},{"data":"Reinforced Body","floor":23,"key":"SMITH"},{"floor":25,"key":"REST"},{"data":"Seek","floor":32,"key":"SMITH"},{"floor":41,"key":"REST"},{"data":"Echo Form","floor":44,"key":"SMITH"},{"data":"Ghostly","floor":46,"key":"SMITH"},{"data":"Fission","floor":49,"key":"SMITH"}],"neow_cost":"TEN_PERCENT_HP_LOSS","seed_source_timestamp":1061818021363489,"circlet_count":0,"master_deck":["Strike_B+1","Strike_B+1","Defend_B","Defend_B","Zap+1","Dualcast","Ball Lightning+1","White Noise","Leap+1","Doom and Gloom","Leap+1","Self Repair","Reinforced Body+1","Capacitor","Cold Snap","Echo Form+1","Barrage+1","Steam","Redo+1","Stack+1","Ghostly+1","Ghostly","Ghostly","Ghostly","Ghostly","Seek+1","Auto Shields","Glacier+1","Multi-Cast","Redo+1","Turbo+1","Turbo+1","Melter+1","Fission+1"],"relics":["FrozenCore","FossilizedHelix","Nunchaku","Peace Pipe","Emotion Chip","Whetstone","Inserter","Vajra","Regal Pillow","Juzu Bracelet","Tiny Chest","Strawberry","Bottled Flame","Old Coin","War Paint"],"potions_floor_usage":[11,16,16,19,19,19,33,39,42,50,50],"damage_taken":[{"damage":0,"enemies":"2 Louse","floor":1,"turns":2},{"damage":0,"enemies":"Cultist","floor":3,"turns":2},{"damage":0,"enemies":"Jaw Worm","floor":4,"turns":2},{"damage":22,"enemies":"3 Sentries","floor":6,"turns":7},{"damage":11,"enemies":"Lagavulin","floor":10,"turns":5},{"damage":0,"enemies":"Gremlin Gang","floor":11,"turns":3},{"damage":3,"enemies":"Large Slime","floor":12,"turns":5},{"damage":0,"enemies":"Looter","floor":13,"turns":3},{"damage":0,"enemies":"Slime Boss","floor":16,"turns":6},{"damage":8,"enemies":"Shell Parasite","floor":18,"turns":8},{"damage":12,"enemies":"3 Byrds","floor":19,"turns":3},{"damage":11,"enemies":"Shelled Parasite and Fungi","floor":21,"turns":10},{"damage":0,"enemies":"Snecko","floor":22,"turns":9},{"damage":10,"enemies":"Gremlin Leader","floor":24,"turns":9},{"damage":2,"enemies":"Book of Stabbing","floor":28,"turns":9},{"damage":1,"enemies":"Snake Plant","floor":29,"turns":7},{"damage":0,"enemies":"Champ","floor":33,"turns":12},{"damage":0,"enemies":"Orb Walker","floor":35,"turns":6},{"damage":5,"enemies":"3 Darklings","floor":36,"turns":8},{"damage":0,"enemies":"Jaw Worm Horde","floor":39,"turns":2},{"damage":25,"enemies":"Nemesis","floor":40,"turns":9},{"damage":16,"enemies":"Reptomancer","floor":42,"turns":13},{"damage":0,"enemies":"Spire Growth","floor":45,"turns":7},{"damage":0,"enemies":"Mind Bloom Boss Battle","floor":47,"turns":10},{"damage":4,"enemies":"Time Eater","floor":50,"turns":17}],"seed_played":"2932057278469037864","potions_obtained":[{"floor":4,"key":"Explosive Potion"},{"floor":10,"key":"Block Potion"},{"floor":12,"key":"Block Potion"},{"floor":13,"key":"SpeedPotion"},{"floor":16,"key":"FearPotion"},{"floor":18,"key":"PowerPotion"},{"floor":22,"key":"Ancient Potion"},{"floor":29,"key":"Poison Potion"},{"floor":38,"key":"SmokeBomb"},{"floor":38,"key":"Ancient Potion"},{"floor":40,"key":"GamblersBrew"},{"floor":47,"key":"LiquidBronze"}],"is_trial":false,"path_per_floor":["M","?","M","M","$","E","R","?","T","E","M","M","M","$","R","B",null,"M","M","?","M","M","R","E","R","T","?","E","M","$","?","R","B",null,"M","M","?","?","M","E","R","E","T","R","M","R","?","$","R","B",null],"character_chosen":"DEFECT","items_purchased":["Doom and Gloom","Leap","Capacitor","Cold Snap","Whetstone","Seek","War Paint","PowerPotion","SpeedPotion","Fission"],"campfire_rested":2,"item_purchase_floors":[5,5,14,14,14,30,48,48,48,48],"current_hp_per_floor":[68,68,68,68,68,46,46,46,46,42,42,46,46,46,46,46,68,67,55,49,45,52,52,49,68,68,34,34,34,34,34,34,34,34,34,29,29,29,29,11,34,32,32,32,32,32,39,39,39,41],"gold":171,"neow_bonus":"ONE_RARE_RELIC","is_prod":false,"is_daily":false,"chose_seed":false,"campfire_upgraded":7,"win_rate":0,"timestamp":1546423439,"path_taken":["M","?","M","M","?","E","R","?","T","E","M","M","?","$","R","BOSS","M","M","?","?","M","R","E","R","T","?","E","M","$","?","R","BOSS","M","M","?","?","M","E","R","E","T","R","M","R","?","$","R","BOSS"],"build_version":"2018-12-20","purchased_purges":2,"victory":true,"max_hp_per_floor":[68,68,68,68,68,68,68,68,68,68,68,68,68,68,68,68,68,68,68,68,68,68,68,68,68,68,34,34,34,34,34,34,34,34,34,34,34,34,34,34,34,41,41,41,41,41,41,41,41,41],"card_choices":[{"not_picked":["Coolheaded","Sweeping Beam"],"picked":"Ball Lightning","floor":1},{"not_picked":["Double Energy","Reboot"],"picked":"White Noise","floor":3},{"not_picked":["Conserve Battery","Sweeping Beam"],"picked":"Leap","floor":4},{"not_picked":["Auto Shields","Conserve Battery"],"picked":"Self Repair","floor":6},{"not_picked":["Hologram","Coolheaded","Sweeping Beam"],"picked":"SKIP","floor":10},{"not_picked":["Sunder","Blizzard","Force Field"],"picked":"SKIP","floor":11},{"not_picked":["Go for the Eyes","Stack"],"picked":"Reinforced Body","floor":12},{"not_picked":["Doom and Gloom","Gash","Recycle"],"picked":"SKIP","floor":13},{"not_picked":["Multi-Cast","Machine Learning"],"picked":"Echo Form","floor":16},{"not_picked":["Compile Driver+1","Conserve Battery"],"picked":"Cold Snap","floor":18},{"not_picked":["Ball Lightning","Auto Shields"],"picked":"Barrage+1","floor":19},{"not_picked":["Hologram","Redo"],"picked":"Steam","floor":21},{"not_picked":["Scrape","Lockon+1"],"picked":"Redo+1","floor":22},{"not_picked":["Cold Snap+1","Beam Cell"],"picked":"Stack+1","floor":24},{"not_picked":["Stack","Heatsinks","White Noise"],"picked":"SKIP","floor":28},{"not_picked":["Coolheaded","Hologram","Stack"],"picked":"SKIP","floor":29},{"not_picked":["All For One","Machine Learning"],"picked":"Multi-Cast","floor":33},{"not_picked":["Barrage","Stack+1"],"picked":"Redo+1","floor":35},{"not_picked":["Cold Snap+1","Compile Driver+1"],"picked":"Turbo+1","floor":36},{"not_picked":["Ball Lightning+1","Darkness+1"],"picked":"Turbo+1","floor":40},{"not_picked":["Gash+1","Reprogram","Turbo"],"picked":"SKIP","floor":42},{"not_picked":["Recycle","Sweeping Beam+1"],"picked":"Melter+1","floor":45}],"player_experience":580570,"relics_obtained":[{"floor":6,"key":"Nunchaku"},{"floor":9,"key":"Peace Pipe"},{"floor":10,"key":"Emotion Chip"},{"floor":24,"key":"Vajra"},{"floor":26,"key":"Regal Pillow"},{"floor":28,"key":"Juzu Bracelet"},{"floor":40,"key":"Tiny Chest"},{"floor":42,"key":"Strawberry"},{"floor":43,"key":"Bottled Flame"},{"floor":47,"key":"Old Coin"}],"event_choices":[{"damage_healed":0,"gold_gain":0,"player_choice":"Upgraded","damage_taken":0,"max_hp_gain":0,"max_hp_loss":0,"event_name":"Upgrade Shrine","floor":2,"gold_loss":0,"cards_upgraded":["Ball Lightning"]},{"damage_healed":0,"gold_gain":100,"player_choice":"Pray","damage_taken":0,"max_hp_gain":0,"max_hp_loss":0,"event_name":"Golden Shrine","floor":8,"gold_loss":0},{"damage_healed":0,"gold_gain":0,"player_choice":"","damage_taken":6,"max_hp_gain":0,"max_hp_loss":0,"event_name":"Knowing Skull","floor":20,"potions_obtained":[],"gold_loss":0,"cards_obtained":[]},{"damage_healed":0,"gold_gain":0,"player_choice":"Became a Ghost","damage_taken":0,"max_hp_gain":0,"max_hp_loss":34,"event_name":"Ghosts","floor":27,"gold_loss":0,"cards_obtained":["Ghostly","Ghostly","Ghostly","Ghostly","Ghostly"]},{"damage_healed":0,"gold_gain":0,"cards_transformed":["Defend_B","Strike_B"],"player_choice":"Became Test Subject","damage_taken":0,"max_hp_gain":0,"max_hp_loss":0,"event_name":"Drug Dealer","floor":31,"gold_loss":0,"cards_obtained":["Auto Shields","Glacier"]},{"cards_removed":["Cold Snap"],"damage_healed":0,"gold_gain":0,"player_choice":"Removed Attack","damage_taken":0,"max_hp_gain":0,"max_hp_loss":0,"event_name":"Falling","floor":37,"gold_loss":0},{"damage_healed":0,"gold_gain":0,"player_choice":"Got Potions","damage_taken":0,"max_hp_gain":0,"max_hp_loss":0,"event_name":"Lab","floor":38,"gold_loss":0},{"damage_healed":0,"gold_gain":0,"player_choice":"Fight","damage_taken":0,"max_hp_gain":0,"max_hp_loss":0,"event_name":"MindBloom","floor":47,"gold_loss":0}],"is_beta":false,"boss_relics":[{"not_picked":["Fusion Hammer","Calling Bell"],"picked":"Inserter"},{"not_picked":["Astrolabe","Sozu"],"picked":"FrozenCore"}],"items_purged_floors":[30,48],"is_endless":false,"potions_floor_spawned":[4,10,12,13,16,18,22,29,39,40,47],"ascension_level":4}