{"gold_per_floor":[116,127,127,141,157,184,194,194,194,194,221,221,252,264,264,361,361,361,301,301,20,20,20,20,20,20,20,20,20,20,20,20,20,20,20,20,20,20,20,20,20,20,20,20,20,20,20,20,20,20],"floor_reached":50,"playtime":2874,"items_purged":[],"score":618,"play_id":"5de56631-3d66-4c68-9e76-842b187dbeaf","local_time":"20191010200357","is_ascension_mode":false,"campfire_choices":[{"floor":10.0,"key":"REST"},{"data":"Inflame","floor":12.0,"key":"SMITH"},{"floor":15.0,"key":"REST"},{"data":"Demon Form","floor":27.0,"key":"SMITH"},{"floor":30.0,"key":"REST"},{"data":"Rage","floor":32.0,"key":"SMITH"},{"data":"Impervious","floor":40,"key":"SMITH"},{"floor":42,"key":"REST"},{"floor":49,"key":"REST"}],"neow_cost":"NONE","seed_source_timestamp":0,"circlet_count":0,"master_deck":["Strike_R","Strike_R","Strike_R+1","Defend_R+1","Defend_R","Defend_R","Defend_R","Bash","Clash","Dual Wield","Armaments","Inflame+1","Spot Weakness+1","Twin Strike+1","Feed","Anger","Shrug It Off","Impervious+1","Hemokinesis+1","Inflame","Demon Form+1","Immolate","Fire Breathing","Shrug It Off","Clothesline","Evolve","Shockwave","Twin Strike","Rage+1","Impervious","Entrench+1","Bloodletting","Madness","Madness","Clothesline+1","Parasite","Flame Barrier","Rupture+1","Power Through+1","Flex+1","Inflame+1","Doubt","Bloodletting+1","Body Slam"],"special_seed":0,"relics":["Burning Blood","Centennial Puzzle","Self Forming Clay","War Paint","Mummified Hand","Ectoplasm","Kunai","Nunchaku","Whetstone","Philosopher\u0027s Stone","Dream Catcher","Red Skull","PreservedInsect"],"potions_floor_usage":[41,50,50],"damage_taken":[{"damage":3.0,"enemies":"Small Slimes","floor":1.0,"turns":4.0},{"damage":6.0,"enemies":"Jaw Worm","floor":2.0,"turns":4.0},{"damage":1.0,"enemies":"Cultist","floor":4.0,"turns":3.0},{"damage":4.0,"enemies":"Exordium Wildlife","floor":5.0,"turns":3.0},{"damage":41.0,"enemies":"Gremlin Nob","floor":6.0,"turns":5.0},{"damage":7.0,"enemies":"Looter","floor":7.0,"turns":5.0},{"damage":13.0,"enemies":"3 Sentries","floor":11.0,"turns":7.0},{"damage":28.0,"enemies":"Lagavulin","floor":13.0,"turns":4.0},{"damage":1.0,"enemies":"Exordium Thugs","floor":14.0,"turns":3.0},{"damage":24.0,"enemies":"The Guardian","floor":16.0,"turns":6.0},{"damage":2.0,"enemies":"Spheric Guardian","floor":18.0,"turns":4.0},{"damage":4.0,"enemies":"2 Thieves","floor":19.0,"turns":4.0},{"damage":19.0,"enemies":"Chosen and Byrds","floor":20.0,"turns":5.0},{"damage":30.0,"enemies":"Slavers","floor":23.0,"turns":4.0},{"damage":13.0,"enemies":"3 Cultists","floor":24.0,"turns":4.0},{"damage":11.0,"enemies":"Snecko","floor":25.0,"turns":5.0},{"damage":2.0,"enemies":"Cultist and Chosen","floor":29.0,"turns":4.0},{"damage":2.0,"enemies":"Book of Stabbing","floor":31.0,"turns":5.0},{"damage":40.0,"enemies":"Collector","floor":33.0,"turns":10.0},{"damage":6,"enemies":"3 Darklings","floor":35,"turns":4},{"damage":6,"enemies":"Orb Walker","floor":36,"turns":2},{"damage":19,"enemies":"Jaw Worm Horde","floor":38,"turns":5},{"damage":20,"enemies":"Writhing Mass","floor":39,"turns":8},{"damage":61,"enemies":"Giant Head","floor":41,"turns":9},{"damage":26,"enemies":"3 Darklings","floor":44,"turns":3},{"damage":34,"enemies":"Transient","floor":45,"turns":5},{"damage":51,"enemies":"Reptomancer","floor":47,"turns":8},{"damage":48,"enemies":"Maw","floor":48,"turns":7},{"damage":67,"enemies":"Awakened One","floor":50,"turns":8}],"seed_played":"6767135139867256643","potions_obtained":[{"floor":4.0,"key":"Regen Potion"},{"floor":6.0,"key":"BloodPotion"},{"floor":7.0,"key":"SkillPotion"},{"floor":29.0,"key":"EssenceOfSteel"},{"floor":36,"key":"GamblersBrew"},{"floor":44,"key":"Poison Potion"},{"floor":47,"key":"Weak Potion"},{"floor":48,"key":"Dexterity Potion"}],"is_trial":false,"path_per_floor":["M","M","?","M","M","E","M","?","T","R","E","R","E","M","R","B",null,"M","M","M","$","?","E","M","M","T","R","$","M","R","E","R","B",null,"M","M","?","M","M","R","E","R","T","M","M","?","E","M","R","B"],"character_chosen":"IRONCLAD","items_purchased":["Immolate","Fire Breathing","Shrug It Off"],"campfire_rested":5,"item_purchase_floors":[21,21,21],"current_hp_per_floor":[80,80,80,80,80,45,44,37,37,61,54,54,32,40,64,46,83,86,89,79,79,79,59,55,53,53,53,53,60,91,95,95,76,105,105,105,92,79,65,65,36,67,67,47,19,105,60,18,49,0],"gold":20,"neow_bonus":"REMOVE_CARD","is_prod":false,"is_daily":false,"chose_seed":false,"campfire_upgraded":4,"win_rate":0.0,"timestamp":1570763037,"path_taken":["M","M","?","M","M","E","M","?","T","R","E","R","E","M","R","BOSS","M","M","M","$","?","E","M","M","T","R","?","M","R","E","R","BOSS","M","M","?","M","M","R","E","R","T","M","M","?","E","M","R","BOSS"],"build_version":"2019-07-17","purchased_purges":0,"victory":false,"max_hp_per_floor":[80,80,80,80,80,80,80,80,80,80,80,80,80,83,83,83,83,86,89,92,92,92,96,99,102,102,102,102,105,105,105,105,105,105,105,105,105,105,105,105,105,105,105,105,105,105,105,105,105,105],"card_choices":[{"not_picked":["Armaments","Body Slam"],"picked":"Clash","floor":1.0},{"not_picked":["Feel No Pain","Body Slam"],"picked":"Dual Wield","floor":2.0},{"not_picked":["Iron Wave","Shockwave"],"picked":"Armaments","floor":4.0},{"not_picked":["Corruption","Hemokinesis"],"picked":"Inflame","floor":5.0},{"not_picked":["Headbutt","Reckless Charge"],"picked":"Spot Weakness","floor":6.0},{"not_picked":["Havoc","Combust"],"picked":"Twin Strike","floor":7.0},{"not_picked":["Feel No Pain","Combust"],"picked":"Feed","floor":11.0},{"not_picked":["Wild Strike","Twin Strike"],"picked":"Anger","floor":13.0},{"not_picked":["Battle Trance","Wild Strike"],"picked":"Shrug It Off","floor":14.0},{"not_picked":["Bludgeon","Juggernaut"],"picked":"Impervious","floor":16.0},{"not_picked":["Warcry","Iron Wave"],"picked":"Hemokinesis+1","floor":18.0},{"not_picked":["Reckless Charge","Perfected Strike"],"picked":"Inflame","floor":19.0},{"not_picked":["Burning Pact","Entrench"],"picked":"Demon Form","floor":20.0},{"not_picked":["Havoc+1","True Grit"],"picked":"Clothesline","floor":23.0},{"not_picked":["Thunderclap+1","Sword Boomerang"],"picked":"Evolve","floor":24.0},{"not_picked":["Headbutt","Thunderclap"],"picked":"Shockwave","floor":25.0},{"not_picked":["Shrug It Off","Perfected Strike"],"picked":"Twin Strike","floor":29.0},{"not_picked":["Thunderclap","Combust"],"picked":"Rage","floor":31.0},{"not_picked":["Demon Form","Berserk"],"picked":"Impervious","floor":33.0},{"not_picked":["Pommel Strike","Armaments+1"],"picked":"Entrench+1","floor":35},{"not_picked":["Clothesline+1","Wild Strike+1"],"picked":"Bloodletting","floor":36},{"not_picked":["Iron Wave+1","Shrug It Off"],"picked":"Clothesline+1","floor":38},{"not_picked":["Intimidate","Twin Strike"],"picked":"Flame Barrier","floor":39},{"not_picked":["Feed","Havoc+1"],"picked":"Rupture+1","floor":41},{"not_picked":["Disarm","Burning Pact"],"picked":"Power Through+1","floor":42},{"not_picked":["Warcry","Pommel Strike+1"],"picked":"Flex+1","floor":44},{"not_picked":["Pommel Strike+1","Infernal Blade"],"picked":"Inflame+1","floor":45},{"not_picked":["Burning Pact+1","Sword Boomerang"],"picked":"Bloodletting+1","floor":47},{"not_picked":["Shockwave","Hemokinesis+1","Havoc"],"picked":"SKIP","floor":48},{"not_picked":["Rampage+1","Rage"],"picked":"Body Slam","floor":49}],"player_experience":47123,"relics_obtained":[{"floor":6.0,"key":"Centennial Puzzle"},{"floor":9.0,"key":"Self Forming Clay"},{"floor":11.0,"key":"War Paint"},{"floor":13.0,"key":"Mummified Hand"},{"floor":23.0,"key":"Kunai"},{"floor":26.0,"key":"Nunchaku"},{"floor":31.0,"key":"Whetstone"},{"floor":41,"key":"Dream Catcher"},{"floor":43,"key":"Red Skull"},{"floor":47,"key":"PreservedInsect"}],"event_choices":[{"damage_healed":0.0,"max_hp_gain":0.0,"max_hp_loss":0.0,"gold_gain":0.0,"event_name":"Golden Idol","player_choice":"Ignored","floor":3.0,"gold_loss":0.0,"damage_taken":0.0},{"cards_removed":["Strike_R"],"damage_healed":0.0,"max_hp_gain":0.0,"max_hp_loss":0.0,"gold_gain":0.0,"event_name":"Golden Wing","player_choice":"Card Removal","floor":8.0,"gold_loss":0.0,"damage_taken":7.0},{"damage_healed":0.0,"max_hp_gain":0.0,"max_hp_loss":0.0,"gold_gain":0.0,"event_name":"Purifier","player_choice":"Ignored","floor":22.0,"gold_loss":0.0,"damage_taken":0.0},{"damage_healed":0,"gold_gain":0,"player_choice":"Embrace Madness","damage_taken":13,"max_hp_gain":0,"max_hp_loss":0,"event_name":"Winding Halls","floor":37,"gold_loss":0,"cards_obtained":["Madness","Madness"]},{"damage_healed":86,"gold_gain":0,"player_choice":"Heal","damage_taken":0,"max_hp_gain":0,"max_hp_loss":0,"event_name":"MindBloom","floor":46,"gold_loss":0,"cards_obtained":["Doubt"]}],"is_beta":false,"boss_relics":[{"not_picked":["Empty Cage","Coffee Dripper"],"picked":"Ectoplasm"},{"not_picked":["Runic Dome","Tiny House"],"picked":"Philosopher\u0027s Stone"}],"items_purged_floors":[],"is_endless":false,"potions_floor_spawned":[4,6,7,13,16,20,23,29,31,36,44,47,48],"killed_by":"Awakened One","ascension_level":0}