{"gold_per_floor":[115,115,7,23,23,58,76,111,111,124,137,137,157,167,167,268,268,285,296,68,87,97,97],"floor_reached":23,"playtime":1205,"items_purged":[],"score":232,"play_id":"1116a76b-0866-4f93-92a2-82e9fa268734","local_time":"20191007183151","is_ascension_mode":false,"campfire_choices":[{"floor":12,"key":"DIG"},{"floor":15,"key":"REST"}],"neow_cost":"NONE","seed_source_timestamp":191976599804200,"circlet_count":0,"master_deck":["Strike_R","Strike_R","Strike_R","Strike_R","Strike_R","Defend_R","Defend_R","Defend_R","Defend_R","Bash","Spot Weakness+1","Enlightenment","Pommel Strike","Anger","Feel No Pain","Infernal Blade","Inflame","Ghostly Armor","Flex","Warcry","Seeing Red","Juggernaut","Demon Form","Uppercut","Body Slam","Impervious","Dark Embrace","Iron Wave+1","Shockwave"],"relics":["Burning Blood","Strawberry","FossilizedHelix","Shovel","Bag of Preparation","Mango","Dream Catcher","Eternal Feather"],"potions_floor_usage":[16,16,23,23,23],"damage_taken":[{"damage":5,"enemies":"Small Slimes","floor":1,"turns":4},{"damage":10,"enemies":"Cultist","floor":4,"turns":4},{"damage":22,"enemies":"3 Sentries","floor":6,"turns":6},{"damage":0,"enemies":"2 Louse","floor":7,"turns":3},{"damage":44,"enemies":"Gremlin Nob","floor":8,"turns":5},{"damage":0,"enemies":"Lots of Slimes","floor":10,"turns":1},{"damage":22,"enemies":"Large Slime","floor":11,"turns":6},{"damage":9,"enemies":"Exordium Thugs","floor":13,"turns":5},{"damage":5,"enemies":"3 Louse","floor":14,"turns":2},{"damage":44,"enemies":"Hexaghost","floor":16,"turns":7},{"damage":6,"enemies":"Chosen","floor":18,"turns":6},{"damage":21,"enemies":"2 Thieves","floor":19,"turns":5},{"damage":44,"enemies":"Sentry and Sphere","floor":21,"turns":7},{"damage":22,"enemies":"Cultist and Chosen","floor":22,"turns":7},{"damage":34,"enemies":"Book of Stabbing","floor":23,"turns":6}],"seed_played":"-6461882893923554107","potions_obtained":[{"floor":1,"key":"EntropicBrew"},{"floor":10,"key":"SpeedPotion"},{"floor":13,"key":"BloodPotion"},{"floor":14,"key":"FearPotion"},{"floor":19,"key":"Strength Potion"},{"floor":21,"key":"Swift Potion"}],"is_trial":false,"path_per_floor":["M","?","$","M","?","E","M","E","T","M","M","R","M","M","R","B",null,"M","M","$","M","M","E"],"character_chosen":"IRONCLAD","items_purchased":["Enlightenment","Pommel Strike","Impervious","Dark Embrace"],"campfire_rested":1,"item_purchase_floors":[3,3,20,20],"current_hp_per_floor":[87,87,87,83,83,67,73,35,49,55,39,39,36,37,67,54,101,101,86,86,48,32,0],"gold":97,"neow_bonus":"RANDOM_COMMON_RELIC","is_prod":false,"is_daily":false,"chose_seed":false,"campfire_upgraded":0,"win_rate":0.0,"timestamp":1570498311,"path_taken":["M","?","$","?","?","E","M","E","T","M","M","R","M","M","R","BOSS","M","M","?","M","M","E"],"build_version":"2019-07-17","purchased_purges":0,"victory":false,"max_hp_per_floor":[87,87,87,87,87,87,87,87,101,101,101,101,101,101,101,101,101,101,101,101,101,101,101],"card_choices":[{"not_picked":["Burning Pact","Cleave"],"picked":"Spot Weakness","floor":1},{"not_picked":["Bloodletting","Warcry"],"picked":"Anger","floor":4},{"not_picked":["Spot Weakness","Twin Strike"],"picked":"Feel No Pain","floor":6},{"not_picked":["Seeing Red","Wild Strike"],"picked":"Infernal Blade","floor":7},{"not_picked":["Pummel","Rupture"],"picked":"Inflame","floor":8},{"not_picked":["Intimidate","Thunderclap"],"picked":"Ghostly Armor","floor":10},{"not_picked":["Heavy Blade","Twin Strike"],"picked":"Flex","floor":11},{"not_picked":["Cleave","Wild Strike"],"picked":"Warcry","floor":13},{"not_picked":["Headbutt","Cleave"],"picked":"Seeing Red","floor":14},{"not_picked":["True Grit","Combust"],"picked":"Juggernaut","floor":15},{"not_picked":["Double Tap","Barricade"],"picked":"Demon Form","floor":16},{"not_picked":["Second Wind","Wild Strike"],"picked":"Uppercut","floor":18},{"not_picked":["Pummel","Warcry"],"picked":"Body Slam","floor":19},{"not_picked":["Reckless Charge","Heavy Blade"],"picked":"Iron Wave+1","floor":21},{"not_picked":["Perfected Strike","Headbutt"],"picked":"Shockwave","floor":22}],"player_experience":21616,"relics_obtained":[{"floor":6,"key":"Shovel"},{"floor":8,"key":"Bag of Preparation"},{"floor":9,"key":"Mango"},{"floor":12,"key":"Dream Catcher"}],"event_choices":[{"damage_healed":0,"gold_gain":0,"player_choice":"Upgraded","damage_taken":0,"max_hp_gain":0,"max_hp_loss":0,"event_name":"Upgrade Shrine","floor":2,"gold_loss":0,"cards_upgraded":["Spot Weakness"]},{"damage_healed":0,"gold_gain":0,"player_choice":"Gave Potion","damage_taken":0,"relics_obtained":["FossilizedHelix"],"max_hp_gain":0,"max_hp_loss":0,"event_name":"WeMeetAgain","floor":5,"gold_loss":0}],"is_beta":false,"boss_relics":[{"not_picked":["Orrery","Runic Pyramid"],"picked":"Eternal Feather"}],"items_purged_floors":[],"is_endless":false,"potions_floor_spawned":[1,10,13,14,19,21],"killed_by":"Book of Stabbing","ascension_level":0}