{"path_per_floor":["M","M","$","M","?","R","M","R","T","R","?","R","M","M","R","B",null,"M","M","$","M"],"character_chosen":"DEFECT","items_purchased":["Loop","Hologram","Self Repair"],"gold_per_floor":[118,130,10,30,30,30,44,44,44,44,44,44,60,75,75,176,176,187,154,39,58,58],"floor_reached":22,"campfire_rested":0,"playtime":1198,"item_purchase_floors":[3,3,20],"current_hp_per_floor":[70,70,70,69,72,72,67,67,67,67,67,67,67,67,67,67,81,81,67,67,34,34],"items_purged":["Strike_B"],"gold":58,"score":285,"play_id":"96fcae34-1fb5-4f30-8095-9b8fe526d081","local_time":"20180616220519","is_prod":false,"is_daily":false,"chose_seed":false,"is_ascension_mode":true,"campfire_upgraded":5,"win_rate":0,"timestamp":1529211919,"campfire_choices":[{"data":"Zap","floor":6,"key":"SMITH"},{"data":"Hologram","floor":8,"key":"SMITH"},{"data":"Loop","floor":10,"key":"SMITH"},{"data":"Dualcast","floor":12,"key":"SMITH"},{"data":"Capacitor","floor":15,"key":"SMITH"}],"path_taken":["M","M","$","M","?","R","M","R","T","R","?","R","M","M","R","BOSS","M","M","$","M","?"],"build_version":"2018-06-14v2","seed_source_timestamp":17279043229048,"purchased_purges":1,"victory":false,"master_deck":["Strike_B","Strike_B","Strike_B","Defend_B","Defend_B","Defend_B","Defend_B","Zap+1","Dualcast+1","Beam Cell","Glacier","Loop+1","Hologram+1","Auto Shields","Capacitor+1","Buffer","FTL","Self Repair","Leap"],"max_hp_per_floor":[75,75,75,75,85,85,85,85,85,85,85,85,85,85,85,85,85,85,85,85,85,85],"relics":["Cracked Core","Pear","Bottled Flame","Sozu"],"card_choices":[{"not_picked":["Redo","Compile Driver"],"picked":"Beam Cell","floor":0},{"not_picked":["Sweeping Beam","Streamline"],"picked":"Glacier","floor":1},{"not_picked":["Compile Driver","Gash","Redo"],"picked":"SKIP","floor":2},{"not_picked":["Reinforced Body","Consume","Hologram"],"picked":"SKIP","floor":4},{"not_picked":["Hologram","Steam Power","Rip and Tear"],"picked":"SKIP","floor":7},{"not_picked":["Tempest","Beam Cell"],"picked":"Auto Shields","floor":13},{"not_picked":["Streamline","Stack"],"picked":"Capacitor","floor":14},{"not_picked":["Hyperbeam","Creative AI"],"picked":"Buffer","floor":16},{"not_picked":["Coolheaded","Stack"],"picked":"FTL","floor":18},{"not_picked":["Double Energy","Cold Snap","Gash"],"picked":"SKIP","floor":19},{"not_picked":["Chaos","Storm"],"picked":"Leap","floor":21}],"player_experience":540657,"potions_floor_usage":[],"damage_taken":[{"damage":5,"enemies":"Small Slimes","floor":1,"turns":3},{"damage":0,"enemies":"2 Louse","floor":2,"turns":3},{"damage":1,"enemies":"Jaw Worm","floor":4,"turns":5},{"damage":5,"enemies":"Exordium Wildlife","floor":7,"turns":4},{"damage":0,"enemies":"Large Slime","floor":13,"turns":3},{"damage":0,"enemies":"Looter","floor":14,"turns":3},{"damage":0,"enemies":"The Guardian","floor":16,"turns":14},{"damage":0,"enemies":"Shell Parasite","floor":18,"turns":9},{"damage":14,"enemies":"2 Thieves","floor":19,"turns":5},{"damage":40,"enemies":"Sentry and Sphere","floor":21,"turns":8}],"relics_obtained":[{"floor":9,"key":"Bottled Flame"}],"event_choices":[{"event_name":"Scrap Ooze","player_choice":"success","floor":5,"damage_taken":7},{"event_name":"Dead Adventurer","player_choice":"Searched \u00270\u0027 times","floor":11,"damage_taken":0}],"boss_relics":[{"not_picked":["Philosopher\u0027s Stone","Tiny House"],"picked":"Sozu"}],"items_purged_floors":[20],"is_endless":false,"potions_floor_spawned":[1,13,16,18],"seed_played":"-1157340416943692545","ascension_level":5,"potions_obtained":[{"floor":1,"key":"Weak Potion"},{"floor":13,"key":"Energy Potion"},{"floor":16,"key":"Weak Potion"}],"is_trial":false}