{"gold_per_floor":[213,213,11,23,33,33,63,63,63,63,63,76,151,151,151,151],"floor_reached":16,"playtime":958,"items_purged":["Strike_B"],"score":127,"play_id":"db26606d-2dc7-47aa-aaa2-eff2c979ff73","local_time":"20180629214401","is_ascension_mode":true,"campfire_choices":[{"floor":6.0,"key":"REST"},{"floor":8.0,"key":"REST"},{"data":"Zap","floor":11.0,"key":"SMITH"},{"floor":15.0,"key":"REST"}],"neow_cost":"","seed_source_timestamp":0,"circlet_count":0,"master_deck":["Strike_B","Strike_B","Strike_B","Defend_B","Defend_B","Defend_B","Defend_B","Zap+1","Dualcast","Loop","Capacitor","Hologram","Fusion","Auto Shields"],"special_seed":0,"relics":["Cracked Core","Sundial","The Courier"],"potions_floor_usage":[],"damage_taken":[{"damage":7.0,"enemies":"2 Louse","floor":1.0,"turns":2.0},{"damage":7.0,"enemies":"Jaw Worm","floor":4.0,"turns":3.0},{"damage":9.0,"enemies":"Small Slimes","floor":5.0,"turns":5.0},{"damage":58.0,"enemies":"Gremlin Nob","floor":7.0,"turns":5.0},{"damage":7.0,"enemies":"3 Louse","floor":12.0,"turns":4.0},{"damage":43,"enemies":"The Guardian","floor":16,"turns":11}],"seed_played":"2062093250787084675","potions_obtained":[{"floor":1.0,"key":"Regen Potion"},{"floor":7.0,"key":"Energy Potion"}],"is_trial":false,"path_per_floor":["M","?","$","M","M","R","E","R","T","$","R","M","?","?","R"],"character_chosen":"DEFECT","items_purchased":["Capacitor","Hologram"],"campfire_rested":3,"item_purchase_floors":[],"current_hp_per_floor":[61,61,61,54,45,67,9,31,31,31,31,24,13,13,35,0],"gold":151,"neow_bonus":"","is_prod":false,"is_daily":false,"chose_seed":false,"campfire_upgraded":1,"win_rate":0,"timestamp":1530333841,"path_taken":["M","?","$","M","M","R","E","R","T","$","R","M","?","?","R","BOSS"],"build_version":"2018-06-28","purchased_purges":1,"victory":false,"max_hp_per_floor":[75,75,75,75,75,75,75,75,75,75,75,75,75,75,75,75],"card_choices":[{"not_picked":["Auto Shields","Go for the Eyes"],"picked":"Loop","floor":1.0},{"not_picked":["Stack","Conserve Battery"],"picked":"Fusion","floor":4.0},{"not_picked":["Turbo","Undo","Force Field"],"picked":"SKIP","floor":5.0},{"not_picked":["Darkness","Steam"],"picked":"Auto Shields","floor":7.0},{"not_picked":["Scrape","Stack","White Noise"],"picked":"SKIP","floor":12.0}],"player_experience":569002,"relics_obtained":[{"floor":7.0,"key":"Sundial"},{"floor":9.0,"key":"The Courier"}],"event_choices":[{"event_name":"Liars Game","player_choice":"disagreed","floor":2.0,"damage_taken":0.0},{"event_name":"World of Goop","player_choice":"Gather Gold","floor":13.0,"damage_taken":0.0},{"event_name":"Golden Idol","player_choice":"Ignored","floor":14.0,"damage_taken":0.0}],"boss_relics":[],"items_purged_floors":[],"is_endless":false,"potions_floor_spawned":[1,7],"killed_by":"The Guardian","ascension_level":6}