{"gold_per_floor":[111,128,128,147,147,147,147,158,182,152,170,186,186,201,201,298,298,286,286,144,164,184,184,198,123,150,150,150,50,60,71,71,167,167,179,54,54,73,0,13,33,46,71,90,90,107,140,140],"floor_reached":48,"playtime":3693,"items_purged":["Strike_G","Defend_G","Defend_G"],"score":460,"play_id":"2152a359-195d-42dc-bc6c-b78c1798efec","local_time":"20191014213306","is_ascension_mode":false,"campfire_choices":[{"data":"Footwork","floor":6.0,"key":"SMITH"},{"floor":13.0,"key":"REST"},{"data":"Catalyst","floor":15.0,"key":"SMITH"},{"data":"Crippling Poison","floor":23.0,"key":"SMITH"},{"floor":28.0,"key":"REST"},{"floor":32.0,"key":"REST"},{"floor":45,"key":"REST"}],"neow_cost":"NONE","seed_source_timestamp":103635051305700,"circlet_count":0,"master_deck":["Strike_G","Strike_G","Defend_G","Defend_G","Defend_G","Survivor","Neutralize","Acrobatics","Backflip","Footwork+1","Crippling Poison+1","Catalyst+1","Poisoned Stab","Night Terror","Dodge and Roll","Leg Sweep","Bane","Envenom","Bane+1","Bouncing Flask+1","Tools of the Trade","Dodge and Roll","Apotheosis","Noxious Fumes"],"special_seed":0,"relics":["Ring of the Snake","NeowsBlessing","Lantern","Velvet Choker","PreservedInsect","Lizard Tail","Red Mask","Regal Pillow","Anchor"],"potions_floor_usage":[44,48],"damage_taken":[{"damage":0.0,"enemies":"Cultist","floor":1.0,"turns":1.0},{"damage":0.0,"enemies":"Jaw Worm","floor":2.0,"turns":1.0},{"damage":0.0,"enemies":"Small Slimes","floor":4.0,"turns":1.0},{"damage":2.0,"enemies":"2 Fungi Beasts","floor":8.0,"turns":6.0},{"damage":0.0,"enemies":"Looter","floor":10.0,"turns":4.0},{"damage":5.0,"enemies":"Exordium Thugs","floor":11.0,"turns":7.0},{"damage":2.0,"enemies":"Exordium Wildlife","floor":12.0,"turns":9.0},{"damage":4.0,"enemies":"Large Slime","floor":14.0,"turns":10.0},{"damage":16.0,"enemies":"Hexaghost","floor":16.0,"turns":12.0},{"damage":0.0,"enemies":"2 Thieves","floor":18.0,"turns":4.0},{"damage":0.0,"enemies":"Shell Parasite","floor":21.0,"turns":6.0},{"damage":10.0,"enemies":"Centurion and Healer","floor":22.0,"turns":9.0},{"damage":14.0,"enemies":"3 Cultists","floor":24.0,"turns":6.0},{"damage":24.0,"enemies":"Sentry and Sphere","floor":30.0,"turns":11.0},{"damage":3.0,"enemies":"Shelled Parasite and Fungi","floor":31.0,"turns":5.0},{"damage":33.0,"enemies":"Champ","floor":33.0,"turns":11.0},{"damage":5.0,"enemies":"Orb Walker","floor":35.0,"turns":4.0},{"damage":10.0,"enemies":"3 Shapes","floor":38.0,"turns":5.0},{"damage":17.0,"enemies":"Jaw Worm Horde","floor":40.0,"turns":6.0},{"damage":18.0,"enemies":"3 Darklings","floor":41.0,"turns":6.0},{"damage":19,"enemies":"Transient","floor":42,"turns":5},{"damage":16,"enemies":"Jaw Worm Horde","floor":44,"turns":6},{"damage":17,"enemies":"4 Shapes","floor":46,"turns":6},{"damage":33,"enemies":"Giant Head","floor":47,"turns":8},{"damage":12,"enemies":"Sphere and 2 Shapes","floor":48,"turns":3}],"seed_played":"-5366211781535997952","potions_obtained":[{"floor":1.0,"key":"GhostInAJar"},{"floor":4.0,"key":"LiquidBronze"},{"floor":8.0,"key":"Energy Potion"},{"floor":16.0,"key":"Strength Potion"},{"floor":24.0,"key":"PowerPotion"},{"floor":30.0,"key":"Dexterity Potion"},{"floor":40.0,"key":"Energy Potion"},{"floor":44,"key":"Fire Potion"}],"is_trial":false,"path_per_floor":["M","M","?","M","?","R","?","M","T","M","M","M","R","M","R","B",null,"M","?","$","M","M","R","M","?","T","?","R","$","M","M","R","B",null,"M","$","?","M","?","M","M","M","T","M","R","M","E","M"],"character_chosen":"THE_SILENT","items_purchased":["Leg Sweep"],"campfire_rested":4,"item_purchase_floors":[20],"current_hp_per_floor":[70,70,70,70,63,63,63,61,61,61,56,54,70,66,66,50,70,70,70,70,70,60,60,46,46,46,46,67,67,43,40,61,28,70,65,65,65,55,55,38,20,1,1,26,62,45,12,0],"gold":140,"neow_bonus":"THREE_ENEMY_KILL","is_prod":false,"is_daily":false,"chose_seed":false,"campfire_upgraded":3,"win_rate":0.0,"timestamp":1571113986,"path_taken":["M","?","?","?","?","R","?","M","T","M","M","M","R","M","R","BOSS","M","?","?","M","?","R","M","?","T","?","R","$","M","M","R","BOSS","M","$","?","M","?","M","M","?","T","M","R","M","E","M"],"build_version":"2019-07-17","purchased_purges":3,"victory":false,"max_hp_per_floor":[70,70,70,70,70,70,70,70,70,70,70,70,70,70,70,70,70,70,70,70,70,70,70,70,70,70,70,70,70,70,70,70,70,70,70,70,70,70,70,70,70,70,70,70,70,70,70,70],"card_choices":[{"not_picked":["Tactician","Riddle With Holes"],"picked":"Acrobatics","floor":1.0},{"not_picked":["Dodge and Roll","Flechettes"],"picked":"Backflip","floor":2.0},{"not_picked":["Dash","Finisher"],"picked":"Footwork","floor":4.0},{"not_picked":["Outmaneuver","Dagger Throw"],"picked":"Terror","floor":8.0},{"not_picked":["Backflip","Blade Dance"],"picked":"Crippling Poison","floor":10.0},{"not_picked":["Backflip","Prepared"],"picked":"Catalyst","floor":11.0},{"not_picked":["Calculated Gamble","Blade Dance"],"picked":"Poisoned Stab","floor":12.0},{"not_picked":["Skewer","Deflect","Dagger Throw"],"picked":"SKIP","floor":14.0},{"not_picked":["Bullet Time","Wraith Form v2"],"picked":"Night Terror","floor":16.0},{"not_picked":["Footwork","Underhanded Strike"],"picked":"Dodge and Roll","floor":18.0},{"not_picked":["Crippling Poison","Tactician"],"picked":"Bane","floor":21.0},{"not_picked":["Backflip","Flying Knee"],"picked":"Envenom","floor":22.0},{"not_picked":["Dash","Crippling Poison"],"picked":"Bane+1","floor":24.0},{"not_picked":["Quick Slash","Backflip","Outmaneuver"],"picked":"SKIP","floor":30.0},{"not_picked":["Flying Knee+1","Blade Dance"],"picked":"Bouncing Flask+1","floor":31.0},{"not_picked":["Night Terror","Malaise"],"picked":"Tools of the Trade","floor":33.0},{"not_picked":["Calculated Gamble+1","Flying Knee+1"],"picked":"Dodge and Roll","floor":35.0},{"not_picked":["Mayhem","Panache"],"picked":"Apotheosis","floor":37.0},{"not_picked":["Dagger Throw","Choke+1","Blade Dance"],"picked":"SKIP","floor":38.0},{"not_picked":["PiercingWail","Blade Dance"],"picked":"Noxious Fumes","floor":40.0},{"not_picked":["Blade Dance","PiercingWail","Flechettes"],"picked":"SKIP","floor":41.0},{"not_picked":["Choke+1","PiercingWail","Footwork"],"picked":"SKIP","floor":42},{"not_picked":["Bane","Blade Dance","Eviscerate+1"],"picked":"SKIP","floor":44},{"not_picked":["Underhanded Strike+1","PiercingWail+1","Bane"],"picked":"SKIP","floor":46},{"not_picked":["Prepared","Expertise+1","Eviscerate"],"picked":"SKIP","floor":47}],"player_experience":57775,"relics_obtained":[{"floor":9.0,"key":"Lantern"},{"floor":26.0,"key":"PreservedInsect"},{"floor":43,"key":"Regal Pillow"},{"floor":47,"key":"Anchor"}],"event_choices":[{"damage_healed":0.0,"max_hp_gain":0.0,"max_hp_loss":0.0,"gold_gain":0.0,"event_name":"FaceTrader","player_choice":"Leave","floor":3.0,"gold_loss":0.0,"damage_taken":0.0},{"cards_removed":["Strike_G"],"damage_healed":0.0,"max_hp_gain":0.0,"max_hp_loss":0.0,"gold_gain":0.0,"event_name":"Golden Wing","player_choice":"Card Removal","floor":5.0,"gold_loss":0.0,"damage_taken":7.0},{"damage_healed":0.0,"max_hp_gain":0.0,"max_hp_loss":0.0,"gold_gain":0.0,"event_name":"Shining Light","player_choice":"Ignored","floor":7.0,"gold_loss":0.0,"damage_taken":0.0},{"cards_removed":["Terror"],"damage_healed":0.0,"max_hp_gain":0.0,"max_hp_loss":0.0,"gold_gain":0.0,"event_name":"Bonfire Elementals","player_choice":"Offered Uncommon","floor":19.0,"gold_loss":0.0,"damage_taken":0.0},{"cards_removed":["Strike_G"],"damage_healed":0.0,"max_hp_gain":0.0,"max_hp_loss":0.0,"gold_gain":0.0,"event_name":"Beggar","player_choice":"Gave Gold","floor":25.0,"gold_loss":75.0,"damage_taken":0.0},{"damage_healed":0.0,"max_hp_gain":0.0,"max_hp_loss":0.0,"gold_gain":0.0,"event_name":"The Mausoleum","player_choice":"Ignored","floor":27.0,"gold_loss":0.0,"damage_taken":0.0},{"damage_healed":0.0,"max_hp_gain":0.0,"max_hp_loss":0.0,"gold_gain":0.0,"event_name":"SensoryStone","player_choice":"Memory 1","floor":37.0,"gold_loss":0.0,"damage_taken":0.0},{"damage_healed":0.0,"max_hp_gain":0.0,"max_hp_loss":0.0,"gold_gain":0.0,"event_name":"Tomb of Lord Red Mask","player_choice":"Paid","floor":39.0,"gold_loss":73.0,"damage_taken":0.0,"relics_obtained":["Red Mask"]}],"is_beta":false,"boss_relics":[{"not_picked":["Ectoplasm","Philosopher\u0027s Stone"],"picked":"Velvet Choker"},{"not_picked":["Black Star","Snecko Eye"],"picked":"Lizard Tail"}],"items_purged_floors":[20,29,36],"is_endless":false,"potions_floor_spawned":[1,4,8,16,24,30,40,44,46],"killed_by":"Sphere and 2 Shapes","ascension_level":0}