{"gold_per_floor":[109,128,142,156,156,184,184,214,294,313,329,287,287],"floor_reached":13,"playtime":692,"items_purged":[],"score":102,"play_id":"7436763f-91dc-486e-bcfe-89b21cd95759","local_time":"20190831211916","is_ascension_mode":true,"campfire_choices":[{"data":"Bouncing Flask","floor":7,"key":"SMITH"}],"neow_cost":"NONE","seed_source_timestamp":99875218024100,"circlet_count":0,"master_deck":["Strike_G","Strike_G","Strike_G","Strike_G","Defend_G","Defend_G","Defend_G","Defend_G","Defend_G","Survivor","Neutralize","Terror","Deadly Poison","Cloak And Dagger","Bouncing Flask+1","Prepared","Bouncing Flask","Adrenaline","Accuracy","Noxious Fumes"],"relics":["Ring of the Snake","Kunai","Pocketwatch","The Courier"],"potions_floor_usage":[6,6,6],"damage_taken":[{"damage":2,"enemies":"Cultist","floor":1,"turns":4},{"damage":2,"enemies":"Small Slimes","floor":2,"turns":5},{"damage":0,"enemies":"2 Louse","floor":3,"turns":3},{"damage":13,"enemies":"Gremlin Gang","floor":4,"turns":6},{"damage":3,"enemies":"Lagavulin","floor":6,"turns":5},{"damage":34,"enemies":"Gremlin Nob","floor":8,"turns":5},{"damage":0,"enemies":"Large Slime","floor":10,"turns":4},{"damage":10,"enemies":"3 Louse","floor":11,"turns":4},{"damage":19,"enemies":"3 Sentries","floor":13,"turns":4}],"seed_played":"8633420316359448198","potions_obtained":[{"floor":2,"key":"SpeedPotion"},{"floor":3,"key":"SpeedPotion"},{"floor":4,"key":"Energy Potion"}],"is_trial":false,"path_per_floor":["M","M","M","M","?","E","R","E","T","M","M","?","E"],"character_chosen":"THE_SILENT","items_purchased":[],"campfire_rested":0,"item_purchase_floors":[],"current_hp_per_floor":[75,73,73,60,60,57,57,23,23,23,13,13,0],"gold":287,"neow_bonus":"TEN_PERCENT_HP_BONUS","is_prod":false,"is_daily":false,"chose_seed":false,"campfire_upgraded":1,"win_rate":0,"timestamp":1567311556,"path_taken":["M","M","?","M","?","E","R","E","T","M","?","?","E"],"build_version":"2019-08-26","purchased_purges":0,"victory":false,"max_hp_per_floor":[77,77,77,77,77,77,77,77,77,77,77,77,77],"card_choices":[{"not_picked":["Outmaneuver","Sucker Punch"],"picked":"Terror","floor":1},{"not_picked":["Cloak And Dagger","Prepared"],"picked":"Deadly Poison","floor":2},{"not_picked":["Prepared","Unload"],"picked":"Cloak And Dagger","floor":3},{"not_picked":["Backflip","Outmaneuver"],"picked":"Bouncing Flask","floor":4},{"not_picked":["Acrobatics","Underhanded Strike"],"picked":"Bouncing Flask","floor":6},{"not_picked":["Deflect","Blur"],"picked":"Adrenaline","floor":8},{"not_picked":["Concentrate","Underhanded Strike"],"picked":"Accuracy","floor":10},{"not_picked":["Endless Agony","Dagger Spray"],"picked":"Noxious Fumes","floor":11}],"player_experience":1453287,"relics_obtained":[{"floor":6,"key":"Kunai"},{"floor":8,"key":"Pocketwatch"},{"floor":9,"key":"The Courier"}],"event_choices":[{"damage_healed":0,"gold_gain":0,"cards_transformed":["Strike_G"],"player_choice":"Transformed","damage_taken":0,"max_hp_gain":0,"max_hp_loss":0,"event_name":"Transmorgrifier","floor":5,"gold_loss":0,"cards_obtained":["Prepared"]},{"damage_healed":0,"gold_gain":0,"player_choice":"Left Gold","damage_taken":0,"max_hp_gain":0,"max_hp_loss":0,"event_name":"World of Goop","floor":12,"gold_loss":42}],"is_beta":true,"boss_relics":[],"items_purged_floors":[],"is_endless":false,"potions_floor_spawned":[2,3,4],"killed_by":"3 Sentries","ascension_level":1}