{"gold_per_floor":[110,14,14,27,27,58,58,71,118,192,210,231,231,270,270,369,369,369],"floor_reached":18,"playtime":2486,"items_purged":[],"score":400,"play_id":"6e37c9e1-8070-4c2b-bd21-76f83795b7c0","local_time":"20190729192626","is_ascension_mode":true,"campfire_choices":[{"floor":7.0,"key":"REST"},{"floor":13,"key":"REST"},{"data":"Zap","floor":15,"key":"SMITH"}],"neow_cost":"NONE","seed_source_timestamp":2715076738324,"circlet_count":0,"master_deck":["AscendersBane","Strike_B","Strike_B","Strike_B","Strike_B","Defend_B","Defend_B","Defend_B","Defend_B","Zap+1","Dualcast","Coolheaded","Defragment","Barrage","Auto Shields","BootSequence","Streamline","Genetic Algorithm","Sweeping Beam","Storm","Cold Snap","Machine Learning"],"special_seed":0,"relics":["Cracked Core","NeowsBlessing","Golden Idol","Anchor","Lantern","Tiny Chest","Oddly Smooth Stone","Philosopher\u0027s Stone"],"potions_floor_usage":[14,14],"damage_taken":[{"damage":0.0,"enemies":"2 Louse","floor":1.0,"turns":1.0},{"damage":0.0,"enemies":"Cultist","floor":4.0,"turns":1.0},{"damage":0.0,"enemies":"Lagavulin","floor":6.0,"turns":2.0},{"damage":0.0,"enemies":"Jaw Worm","floor":8.0,"turns":4.0},{"damage":28,"enemies":"3 Sentries","floor":10,"turns":8},{"damage":0,"enemies":"2 Fungi Beasts","floor":11,"turns":4},{"damage":3,"enemies":"Red Slaver","floor":12,"turns":4},{"damage":5,"enemies":"Gremlin Nob","floor":14,"turns":3},{"damage":44,"enemies":"Hexaghost","floor":16,"turns":14},{"damage":24,"enemies":"Chosen","floor":18,"turns":6}],"seed_played":"-3518231088398407192","potions_obtained":[{"floor":8.0,"key":"SkillPotion"},{"floor":10,"key":"Fire Potion"},{"floor":11,"key":"PowerPotion"},{"floor":16,"key":"SteroidPotion"}],"is_trial":false,"path_per_floor":["M","$","?","M","$","E","R","M","T","E","M","M","R","E","R","B",null,"M"],"character_chosen":"DEFECT","items_purchased":["Defragment","Barrage"],"campfire_rested":2,"item_purchase_floors":[2,2],"current_hp_per_floor":[64,64,40,40,40,40,61,61,61,33,33,30,51,46,46,2,54,30],"gold":369,"neow_bonus":"THREE_ENEMY_KILL","is_prod":false,"is_daily":false,"chose_seed":false,"campfire_upgraded":1,"win_rate":0,"timestamp":1564453586,"path_taken":["M","$","?","M","$","E","R","M","T","E","M","M","R","E","R","BOSS","M"],"build_version":"2019-07-17","purchased_purges":0,"victory":false,"max_hp_per_floor":[71,71,71,71,71,71,71,71,71,71,71,71,71,71,71,71,71,71],"card_choices":[{"not_picked":["Turbo","Redo"],"picked":"Coolheaded","floor":1.0},{"not_picked":["Heatsinks","Reprogram"],"picked":"Auto Shields","floor":4.0},{"not_picked":["Lockon","Steam"],"picked":"BootSequence","floor":6.0},{"not_picked":["Doom and Gloom","Coolheaded"],"picked":"Streamline","floor":8.0},{"not_picked":["Meteor Strike","Rebound"],"picked":"Genetic Algorithm","floor":10},{"not_picked":["Coolheaded","Chill"],"picked":"Sweeping Beam","floor":11},{"not_picked":["Hologram","Redo"],"picked":"Storm","floor":12},{"not_picked":["Doom and Gloom","Darkness"],"picked":"Cold Snap","floor":14},{"not_picked":["Meteor Strike","Reboot"],"picked":"Machine Learning","floor":16}],"player_experience":2415535,"relics_obtained":[{"floor":6.0,"key":"Anchor"},{"floor":9.0,"key":"Lantern"},{"floor":10,"key":"Tiny Chest"},{"floor":14,"key":"Oddly Smooth Stone"}],"event_choices":[{"damage_healed":0.0,"max_hp_gain":0.0,"max_hp_loss":0.0,"gold_gain":0.0,"event_name":"Golden Idol","player_choice":"Take Damage","floor":3.0,"gold_loss":0.0,"damage_taken":24.0,"relics_obtained":["Golden Idol"]}],"is_beta":false,"boss_relics":[{"not_picked":["Calling Bell","Cursed Key"],"picked":"Philosopher\u0027s Stone"}],"items_purged_floors":[],"is_endless":false,"potions_floor_spawned":[8,10,11,16],"killed_by":"Chosen","ascension_level":19}