{"gold_per_floor":[17,33,49,49,60,85,85,100,124,124,137,137,164,115,115,211,211,225,225,235,45,64,64,64,64,118,150,150,163,182,197,197,197],"floor_reached":33,"playtime":4325,"items_purged":[],"score":304,"play_id":"b90a974c-027f-4e73-81d6-8be23e6de91d","local_time":"20191013003311","is_ascension_mode":false,"campfire_choices":[{"floor":7,"key":"REST"},{"floor":15,"key":"REST"},{"floor":23,"key":"REST"},{"floor":32,"key":"REST"}],"neow_cost":"NO_GOLD","seed_source_timestamp":400420784827600,"circlet_count":0,"master_deck":["Strike_R","Strike_R","Strike_R","Strike_R","Strike_R","Defend_R","Defend_R","Defend_R","Defend_R+1","Bash","Body Slam","Clash","True Grit+1","Heavy Blade","Shrug It Off","Iron Wave+1","Pommel Strike","Thunderclap","Demon Form","Rage","Anger+1","Wild Strike","Writhe","Wild Strike","Wild Strike","Sword Boomerang+1","Ghostly Armor+1"],"relics":["Burning Blood","Blood Vial","Art of War","War Paint","Fusion Hammer","HandDrill","PreservedInsect","Oddly Smooth Stone","Bottled Lightning"],"potions_floor_usage":[27,29,33],"damage_taken":[{"damage":5,"enemies":"Cultist","floor":1,"turns":4},{"damage":15,"enemies":"Jaw Worm","floor":2,"turns":4},{"damage":0,"enemies":"Small Slimes","floor":3,"turns":3},{"damage":10,"enemies":"Looter","floor":5,"turns":3},{"damage":52,"enemies":"3 Sentries","floor":6,"turns":10},{"damage":0,"enemies":"Exordium Wildlife","floor":8,"turns":3},{"damage":0,"enemies":"3 Louse","floor":11,"turns":4},{"damage":26,"enemies":"Lagavulin","floor":13,"turns":7},{"damage":54,"enemies":"Slime Boss","floor":16,"turns":15},{"damage":18,"enemies":"3 Byrds","floor":18,"turns":7},{"damage":6,"enemies":"Shell Parasite","floor":20,"turns":3},{"damage":19,"enemies":"Centurion and Healer","floor":22,"turns":5},{"damage":44,"enemies":"Book of Stabbing","floor":27,"turns":5},{"damage":41,"enemies":"Colosseum Slavers","floor":28,"turns":6},{"damage":23,"enemies":"Cultist and Chosen","floor":29,"turns":8},{"damage":19,"enemies":"Snake Plant","floor":30,"turns":4},{"damage":9,"enemies":"Centurion and Healer","floor":31,"turns":6},{"damage":67,"enemies":"Automaton","floor":33,"turns":6}],"seed_played":"3161284321969577694","potions_obtained":[{"floor":1,"key":"FairyPotion"},{"floor":2,"key":"Swift Potion"},{"floor":5,"key":"Weak Potion"},{"floor":22,"key":"Block Potion"},{"floor":31,"key":"Energy Potion"}],"is_trial":false,"path_per_floor":["M","M","M","?","M","E","R","M","T","?","M","$","E","?","R","B",null,"M","?","M","$","M","R","?","$","T","E","?","M","M","M","R","B"],"character_chosen":"IRONCLAD","items_purchased":["HandDrill"],"campfire_rested":4,"item_purchase_floors":[21],"current_hp_per_floor":[96,87,93,93,89,43,71,79,79,79,87,87,69,69,96,48,96,84,84,86,86,75,96,96,96,96,58,25,10,8,7,35,0],"gold":197,"neow_bonus":"TWENTY_PERCENT_HP_BONUS","is_prod":false,"is_daily":false,"chose_seed":false,"campfire_upgraded":0,"win_rate":0,"timestamp":1570944791,"path_taken":["M","M","?","?","M","E","R","M","T","?","M","$","E","?","R","BOSS","M","?","M","$","M","R","?","?","T","E","?","M","?","M","R","BOSS"],"build_version":"2019-07-17","purchased_purges":0,"victory":false,"max_hp_per_floor":[96,96,96,96,96,96,96,96,96,96,96,96,96,96,96,96,96,96,96,96,96,96,96,96,96,96,96,96,96,96,96,96,96],"card_choices":[{"not_picked":["Intimidate","Cleave"],"picked":"Body Slam","floor":1},{"not_picked":["Body Slam","Warcry"],"picked":"Clash","floor":2},{"not_picked":["Shrug It Off","Twin Strike"],"picked":"True Grit","floor":3},{"not_picked":["Clash","Body Slam"],"picked":"Heavy Blade","floor":5},{"not_picked":["Dark Embrace","Flex"],"picked":"Shrug It Off","floor":6},{"not_picked":["Shockwave","Clash"],"picked":"Iron Wave","floor":8},{"not_picked":["Second Wind","Flex"],"picked":"Pommel Strike","floor":11},{"not_picked":["Whirlwind","Warcry"],"picked":"Thunderclap","floor":13},{"not_picked":["Barricade","Dark Embrace"],"picked":"Demon Form","floor":16},{"not_picked":["Pummel","Sword Boomerang+1"],"picked":"Rage","floor":18},{"not_picked":["True Grit","Twin Strike"],"picked":"Anger+1","floor":20},{"not_picked":["Perfected Strike","Searing Blow"],"picked":"Wild Strike","floor":22},{"not_picked":["Combust","Heavy Blade"],"picked":"Wild Strike","floor":27},{"not_picked":["Heavy Blade+1","Havoc+1"],"picked":"Wild Strike","floor":29},{"not_picked":["Armaments","True Grit"],"picked":"Sword Boomerang+1","floor":30},{"not_picked":["Immolate","Pommel Strike"],"picked":"Ghostly Armor+1","floor":31}],"player_experience":121058,"relics_obtained":[{"floor":6,"key":"Blood Vial"},{"floor":9,"key":"Art of War"},{"floor":13,"key":"War Paint"},{"floor":26,"key":"Oddly Smooth Stone"},{"floor":27,"key":"Bottled Lightning"}],"event_choices":[{"damage_healed":0,"gold_gain":0,"player_choice":"Ignored","damage_taken":0,"max_hp_gain":0,"max_hp_loss":0,"event_name":"Shining Light","floor":4,"gold_loss":0},{"damage_healed":0,"gold_gain":0,"player_choice":"Grow","damage_taken":0,"max_hp_gain":0,"max_hp_loss":0,"event_name":"Living Wall","floor":10,"gold_loss":0,"cards_upgraded":["Iron Wave"]},{"damage_healed":0,"gold_gain":0,"player_choice":"Left Gold","damage_taken":0,"max_hp_gain":0,"max_hp_loss":0,"event_name":"World of Goop","floor":14,"gold_loss":49},{"damage_healed":0,"gold_gain":0,"player_choice":"Ignored","damage_taken":0,"max_hp_gain":0,"max_hp_loss":0,"event_name":"Ghosts","floor":19,"gold_loss":0},{"damage_healed":0,"gold_gain":0,"player_choice":"Opened","damage_taken":0,"relics_obtained":["PreservedInsect"],"max_hp_gain":0,"max_hp_loss":0,"event_name":"The Mausoleum","floor":24,"gold_loss":0,"cards_obtained":["Writhe"]},{"damage_healed":0,"gold_gain":0,"player_choice":"Fight","damage_taken":0,"max_hp_gain":0,"max_hp_loss":0,"event_name":"Colosseum","floor":28,"gold_loss":0},{"damage_healed":0,"gold_gain":0,"player_choice":"Fled From Nobs","damage_taken":0,"max_hp_gain":0,"max_hp_loss":0,"event_name":"Colosseum","floor":28,"gold_loss":0}],"is_beta":false,"boss_relics":[{"not_picked":["Runic Pyramid","Ectoplasm"],"picked":"Fusion Hammer"}],"items_purged_floors":[],"is_endless":false,"potions_floor_spawned":[1,2,5,13,16,20,22,28,31],"killed_by":"Automaton","ascension_level":0}