{"gold_per_floor":[109,21,21,40,55,88,88,111,111,137,137,149,179,191,203,286,298,327,317,339,351],"floor_reached":21,"playtime":1371,"items_purged":[],"score":388,"play_id":"414e476c-11d9-4b0f-8afd-9749fbd7d347","local_time":"20190727104125","is_ascension_mode":true,"campfire_choices":[{"floor":7,"key":"REST"},{"floor":11,"key":"REST"},{"data":"Zap","floor":15,"key":"SMITH"}],"neow_cost":"NONE","seed_source_timestamp":922947195841360,"circlet_count":0,"master_deck":["AscendersBane","Strike_B","Strike_B","Strike_B","Strike_B","Defend_B","Defend_B","Defend_B","Defend_B","Zap+1","Dualcast","Defragment","Defragment","Conserve Battery","Chaos","Self Repair","Hologram","Barrage","Echo Form","Glacier","Capacitor+1","Loop"],"relics":["Cracked Core","Boot","Torii","Oddly Smooth Stone","Sundial","Symbiotic Virus","MawBank","Nuclear Battery"],"potions_floor_usage":[10,12,13,19],"damage_taken":[{"damage":2,"enemies":"Jaw Worm","floor":1,"turns":4},{"damage":2,"enemies":"Cultist","floor":4,"turns":4},{"damage":7,"enemies":"Small Slimes","floor":5,"turns":4},{"damage":42,"enemies":"3 Sentries","floor":6,"turns":9},{"damage":32,"enemies":"Gremlin Nob","floor":10,"turns":4},{"damage":0,"enemies":"Gremlin Gang","floor":12,"turns":3},{"damage":37,"enemies":"3 Sentries","floor":13,"turns":8},{"damage":23,"enemies":"The Guardian","floor":16,"turns":12},{"damage":30,"enemies":"3 Byrds","floor":18,"turns":4},{"damage":18,"enemies":"2 Thieves","floor":19,"turns":4},{"damage":12,"enemies":"Sentry and Sphere","floor":20,"turns":9},{"damage":35,"enemies":"Centurion and Healer","floor":21,"turns":6}],"seed_played":"-4050189289230184191","potions_obtained":[{"floor":4,"key":"SpeedPotion"},{"floor":6,"key":"Strength Potion"},{"floor":10,"key":"Explosive Potion"},{"floor":12,"key":"FocusPotion"},{"floor":13,"key":"Dexterity Potion"},{"floor":19,"key":"FocusPotion"}],"is_trial":false,"path_per_floor":["M","$","?","M","M","E","R","T","T","E","R","M","E","?","R","B",null,"M","M","M","M"],"character_chosen":"DEFECT","items_purchased":["Defragment"],"campfire_rested":2,"item_purchase_floors":[2],"current_hp_per_floor":[69,69,69,67,60,18,41,41,41,9,32,39,9,78,78,62,74,51,40,35,0],"gold":351,"neow_bonus":"TEN_PERCENT_HP_BONUS","is_prod":false,"is_daily":false,"chose_seed":false,"campfire_upgraded":1,"win_rate":0,"timestamp":1564249285,"path_taken":["M","$","?","?","M","E","R","?","T","E","R","?","E","?","R","BOSS","M","?","?","M"],"build_version":"2019-07-17","purchased_purges":0,"victory":false,"max_hp_per_floor":[78,78,78,78,78,78,78,78,78,78,78,78,78,78,78,78,78,78,78,78,78],"card_choices":[{"not_picked":["Streamline","Compile Driver"],"picked":"Defragment","floor":1},{"not_picked":["Self Repair","Barrage"],"picked":"Conserve Battery","floor":4},{"not_picked":["Go for the Eyes","Tempest"],"picked":"Genetic Algorithm","floor":5},{"not_picked":["Skim","Fission"],"picked":"Chaos","floor":6},{"not_picked":["Doom and Gloom","Leap"],"picked":"Self Repair","floor":10},{"not_picked":["Gash","Tempest"],"picked":"Hologram","floor":12},{"not_picked":["Conserve Battery","Leap"],"picked":"Barrage","floor":13},{"not_picked":["Core Surge","All For One"],"picked":"Echo Form","floor":16},{"not_picked":["Gash+1","Double Energy"],"picked":"Glacier","floor":18},{"not_picked":["BootSequence","Hologram"],"picked":"Capacitor+1","floor":19},{"not_picked":["Streamline+1","Beam Cell"],"picked":"Loop","floor":20}],"player_experience":2374810,"relics_obtained":[{"floor":3,"key":"Boot"},{"floor":6,"key":"Torii"},{"floor":8,"key":"Oddly Smooth Stone"},{"floor":9,"key":"Sundial"},{"floor":10,"key":"Symbiotic Virus"},{"floor":13,"key":"MawBank"}],"event_choices":[{"damage_healed":0,"gold_gain":0,"player_choice":"Relic","damage_taken":0,"max_hp_gain":0,"max_hp_loss":0,"event_name":"Wheel of Change","floor":3,"gold_loss":0},{"cards_removed":["Genetic Algorithm"],"damage_healed":69,"gold_gain":0,"player_choice":"Offered Uncommon","damage_taken":0,"max_hp_gain":0,"max_hp_loss":0,"event_name":"Bonfire Elementals","floor":14,"gold_loss":0}],"is_beta":false,"boss_relics":[{"not_picked":["Philosopher\u0027s Stone","Fusion Hammer"],"picked":"Nuclear Battery"}],"items_purged_floors":[],"is_endless":false,"potions_floor_spawned":[4,6,10,12,13,18,19],"killed_by":"Centurion and Healer","ascension_level":19}