{"gold_per_floor":[115,115,132,149,10,10,27,27,51,69,82,97,112,127,127,225,275,291,306,306,318,330,330,342,342,342,342,354,354],"floor_reached":29,"playtime":6704,"items_purged":[],"score":225,"play_id":"8eec3f52-d580-4d79-a180-91f55e8722f7","local_time":"20191014205410","is_ascension_mode":false,"campfire_choices":[{"data":"Multi-Cast","floor":6.0,"key":"SMITH"},{"floor":15.0,"key":"REST"},{"floor":23.0,"key":"REST"},{"floor":25,"key":"REST"},{"floor":27,"key":"REST"}],"neow_cost":"NONE","seed_source_timestamp":0,"circlet_count":0,"master_deck":["Strike_B","Strike_B","Strike_B","Strike_B","Defend_B","Defend_B","Defend_B","Defend_B","Zap+1","Dualcast","Ball Lightning","Self Repair","Conserve Battery","Conserve Battery","Multi-Cast+1","Static Discharge","Consume","Heatsinks","Double Energy","Conserve Battery","Rainbow","Double Energy","Biased Cognition","Leap","Barrage","Coolheaded","Flash of Steel","Hello World","Self Repair","Undo","Force Field"],"special_seed":0,"relics":["Cracked Core","Lantern","Tiny House","Potion Belt"],"potions_floor_usage":[],"damage_taken":[{"damage":0.0,"enemies":"Jaw Worm","floor":1.0,"turns":3.0},{"damage":12.0,"enemies":"Small Slimes","floor":3.0,"turns":3.0},{"damage":0.0,"enemies":"Cultist","floor":4.0,"turns":4.0},{"damage":13.0,"enemies":"Looter","floor":7.0,"turns":3.0},{"damage":2.0,"enemies":"Red Slaver","floor":10.0,"turns":3.0},{"damage":21.0,"enemies":"Large Slime","floor":11.0,"turns":5.0},{"damage":0.0,"enemies":"Exordium Wildlife","floor":12.0,"turns":1.0},{"damage":8.0,"enemies":"2 Fungi Beasts","floor":13.0,"turns":4.0},{"damage":7.0,"enemies":"3 Louse","floor":14.0,"turns":5.0},{"damage":43.0,"enemies":"Slime Boss","floor":16.0,"turns":10.0},{"damage":17.0,"enemies":"3 Byrds","floor":18.0,"turns":4.0},{"damage":3.0,"enemies":"Shell Parasite","floor":19.0,"turns":5.0},{"damage":22.0,"enemies":"Centurion and Healer","floor":21.0,"turns":9.0},{"damage":31.0,"enemies":"Shelled Parasite and Fungi","floor":22.0,"turns":8.0},{"damage":31.0,"enemies":"Cultist and Chosen","floor":24.0,"turns":8.0},{"damage":19,"enemies":"Snake Plant","floor":28,"turns":3},{"damage":57,"enemies":"Slavers","floor":29,"turns":3}],"seed_played":"5197385742169445020","potions_obtained":[{"floor":3.0,"key":"SkillPotion"},{"floor":4.0,"key":"SkillPotion"},{"floor":7.0,"key":"Dexterity Potion"},{"floor":8.0,"key":"PowerPotion"},{"floor":16.0,"key":"SneckoOil"},{"floor":17.0,"key":"AttackPotion"},{"floor":19.0,"key":"FearPotion"}],"is_trial":false,"path_per_floor":["M","?","M","M","$","R","M","?","T","M","M","M","M","M","R","B",null,"M","M","?","M","M","R","M","R","T","R","M","E"],"character_chosen":"DEFECT","items_purchased":["Multi-Cast","Static Discharge"],"campfire_rested":4,"item_purchase_floors":[5,5],"current_hp_per_floor":[75,75,70,75,75,75,69,69,69,67,53,53,52,52,74,31,80,70,74,58,43,12,36,19,43,43,67,48,0],"gold":354,"neow_bonus":"THREE_CARDS","is_prod":false,"is_daily":false,"chose_seed":false,"campfire_upgraded":1,"win_rate":0,"timestamp":1571082850,"path_taken":["M","?","M","M","$","R","M","?","T","M","M","?","M","M","R","BOSS","M","M","?","M","M","R","?","R","T","R","M","E"],"build_version":"2019-07-17","purchased_purges":0,"victory":false,"max_hp_per_floor":[75,75,75,75,75,75,75,75,75,75,75,75,75,75,75,75,80,80,80,80,80,80,80,80,80,80,80,80,80],"card_choices":[{"not_picked":["Beam Cell","Stack"],"picked":"Ball Lightning","floor":0.0},{"not_picked":["Compile Driver","Conserve Battery"],"picked":"Self Repair","floor":1.0},{"not_picked":["Steam","Ball Lightning"],"picked":"Conserve Battery","floor":3.0},{"not_picked":["Sweeping Beam","Steam"],"picked":"Conserve Battery","floor":4.0},{"not_picked":["Streamline","Steam"],"picked":"Consume","floor":7.0},{"not_picked":["Streamline","Storm"],"picked":"Heatsinks","floor":10.0},{"not_picked":["Streamline","Lockon"],"picked":"Double Energy","floor":11.0},{"not_picked":["Steam","Ball Lightning"],"picked":"Conserve Battery","floor":12.0},{"not_picked":["Lockon","Sweeping Beam"],"picked":"Rainbow","floor":13.0},{"not_picked":["Barrage","Scrape"],"picked":"Double Energy","floor":14.0},{"not_picked":["Echo Form","Buffer"],"picked":"Biased Cognition","floor":16.0},{"not_picked":["Reprogram","Ball Lightning"],"picked":"Leap","floor":17.0},{"not_picked":["Gash","Ball Lightning"],"picked":"Barrage","floor":18.0},{"not_picked":["Beam Cell","Amplify"],"picked":"Coolheaded","floor":19.0},{"not_picked":["Tempest","Beam Cell"],"picked":"Hello World","floor":21.0},{"not_picked":["Melter","Conserve Battery"],"picked":"Self Repair","floor":22.0},{"not_picked":["Gash","Skim"],"picked":"Undo","floor":24.0},{"not_picked":["Leap","Streamline"],"picked":"Force Field","floor":28}],"player_experience":68314,"relics_obtained":[{"floor":9.0,"key":"Lantern"},{"floor":26,"key":"Potion Belt"}],"event_choices":[{"damage_healed":0.0,"max_hp_gain":0.0,"max_hp_loss":0.0,"gold_gain":0.0,"event_name":"Liars Game","player_choice":"Ignored","floor":2.0,"gold_loss":0.0,"damage_taken":0.0},{"damage_healed":0.0,"max_hp_gain":0.0,"max_hp_loss":0.0,"gold_gain":0.0,"event_name":"Lab","player_choice":"Got Potions","floor":8.0,"gold_loss":0.0,"damage_taken":0.0},{"damage_healed":0.0,"max_hp_gain":0.0,"max_hp_loss":0.0,"gold_gain":0.0,"event_name":"Knowing Skull","player_choice":"CARD ","floor":20.0,"potions_obtained":[],"gold_loss":0.0,"damage_taken":16.0,"cards_obtained":["Flash of Steel"]}],"is_beta":false,"boss_relics":[{"not_picked":["Calling Bell","Runic Dome"],"picked":"Tiny House"}],"items_purged_floors":[],"is_endless":false,"potions_floor_spawned":[3,4,7,16,18,19,21],"killed_by":"Slavers","ascension_level":0}