{"gold_per_floor":[114,114,114,114,128,159,179,179,202,202,235,13,13,26,26,150,150,173,197,97,113,138,178,103,117,141,141,157,157,157,171,171,294,294,312,328,328,353,75,109,123,123,170,170,188,188,227,248,248,248],"floor_reached":51,"playtime":3640,"items_purged":["Defend_G","Defend_G","Outmaneuver"],"score":948,"play_id":"79916f44-5ad8-4523-ab47-e258c5f94ff8","local_time":"20191015164708","is_ascension_mode":true,"campfire_choices":[{"data":"All Out Attack","floor":8,"key":"SMITH"},{"data":"Leg Sweep","floor":10,"key":"SMITH"},{"floor":13,"key":"REST"},{"data":"Backflip","floor":15,"key":"SMITH"},{"floor":27,"key":"REST"},{"data":"A Thousand Cuts","floor":30,"key":"SMITH"},{"floor":32,"key":"REST"},{"floor":42,"key":"REST"},{"data":"Caltrops","floor":44,"key":"SMITH"},{"floor":46,"key":"REST"},{"floor":49,"key":"REST"}],"neow_cost":"NONE","seed_source_timestamp":488268773210600,"circlet_count":0,"master_deck":["Survivor","Neutralize+1","Calculated Gamble","Backstab","Leg Sweep+1","All Out Attack+1","Backflip+1","Heel Hook","Slice","After Image","Dagger Throw+1","Backflip+1","Caltrops+1","Escape Plan","A Thousand Cuts+1","Flying Knee+1","Outmaneuver+1","Die Die Die","Infinite Blades+1","Glass Knife+1","Setup","Sucker Punch","Expertise","Dodge and Roll","Die Die Die+1","Dodge and Roll+1","Dodge and Roll+1","Quick Slash+1","Cloak And Dagger+1","Quick Slash+1","Dash+1","Pain","Calculated Gamble+1","Backstab","Acrobatics+1"],"relics":["Ring of the Snake","NeowsBlessing","Golden Idol","Potion Belt","Orichalcum","Dream Catcher","Vajra","Cursed Key","Strawberry","Snake Skull","MutagenicStrength","Pandora\u0027s Box","Spirit Poop","Whetstone","Gremlin Horn","Oddly Smooth Stone","Pocketwatch"],"potions_floor_usage":[16,23,33,33,36,45,50,50,50,50],"damage_taken":[{"damage":0,"enemies":"Jaw Worm","floor":1,"turns":1},{"damage":0,"enemies":"Small Slimes","floor":5,"turns":1},{"damage":0,"enemies":"3 Sentries","floor":6,"turns":2},{"damage":0,"enemies":"2 Louse","floor":7,"turns":2},{"damage":30,"enemies":"Gremlin Nob","floor":11,"turns":6},{"damage":0,"enemies":"Looter","floor":14,"turns":2},{"damage":18,"enemies":"Hexaghost","floor":16,"turns":12},{"damage":0,"enemies":"3 Byrds","floor":18,"turns":6},{"damage":5,"enemies":"Spheric Guardian","floor":19,"turns":4},{"damage":0,"enemies":"3 Cultists","floor":21,"turns":4},{"damage":6,"enemies":"Snake Plant","floor":22,"turns":5},{"damage":19,"enemies":"Gremlin Leader","floor":23,"turns":7},{"damage":0,"enemies":"Centurion and Healer","floor":25,"turns":5},{"damage":14,"enemies":"Chosen and Byrds","floor":28,"turns":7},{"damage":5,"enemies":"Snake Plant","floor":31,"turns":4},{"damage":40,"enemies":"Champ","floor":33,"turns":13},{"damage":13,"enemies":"3 Shapes","floor":35,"turns":6},{"damage":6,"enemies":"3 Darklings","floor":36,"turns":3},{"damage":4,"enemies":"Transient","floor":38,"turns":5},{"damage":5,"enemies":"Nemesis","floor":40,"turns":7},{"damage":6,"enemies":"Sphere and 2 Shapes","floor":41,"turns":4},{"damage":21,"enemies":"Spire Growth","floor":45,"turns":5},{"damage":6,"enemies":"Reptomancer","floor":47,"turns":6},{"damage":3,"enemies":"Writhing Mass","floor":48,"turns":7},{"damage":58,"enemies":"Donu and Deca","floor":50,"turns":10}],"seed_played":"3040504717712516449","potions_obtained":[{"floor":1,"key":"SteroidPotion"},{"floor":5,"key":"PowerPotion"},{"floor":11,"key":"GamblersBrew"},{"floor":14,"key":"GhostInAJar"},{"floor":19,"key":"GamblersBrew"},{"floor":21,"key":"Ancient Potion"},{"floor":23,"key":"Energy Potion"},{"floor":31,"key":"Explosive Potion"},{"floor":33,"key":"AttackPotion"},{"floor":40,"key":"Regen Potion"},{"floor":41,"key":"Block Potion"}],"is_trial":false,"path_per_floor":["M","?","?","?","M","E","M","R","T","R","E","$","R","M","R","B",null,"M","M","$","M","M","E","?","M","T","R","M","?","R","M","R","B",null,"M","M","?","M","$","E","M","R","T","R","M","R","E","M","R","B",null],"character_chosen":"THE_SILENT","items_purchased":["Vajra","Whetstone"],"campfire_rested":6,"item_purchase_floors":[12,39],"current_hp_per_floor":[70,65,58,45,45,45,45,45,45,45,15,15,34,34,34,16,53,53,48,48,48,42,30,30,30,30,51,37,37,37,32,53,13,57,44,38,38,34,34,29,23,44,44,44,32,53,47,44,65,7],"gold":248,"neow_bonus":"THREE_ENEMY_KILL","is_prod":false,"is_daily":false,"chose_seed":false,"campfire_upgraded":5,"win_rate":0,"timestamp":1571172428,"path_taken":["M","?","?","?","M","E","M","R","T","R","E","$","R","M","R","BOSS","M","M","$","M","M","E","?","M","T","R","M","?","R","M","R","BOSS","M","M","?","M","$","E","?","R","T","R","M","R","E","M","R","BOSS"],"build_version":"2019-07-17","purchased_purges":3,"victory":true,"max_hp_per_floor":[70,65,65,65,65,65,65,65,65,65,65,65,65,65,65,65,65,65,65,65,65,65,72,72,72,72,72,72,72,72,72,72,72,72,72,72,72,72,72,72,72,72,72,72,72,72,72,72,72,72],"card_choices":[{"not_picked":["Heel Hook","Setup"],"picked":"Calculated Gamble","floor":1},{"not_picked":["Acrobatics","Underhanded Strike"],"picked":"Backstab","floor":5},{"not_picked":["Concentrate","Doppelganger"],"picked":"Leg Sweep","floor":6},{"not_picked":["Caltrops","Setup"],"picked":"All Out Attack","floor":7},{"not_picked":["Prepared","Dagger Spray"],"picked":"Backflip","floor":11},{"not_picked":["Deadly Poison","Dagger Spray"],"picked":"Heel Hook","floor":13},{"not_picked":["Quick Slash","Flying Knee"],"picked":"Slice","floor":14},{"not_picked":["Malaise","Grand Finale"],"picked":"After Image","floor":16},{"not_picked":["Acrobatics","Poisoned Stab"],"picked":"Dagger Throw+1","floor":18},{"not_picked":["Dagger Throw","Bane+1"],"picked":"Backflip+1","floor":19},{"not_picked":["Eviscerate","Expertise"],"picked":"Caltrops","floor":21},{"not_picked":["Tactician","Dagger Throw"],"picked":"Escape Plan","floor":22},{"not_picked":["Corpse Explosion","PiercingWail"],"picked":"A Thousand Cuts","floor":23},{"not_picked":["Deadly Poison","All Out Attack"],"picked":"Flying Knee+1","floor":25},{"not_picked":["Concentrate","Deflect"],"picked":"Outmaneuver+1","floor":27},{"not_picked":["Backflip+1","PiercingWail","Masterful Stab+1"],"picked":"SKIP","floor":28},{"not_picked":["Backflip+1","Distraction+1"],"picked":"Die Die Die","floor":31},{"not_picked":["Backflip","Quick Slash"],"picked":"Infinite Blades+1","floor":32},{"not_picked":["Venomology","Wraith Form v2"],"picked":"Glass Knife","floor":33},{"not_picked":["Prepared","Outmaneuver"],"picked":"Dodge and Roll+1","floor":35},{"not_picked":["Blade Dance","Predator+1"],"picked":"Dodge and Roll+1","floor":36},{"not_picked":["Flying Knee","Blade Dance"],"picked":"Quick Slash+1","floor":38},{"not_picked":["Outmaneuver","Flying Knee"],"picked":"Cloak And Dagger+1","floor":40},{"not_picked":["Dagger Spray","Outmaneuver"],"picked":"Quick Slash+1","floor":41},{"not_picked":["PiercingWail","Poisoned Stab+1"],"picked":"Dash+1","floor":42},{"not_picked":["Slice+1","Grand Finale","Crippling Poison"],"picked":"SKIP","floor":45},{"not_picked":["Underhanded Strike","PiercingWail"],"picked":"Calculated Gamble+1","floor":46},{"not_picked":["Dodge and Roll","Poisoned Stab"],"picked":"Backstab","floor":47},{"not_picked":["Deflect","Dodge and Roll"],"picked":"Acrobatics+1","floor":48}],"player_experience":394463,"relics_obtained":[{"floor":6,"key":"Potion Belt"},{"floor":9,"key":"Orichalcum"},{"floor":11,"key":"Dream Catcher"},{"floor":23,"key":"Strawberry"},{"floor":26,"key":"Snake Skull"},{"floor":40,"key":"Gremlin Horn"},{"floor":43,"key":"Oddly Smooth Stone"},{"floor":47,"key":"Pocketwatch"}],"event_choices":[{"damage_healed":0,"gold_gain":0,"player_choice":"Lose Max HP","damage_taken":0,"relics_obtained":["Golden Idol"],"max_hp_gain":0,"max_hp_loss":5,"event_name":"Golden Idol","floor":2,"gold_loss":0},{"cards_removed":["Strike_G"],"damage_healed":0,"gold_gain":0,"player_choice":"Card Removal","damage_taken":7,"max_hp_gain":0,"max_hp_loss":0,"event_name":"Golden Wing","floor":3,"gold_loss":0},{"damage_healed":0,"gold_gain":0,"player_choice":"Entered Light","damage_taken":13,"max_hp_gain":0,"max_hp_loss":0,"event_name":"Shining Light","floor":4,"gold_loss":0,"cards_upgraded":["Defend_G","Neutralize"]},{"cards_removed":["Strike_G"],"damage_healed":0,"gold_gain":0,"player_choice":"Gave Gold","damage_taken":0,"max_hp_gain":0,"max_hp_loss":0,"event_name":"Beggar","floor":24,"gold_loss":75},{"damage_healed":0,"gold_gain":0,"player_choice":"Inject Mutagens","damage_taken":0,"relics_obtained":["MutagenicStrength"],"max_hp_gain":0,"max_hp_loss":0,"event_name":"Drug Dealer","floor":29,"gold_loss":0},{"cards_removed":["Pain"],"damage_healed":0,"gold_gain":0,"player_choice":"Offered Curse","damage_taken":0,"relics_obtained":["Spirit Poop"],"max_hp_gain":0,"max_hp_loss":0,"event_name":"Bonfire Elementals","floor":37,"gold_loss":0}],"is_beta":false,"boss_relics":[{"not_picked":["HoveringKite","Snecko Eye"],"picked":"Cursed Key"},{"not_picked":["Lizard Tail","Calling Bell"],"picked":"Pandora\u0027s Box"}],"items_purged_floors":[12,20,39],"is_endless":false,"potions_floor_spawned":[1,5,11,14,19,21,23,31,33,40,41],"ascension_level":5}