{"gold_per_floor":[116,116,136,136,136,136,161,38,38,38,38,58,77,89,89,163,163,180,190,88,88,108,108,127,127,202,302,302],"floor_reached":28,"playtime":1330,"items_purged":["Dualcast","Strike_B"],"score":425,"play_id":"24f31cb7-6ff3-4b6f-ad48-9efc42d51a0a","local_time":"20190518152323","is_ascension_mode":true,"campfire_choices":[{"data":"Zap","floor":6.0,"key":"SMITH"},{"data":"Defragment","floor":10.0,"key":"SMITH"},{"data":"Hologram","floor":15.0,"key":"SMITH"},{"data":"Coolheaded","floor":23.0,"key":"SMITH"},{"data":"Turbo","floor":25.0,"key":"SMITH"}],"neow_cost":"NONE","seed_source_timestamp":0,"circlet_count":0,"master_deck":["AscendersBane","Strike_B","Strike_B","Strike_B","Defend_B","Defend_B","Defend_B","Defend_B","Zap+1","Glacier","Streamline","Defragment+1","Self Repair","Sunder","Coolheaded+1","Hologram+1","Electrodynamics","Turbo+1","Ball Lightning","Loop"],"special_seed":0,"relics":["Cracked Core","NeowsBlessing","Smiling Mask","Pen Nib","Coffee Dripper","MutagenicStrength","Kunai","FossilizedHelix","Pantograph"],"potions_floor_usage":[],"damage_taken":[{"damage":0.0,"enemies":"2 Louse","floor":1.0,"turns":1.0},{"damage":0.0,"enemies":"Cultist","floor":3.0,"turns":1.0},{"damage":0.0,"enemies":"Gremlin Nob","floor":7.0,"turns":1.0},{"damage":0.0,"enemies":"Jaw Worm","floor":12.0,"turns":4.0},{"damage":6.0,"enemies":"Blue Slaver","floor":13.0,"turns":4.0},{"damage":0.0,"enemies":"Exordium Thugs","floor":14.0,"turns":4.0},{"damage":5.0,"enemies":"Slime Boss","floor":16.0,"turns":10.0},{"damage":9.0,"enemies":"2 Thieves","floor":18.0,"turns":4.0},{"damage":0.0,"enemies":"Shell Parasite","floor":19.0,"turns":5.0},{"damage":7.0,"enemies":"3 Cultists","floor":22.0,"turns":3.0},{"damage":10.0,"enemies":"Snake Plant","floor":24.0,"turns":5.0},{"damage":22.0,"enemies":"Colosseum Slavers","floor":27.0,"turns":3.0},{"damage":44.0,"enemies":"Colosseum Nobs","floor":27.0,"turns":5.0},{"damage":0,"enemies":"Book of Stabbing","floor":28,"turns":2}],"seed_played":"-7858408035962622057","potions_obtained":[{"floor":3.0,"key":"Fire Potion"},{"floor":12.0,"key":"AttackPotion"},{"floor":18.0,"key":"Explosive Potion"}],"is_trial":false,"path_per_floor":["M","?","M","?","?","R","E","$","T","R","$","M","M","M","R","B",null,"M","M","$","?","M","R","M","R","T","?","E"],"character_chosen":"DEFECT","items_purchased":["Self Repair","Turbo"],"campfire_rested":0,"item_purchase_floors":[8,20],"current_hp_per_floor":[64,64,64,64,64,64,64,64,64,64,64,71,71,71,71,71,71,62,69,69,69,69,69,66,66,66,14,14],"gold":302,"neow_bonus":"THREE_ENEMY_KILL","is_prod":false,"is_daily":false,"chose_seed":false,"campfire_upgraded":5,"win_rate":0,"timestamp":1558218203,"path_taken":["M","?","?","?","?","R","E","?","T","R","?","M","?","M","R","BOSS","M","M","$","?","M","R","M","R","T","?","E"],"build_version":"2019-01-23","purchased_purges":2,"victory":false,"max_hp_per_floor":[71,71,71,71,71,71,71,71,71,71,71,71,71,71,71,71,71,71,71,71,71,71,71,71,71,71,71,71],"card_choices":[{"not_picked":["Ball Lightning","Conserve Battery"],"picked":"Glacier","floor":1.0},{"not_picked":["Reprogram","Recycle"],"picked":"Streamline","floor":3.0},{"not_picked":["Sunder","Rebound"],"picked":"Defragment","floor":7.0},{"not_picked":["Reinforced Body","Hello World"],"picked":"Sunder","floor":12.0},{"not_picked":["Stack","Hyperbeam"],"picked":"Coolheaded","floor":13.0},{"not_picked":["Gash","Steam"],"picked":"Hologram","floor":14.0},{"not_picked":["Creative AI","Meteor Strike"],"picked":"Electrodynamics","floor":16.0},{"not_picked":["Hello World","Steam+1","Compile Driver"],"picked":"SKIP","floor":18.0},{"not_picked":["Sweeping Beam","Electrodynamics","Glacier"],"picked":"SKIP","floor":19.0},{"not_picked":["Redo","Compile Driver","Barrage+1"],"picked":"SKIP","floor":22.0},{"not_picked":["Rebound","Streamline"],"picked":"Ball Lightning","floor":24.0},{"not_picked":["Streamline","Glacier"],"picked":"Loop","floor":27.0}],"player_experience":1203599,"relics_obtained":[{"floor":7.0,"key":"Smiling Mask"},{"floor":9.0,"key":"Pen Nib"},{"floor":26.0,"key":"Kunai"},{"floor":27.0,"key":"FossilizedHelix"},{"floor":27.0,"key":"Pantograph"}],"event_choices":[{"damage_healed":0.0,"max_hp_gain":0.0,"max_hp_loss":0.0,"gold_gain":0.0,"event_name":"FaceTrader","player_choice":"Leave","floor":2.0,"gold_loss":0.0,"damage_taken":0.0},{"damage_healed":0.0,"max_hp_gain":0.0,"max_hp_loss":0.0,"gold_gain":0.0,"event_name":"Shining Light","player_choice":"Ignored","floor":4.0,"gold_loss":0.0,"damage_taken":0.0},{"damage_healed":0.0,"max_hp_gain":0.0,"max_hp_loss":0.0,"gold_gain":0.0,"event_name":"Golden Idol","player_choice":"Ignored","floor":5.0,"gold_loss":0.0,"damage_taken":0.0},{"damage_healed":0.0,"max_hp_gain":0.0,"max_hp_loss":0.0,"gold_gain":0.0,"event_name":"Drug Dealer","player_choice":"Inject Mutagens","floor":21.0,"gold_loss":0.0,"damage_taken":0.0,"relics_obtained":["MutagenicStrength"]},{"damage_healed":0.0,"max_hp_gain":0.0,"max_hp_loss":0.0,"gold_gain":0.0,"event_name":"Colosseum","player_choice":"Fight","floor":27.0,"gold_loss":0.0,"damage_taken":0.0},{"damage_healed":0.0,"max_hp_gain":0.0,"max_hp_loss":0.0,"gold_gain":0.0,"event_name":"Colosseum","player_choice":"Fought Nobs","floor":27.0,"gold_loss":0.0,"damage_taken":0.0}],"is_beta":false,"boss_relics":[{"not_picked":["Calling Bell","Orrery"],"picked":"Coffee Dripper"}],"items_purged_floors":[8,20],"is_endless":false,"potions_floor_spawned":[3,12,18,27],"killed_by":"Book of Stabbing","ascension_level":15}