{"gold_per_floor":[112,112,129,149,164,190,190,209,236,236,3,3,38,51,51,149,149,164,175,193,210,210,210,244,244,244,244,255,83,115,40,40,136,136,153,166,181,194,206,206,6,6],"floor_reached":42,"playtime":3199,"items_purged":["Strike_G","Strike_G"],"score":739,"play_id":"3c42cdae-94c6-4657-b0d2-e9143ca3ecad","local_time":"20190826202007","is_ascension_mode":true,"campfire_choices":[{"floor":7.0,"key":"REST"},{"floor":10.0,"key":"REST"},{"data":"Leg Sweep","floor":12.0,"key":"SMITH"},{"floor":15.0,"key":"REST"},{"floor":23.0,"key":"REST"},{"floor":25.0,"key":"REST"},{"data":"After Image","floor":27.0,"key":"SMITH"},{"floor":32.0,"key":"REST"},{"floor":40,"key":"REST"}],"neow_cost":"NONE","seed_source_timestamp":0,"circlet_count":0,"master_deck":["AscendersBane","Strike_G","Strike_G","Strike_G","Defend_G","Defend_G","Defend_G","Defend_G","Defend_G","Survivor","Neutralize","Noxious Fumes","Poisoned Stab","Noxious Fumes","PiercingWail","All Out Attack","Die Die Die","Well Laid Plans","Leg Sweep+1","Escape Plan","Heel Hook","After Image+1","Escape Plan","Calculated Gamble+1","Prepared","Writhe","Acrobatics","Cloak And Dagger+1","Footwork","Corpse Explosion","Footwork","A Thousand Cuts","Caltrops+1"],"special_seed":0,"relics":["Ring of the Snake","NeowsBlessing","Lantern","PreservedInsect","Art of War","Sozu","Strawberry","Blue Candle","Ancient Tea Set","Letter Opener","Busted Crown","TwistedFunnel"],"potions_floor_usage":[],"damage_taken":[{"damage":0.0,"enemies":"Small Slimes","floor":1.0,"turns":1.0},{"damage":0.0,"enemies":"2 Louse","floor":3.0,"turns":1.0},{"damage":0.0,"enemies":"Jaw Worm","floor":4.0,"turns":1.0},{"damage":6.0,"enemies":"2 Fungi Beasts","floor":5.0,"turns":4.0},{"damage":34.0,"enemies":"3 Sentries","floor":6.0,"turns":7.0},{"damage":1.0,"enemies":"Large Slime","floor":8.0,"turns":5.0},{"damage":15.0,"enemies":"Gremlin Nob","floor":13.0,"turns":4.0},{"damage":1.0,"enemies":"Blue Slaver","floor":14.0,"turns":4.0},{"damage":25.0,"enemies":"Hexaghost","floor":16.0,"turns":9.0},{"damage":1.0,"enemies":"Shell Parasite","floor":18.0,"turns":7.0},{"damage":11.0,"enemies":"Chosen","floor":19.0,"turns":6.0},{"damage":18.0,"enemies":"Snake Plant","floor":20.0,"turns":6.0},{"damage":0.0,"enemies":"Centurion and Healer","floor":21.0,"turns":7.0},{"damage":16.0,"enemies":"Gremlin Leader","floor":24.0,"turns":8.0},{"damage":23.0,"enemies":"3 Cultists","floor":28.0,"turns":6.0},{"damage":2.0,"enemies":"Book of Stabbing","floor":30.0,"turns":8.0},{"damage":17.0,"enemies":"Champ","floor":33.0,"turns":16.0},{"damage":1,"enemies":"3 Shapes","floor":35,"turns":4},{"damage":15,"enemies":"Orb Walker","floor":36,"turns":5},{"damage":7,"enemies":"Maw","floor":37,"turns":9},{"damage":16,"enemies":"Spire Growth","floor":38,"turns":7},{"damage":16,"enemies":"3 Darklings","floor":39,"turns":5},{"damage":50,"enemies":"Nemesis","floor":42,"turns":4}],"seed_played":"-1792548410878137717","potions_obtained":[{"floor":1.0,"key":"SpeedPotion"},{"floor":5.0,"key":"Strength Potion"},{"floor":13.0,"key":"Strength Potion"}],"is_trial":false,"path_per_floor":["M","?","M","M","M","E","R","M","T","R","$","R","E","M","R","B",null,"M","M","M","M","?","R","E","R","T","R","M","$","E","$","R","B",null,"M","M","M","M","M","R","$","E"],"character_chosen":"THE_SILENT","items_purchased":["Well Laid Plans","Leg Sweep","Footwork","Footwork","TwistedFunnel"],"campfire_rested":7,"item_purchase_floors":[11,11,29,31,41],"current_hp_per_floor":[63,63,63,63,57,23,44,43,43,64,64,64,49,48,69,44,64,63,52,34,34,41,64,48,71,71,71,48,48,46,46,69,52,71,70,55,48,32,16,39,39,0],"gold":6,"neow_bonus":"THREE_ENEMY_KILL","is_prod":false,"is_daily":false,"chose_seed":false,"campfire_upgraded":2,"win_rate":0,"timestamp":1566876007,"path_taken":["M","?","M","M","M","E","R","M","T","R","$","R","E","M","R","BOSS","M","M","M","M","?","R","E","R","T","R","M","$","E","$","R","BOSS","M","M","M","M","M","R","$","E"],"build_version":"2019-07-17","purchased_purges":2,"victory":false,"max_hp_per_floor":[70,70,70,70,70,70,70,70,70,70,70,70,70,70,70,70,70,70,70,70,70,77,77,77,77,77,77,77,77,77,77,77,77,77,77,77,77,77,77,77,77,77],"card_choices":[{"not_picked":["Dagger Throw","Backflip"],"picked":"Noxious Fumes","floor":1.0},{"not_picked":["Cloak And Dagger","Underhanded Strike"],"picked":"Poisoned Stab","floor":3.0},{"not_picked":["Concentrate","Deadly Poison"],"picked":"Noxious Fumes","floor":4.0},{"not_picked":["Quick Slash","Flechettes"],"picked":"PiercingWail","floor":5.0},{"not_picked":["Eviscerate","Acrobatics"],"picked":"All Out Attack","floor":6.0},{"not_picked":["Accuracy","Concentrate"],"picked":"Die Die Die","floor":8.0},{"not_picked":["Dagger Spray","Setup"],"picked":"Escape Plan","floor":13.0},{"not_picked":["Dodge and Roll","Concentrate"],"picked":"Heel Hook","floor":14.0},{"not_picked":["Wraith Form v2","Tools of the Trade"],"picked":"After Image","floor":16.0},{"not_picked":["Blade Dance","Outmaneuver+1"],"picked":"Escape Plan","floor":18.0},{"not_picked":["Dodge and Roll","Caltrops"],"picked":"Calculated Gamble+1","floor":19.0},{"not_picked":["Quick Slash","Setup"],"picked":"Prepared","floor":20.0},{"not_picked":["Backstab","Masterful Stab+1","PiercingWail"],"picked":"SKIP","floor":21.0},{"not_picked":["Calculated Gamble+1","Slice"],"picked":"Acrobatics","floor":24.0},{"not_picked":["Deflect+1","Deadly Poison"],"picked":"Cloak And Dagger+1","floor":28.0},{"not_picked":["Cloak And Dagger+1","PiercingWail+1"],"picked":"Corpse Explosion","floor":30.0},{"not_picked":["Grand Finale","Glass Knife"],"picked":"A Thousand Cuts","floor":33.0},{"not_picked":[],"picked":"Caltrops+1","floor":35},{"not_picked":["Terror+1"],"picked":"SKIP","floor":36},{"not_picked":["Flying Knee+1"],"picked":"SKIP","floor":37},{"not_picked":["Crippling Poison"],"picked":"SKIP","floor":38},{"not_picked":["Underhanded Strike+1"],"picked":"SKIP","floor":39}],"player_experience":740882,"relics_obtained":[{"floor":6.0,"key":"Lantern"},{"floor":9.0,"key":"PreservedInsect"},{"floor":13.0,"key":"Art of War"},{"floor":24.0,"key":"Blue Candle"},{"floor":26.0,"key":"Ancient Tea Set"},{"floor":30.0,"key":"Letter Opener"}],"event_choices":[{"damage_healed":0.0,"max_hp_gain":0.0,"max_hp_loss":0.0,"gold_gain":0.0,"event_name":"Scrap Ooze","player_choice":"Fled","floor":2.0,"gold_loss":0.0,"damage_taken":0.0},{"damage_healed":0.0,"max_hp_gain":0.0,"max_hp_loss":0.0,"gold_gain":0.0,"event_name":"The Mausoleum","player_choice":"Opened","floor":22.0,"gold_loss":0.0,"damage_taken":0.0,"relics_obtained":["Strawberry"],"cards_obtained":["Writhe"]}],"is_beta":false,"boss_relics":[{"not_picked":["White Beast Statue","Coffee Dripper"],"picked":"Sozu"},{"not_picked":["Astrolabe","Runic Dome"],"picked":"Busted Crown"}],"items_purged_floors":[11,29],"is_endless":false,"potions_floor_spawned":[1,5,13,18,21,24,30,35,36,38],"killed_by":"Nemesis","ascension_level":11}