{"gold_per_floor":[111,36,48,48,60,60,80,80,80,80,80,12,12,37,37,136,136,148,166,183,183,34,34,50,61,86,1,1,13,13],"floor_reached":30,"playtime":1654,"items_purged":["Regret"],"score":299,"play_id":"59175230-72bf-4c98-a69e-accd4d6da335","local_time":"20181216150237","is_ascension_mode":true,"campfire_choices":[{"data":"Leg Sweep","floor":6,"key":"SMITH"},{"floor":8,"key":"REST"},{"data":"Neutralize","floor":10,"key":"SMITH"},{"data":"Crippling Poison","floor":13,"key":"SMITH"},{"data":"Prepared","floor":15,"key":"SMITH"},{"floor":23,"key":"REST"},{"floor":28,"key":"REST"}],"neow_cost":"NONE","seed_source_timestamp":109707271455518,"circlet_count":0,"master_deck":["Defend_G","Defend_G","Defend_G","Defend_G","Defend_G","Strike_G","Strike_G","Strike_G","Strike_G","Strike_G","Survivor","Neutralize+1","Writhe","All Out Attack","Dagger Throw","Leg Sweep+1","Tactician","Crippling Poison+1","Prepared+1","Corpse Explosion","Calculated Gamble","Eviscerate+1","Escape Plan+1","Burst"],"relics":["Calling Bell","Snake Skull","Dodecahedron","Pocketwatch","Bag of Marbles","Pear","Sozu","Oddly Smooth Stone","Omamori","Darkstone Periapt"],"potions_floor_usage":[7,7,16],"damage_taken":[{"damage":3,"enemies":"Jaw Worm","floor":1,"turns":4},{"damage":1,"enemies":"Cultist","floor":3,"turns":4},{"damage":2,"enemies":"2 Louse","floor":5,"turns":2},{"damage":8,"enemies":"Exordium Thugs","floor":7,"turns":6},{"damage":5,"enemies":"Lagavulin","floor":14,"turns":5},{"damage":55,"enemies":"Hexaghost","floor":16,"turns":16},{"damage":7,"enemies":"Shell Parasite","floor":18,"turns":5},{"damage":8,"enemies":"Chosen","floor":19,"turns":4},{"damage":7,"enemies":"Centurion and Healer","floor":20,"turns":3},{"damage":16,"enemies":"Shelled Parasite and Fungi","floor":24,"turns":6},{"damage":20,"enemies":"Snake Plant","floor":25,"turns":5},{"damage":24,"enemies":"Centurion and Healer","floor":29,"turns":6},{"damage":25,"enemies":"Gremlin Leader","floor":30,"turns":5}],"seed_played":"-8128313377477293002","potions_obtained":[{"floor":1,"key":"Energy Potion"},{"floor":5,"key":"SpeedPotion"},{"floor":14,"key":"SpeedPotion"}],"is_trial":false,"path_per_floor":["M","$","M","?","M","R","M","R","T","R","?","$","R","E","R","B",null,"M","M","M","?","$","R","M","M","T","?","R","M","E"],"character_chosen":"THE_SILENT","items_purchased":["Crippling Poison","Oddly Smooth Stone"],"campfire_rested":3,"item_purchase_floors":[12,22],"current_hp_per_floor":[60,60,59,59,57,57,49,70,70,70,70,70,70,75,75,20,65,58,50,43,35,35,59,43,23,23,23,47,23,0],"gold":13,"neow_bonus":"BOSS_RELIC","is_prod":false,"is_daily":false,"chose_seed":false,"campfire_upgraded":4,"win_rate":0,"timestamp":1545001357,"path_taken":["M","$","M","?","M","R","?","R","T","R","?","?","R","E","R","BOSS","M","M","M","?","$","R","?","M","T","?","R","M","E"],"build_version":"2018-12-13","purchased_purges":1,"victory":false,"max_hp_per_floor":[70,70,70,70,70,70,70,70,70,70,70,70,70,80,80,80,80,80,80,80,80,80,80,80,80,80,80,80,80,80],"card_choices":[{"not_picked":["Blade Dance","Backflip"],"picked":"All Out Attack","floor":1},{"not_picked":["Slice","Calculated Gamble"],"picked":"Dagger Throw","floor":3},{"not_picked":["Prepared","Caltrops"],"picked":"Leg Sweep","floor":5},{"not_picked":["Masterful Stab","Leg Sweep"],"picked":"Tactician","floor":7},{"not_picked":["Dagger Spray","Cloak And Dagger"],"picked":"Prepared","floor":14},{"not_picked":["A Thousand Cuts","Glass Knife"],"picked":"Corpse Explosion","floor":16},{"not_picked":["Finisher","Dagger Throw"],"picked":"Calculated Gamble","floor":18},{"not_picked":["Crippling Poison+1","Dodge and Roll+1"],"picked":"Eviscerate+1","floor":19},{"not_picked":["Flying Knee","Well Laid Plans"],"picked":"Escape Plan+1","floor":20},{"not_picked":["Flechettes","Skewer+1"],"picked":"Burst","floor":24},{"not_picked":["Blur","Quick Slash","Skewer+1"],"picked":"SKIP","floor":25},{"not_picked":["Slice","Dagger Throw+1","Acrobatics"],"picked":"SKIP","floor":29}],"player_experience":543157,"relics_obtained":[{"floor":0,"key":"Snake Skull"},{"floor":0,"key":"Dodecahedron"},{"floor":0,"key":"Pocketwatch"},{"floor":9,"key":"Bag of Marbles"},{"floor":14,"key":"Pear"},{"floor":26,"key":"Omamori"}],"event_choices":[{"cards_removed":["Doubt"],"damage_healed":0,"gold_gain":0,"player_choice":"Purged","damage_taken":0,"max_hp_gain":0,"max_hp_loss":0,"event_name":"Purifier","floor":4,"gold_loss":0},{"damage_healed":0,"gold_gain":0,"player_choice":"Fled","damage_taken":0,"max_hp_gain":0,"max_hp_loss":0,"event_name":"Scrap Ooze","floor":11,"gold_loss":0},{"damage_healed":0,"gold_gain":0,"player_choice":"","damage_taken":8,"max_hp_gain":0,"max_hp_loss":0,"event_name":"Knowing Skull","floor":21,"potions_obtained":[],"gold_loss":0,"cards_obtained":[]},{"damage_healed":0,"gold_gain":0,"player_choice":"Obtained Relic","damage_taken":0,"relics_obtained":["Darkstone Periapt"],"max_hp_gain":0,"max_hp_loss":0,"event_name":"Addict","floor":27,"gold_loss":85}],"is_beta":false,"boss_relics":[{"not_picked":["Eternal Feather","Lizard Tail"],"picked":"Sozu"}],"items_purged_floors":[2],"is_endless":false,"potions_floor_spawned":[1,5,14,20,24,25,29],"killed_by":"Gremlin Leader","ascension_level":6}