{"gold_per_floor":[112,132,307,357,377,402,402,427,506,523,549,549,549],"floor_reached":13,"playtime":628,"items_purged":[],"score":113,"play_id":"c1e07c8c-7abe-4f2c-a372-1727b755514e","local_time":"20180815193501","is_ascension_mode":true,"campfire_choices":[{"data":"Thunderclap","floor":7.0,"key":"SMITH"},{"floor":12.0,"key":"REST"}],"neow_cost":"NONE","seed_source_timestamp":0,"circlet_count":0,"master_deck":["Strike_R+1","Strike_R+1","Strike_R","Strike_R","Strike_R","Defend_R","Defend_R","Defend_R","Defend_R","Bash+1","Iron Wave","Sword Boomerang","Doubt","Thunderclap+1","Wild Strike","Feed","Shrug It Off","Fiend Fire"],"special_seed":0,"relics":["Burning Blood","Thread and Needle","Whetstone","Dodecahedron","Incense Burner"],"potions_floor_usage":[],"damage_taken":[{"damage":5.0,"enemies":"Small Slimes","floor":1.0,"turns":4.0},{"damage":3.0,"enemies":"2 Louse","floor":2.0,"turns":3.0},{"damage":1.0,"enemies":"Cultist","floor":5.0,"turns":3.0},{"damage":32.0,"enemies":"Gremlin Nob","floor":6.0,"turns":5.0},{"damage":24.0,"enemies":"3 Sentries","floor":8.0,"turns":8.0},{"damage":4.0,"enemies":"Gremlin Gang","floor":10.0,"turns":5.0},{"damage":23.0,"enemies":"Lagavulin","floor":11.0,"turns":8.0}],"seed_played":"-7794452926935161361","potions_obtained":[{"floor":6.0,"key":"Block Potion"},{"floor":8.0,"key":"LiquidBronze"},{"floor":11.0,"key":"Fire Potion"}],"is_trial":false,"path_per_floor":["M","M","?","?","M","E","R","E","T","M","E","R"],"character_chosen":"IRONCLAD","items_purchased":[],"campfire_rested":1,"item_purchase_floors":[],"current_hp_per_floor":[80,80,80,80,80,54,54,36,36,41,24,48,48],"gold":549,"neow_bonus":"UPGRADE_CARD","is_prod":false,"is_daily":false,"chose_seed":false,"campfire_upgraded":1,"win_rate":0,"timestamp":1534386901,"path_taken":["M","M","?","?","M","E","R","E","T","M","E","R","$"],"build_version":"2018-08-09","purchased_purges":0,"victory":false,"max_hp_per_floor":[80,80,80,80,80,80,80,80,80,83,83,83,83],"card_choices":[{"not_picked":["Flex","Havoc"],"picked":"Iron Wave","floor":1.0},{"not_picked":["Sentinel","Pommel Strike"],"picked":"Sword Boomerang","floor":2.0},{"not_picked":["Reckless Charge","Warcry"],"picked":"Thunderclap","floor":5.0},{"not_picked":["Reckless Charge","Bloodletting"],"picked":"Wild Strike","floor":6.0},{"not_picked":["Disarm","Flex"],"picked":"Feed","floor":8.0},{"not_picked":["Clash","Wild Strike"],"picked":"Shrug It Off","floor":10.0},{"not_picked":["Warcry","Perfected Strike"],"picked":"Fiend Fire","floor":11.0}],"player_experience":246446,"relics_obtained":[{"floor":6.0,"key":"Thread and Needle"},{"floor":8.0,"key":"Whetstone"},{"floor":9.0,"key":"Dodecahedron"},{"floor":11.0,"key":"Incense Burner"}],"event_choices":[{"event_name":"Liars Game","player_choice":"agreed","floor":3.0,"damage_taken":0.0},{"event_name":"Golden Wing","player_choice":"Gained Gold","floor":4.0,"damage_taken":0.0}],"is_beta":false,"boss_relics":[],"items_purged_floors":[],"is_endless":false,"potions_floor_spawned":[6,8,11],"ascension_level":2}