{"gold_per_floor":[116,129,2,2,2,2,13,13,13,48,67,81,101,101,101,178,178,165,15,15,31,51,51,51],"floor_reached":24,"playtime":90498,"items_purged":["Dualcast","Strike_B"],"score":347,"play_id":"7ad47d0a-b322-49a2-ac2d-b5b022015a5f","local_time":"20190601184124","is_ascension_mode":true,"campfire_choices":[{"data":"Hologram","floor":6,"key":"SMITH"},{"data":"Gash","floor":8,"key":"SMITH"},{"data":"Defragment","floor":15,"key":"SMITH"},{"data":"Hologram","floor":23,"key":"SMITH"}],"neow_cost":"NONE","seed_source_timestamp":1138047051868583,"circlet_count":0,"master_deck":["AscendersBane","Strike_B","Strike_B","Strike_B","Defend_B","Defend_B","Defend_B","Defend_B","Zap+1","Hologram+1","Gash","Gash+1","Capacitor","Chill","Sweeping Beam","Defragment+1","Hologram+1","Gash+1"],"relics":["Cracked Core","Bronze Scales","Potion Belt","Dream Catcher","Sozu"],"potions_floor_usage":[10,13],"damage_taken":[{"damage":0,"enemies":"Small Slimes","floor":1,"turns":3},{"damage":0,"enemies":"Cultist","floor":2,"turns":3},{"damage":2,"enemies":"Jaw Worm","floor":7,"turns":3},{"damage":10,"enemies":"Lagavulin","floor":10,"turns":7},{"damage":10,"enemies":"3 Louse","floor":11,"turns":3},{"damage":7,"enemies":"2 Fungi Beasts","floor":12,"turns":3},{"damage":13,"enemies":"Large Slime","floor":13,"turns":4},{"damage":23,"enemies":"Hexaghost","floor":16,"turns":8},{"damage":30,"enemies":"2 Thieves","floor":18,"turns":4},{"damage":1,"enemies":"Shell Parasite","floor":21,"turns":6},{"damage":6,"enemies":"3 Cultists","floor":22,"turns":4},{"damage":34,"enemies":"Snecko","floor":24,"turns":5}],"seed_played":"639644456682197726","potions_obtained":[{"floor":2,"key":"SkillPotion"},{"floor":12,"key":"Block Potion"}],"is_trial":false,"path_per_floor":["M","M","$","?","?","R","M","R","T","E","M","M","M","T","R","B",null,"M","$","?","M","M","R","M"],"character_chosen":"DEFECT","items_purchased":["Gash","Hologram"],"campfire_rested":0,"item_purchase_floors":[3,19],"current_hp_per_floor":[64,64,64,69,69,69,67,67,67,57,47,40,27,27,27,4,58,28,28,28,27,21,21,0],"gold":51,"neow_bonus":"UPGRADE_CARD","is_prod":false,"is_daily":false,"chose_seed":false,"campfire_upgraded":4,"win_rate":0,"timestamp":1559439684,"path_taken":["M","M","$","?","?","R","M","R","T","E","?","M","M","?","R","BOSS","M","$","?","M","M","R","M"],"build_version":"2019-01-23","purchased_purges":2,"victory":false,"max_hp_per_floor":[71,71,71,76,76,76,76,76,76,76,76,76,76,76,76,76,76,76,76,76,76,76,76,76],"card_choices":[{"not_picked":["Compile Driver","Leap"],"picked":"Hologram","floor":1},{"not_picked":["Sweeping Beam","Hologram"],"picked":"Gash","floor":2},{"not_picked":["Steam","Redo","Go for the Eyes"],"picked":"SKIP","floor":7},{"not_picked":["Consume","Undo"],"picked":"Capacitor","floor":10},{"not_picked":["Hello World","Redo"],"picked":"Chill","floor":11},{"not_picked":["Reinforced Body","White Noise"],"picked":"Sweeping Beam","floor":12},{"not_picked":["Hyperbeam","Cold Snap"],"picked":"Defragment","floor":13},{"not_picked":["Conserve Battery","Streamline","Ball Lightning"],"picked":"SKIP","floor":18},{"not_picked":["BootSequence","Heatsinks","Hologram"],"picked":"SKIP","floor":21},{"not_picked":["Auto Shields","Compile Driver"],"picked":"Gash+1","floor":22}],"player_experience":1218151,"relics_obtained":[{"floor":9,"key":"Bronze Scales"},{"floor":10,"key":"Potion Belt"},{"floor":14,"key":"Dream Catcher"}],"event_choices":[{"damage_healed":0,"gold_gain":0,"player_choice":"Donut","damage_taken":0,"max_hp_gain":5,"max_hp_loss":0,"event_name":"Big Fish","floor":4,"gold_loss":0},{"damage_healed":0,"gold_gain":0,"player_choice":"Ignored","damage_taken":0,"max_hp_gain":0,"max_hp_loss":0,"event_name":"Transmorgrifier","floor":5,"gold_loss":0},{"damage_healed":0,"gold_gain":0,"player_choice":"Ignored","damage_taken":0,"max_hp_gain":0,"max_hp_loss":0,"event_name":"Ghosts","floor":20,"gold_loss":0}],"is_beta":false,"boss_relics":[{"not_picked":["Runic Dome","Pandora\u0027s Box"],"picked":"Sozu"}],"items_purged_floors":[3,19],"is_endless":false,"potions_floor_spawned":[2,12,21],"killed_by":"Snecko","ascension_level":15}