{"gold_per_floor":[114,12,24,40,60,94,94,94,121,121,52,75,91,111,111,208,208,222,236,20,39,52,87,105,138,217,217,237,247,247,260,260,357,357,373,390,10,20,32,32,61,77,77,87,7,19,35,35,35,35],"floor_reached":50,"playtime":2710,"items_purged":[],"score":549,"play_id":"b4751d14-f555-4c63-9662-a2941b07e4be","local_time":"20191006235242","is_ascension_mode":false,"campfire_choices":[{"data":"Searing Blow","floor":7,"key":"SMITH"},{"data":"Searing Blow+1","floor":10,"key":"SMITH"},{"data":"Searing Blow+2","floor":15,"key":"SMITH"},{"floor":27,"key":"REST"},{"floor":30,"key":"REST"},{"data":"Searing Blow+3","floor":32,"key":"SMITH"},{"data":"Searing Blow+4","floor":40,"key":"SMITH"},{"floor":49,"key":"REST"}],"neow_cost":"NONE","seed_source_timestamp":123322568611400,"circlet_count":0,"master_deck":["Strike_R","Strike_R","Strike_R","Strike_R","Strike_R","Defend_R","Defend_R","Defend_R","Defend_R","Bash","Twin Strike","Inflame","Searing Blow+5","Shrug It Off","Blood for Blood","Spot Weakness","Impervious","Perfected Strike","Flex","Ghostly Armor","Carnage","Double Tap","Thunderclap","Flex","Violence","Armaments","Sever Soul+1","Rage","Body Slam+1","Iron Wave","Evolve+1","Clash","Second Wind","Thunderclap+1","Bludgeon","Intimidate","Heavy Blade+1","Apotheosis","Dropkick+1","Headbutt+1","Feel No Pain","Clothesline","Cleave","Immolate","Clothesline+1","Twin Strike+1","Writhe"],"relics":["Burning Blood","NeowsBlessing","Happy Flower","Strawberry","Potion Belt","Velvet Choker","Red Skull","Thread and Needle","Gremlin Horn","Black Star","ClockworkSouvenir","Anchor","Orichalcum","Pantograph"],"potions_floor_usage":[6,24,25,33,33,33,46,50,50,50],"damage_taken":[{"damage":0,"enemies":"Cultist","floor":1,"turns":1},{"damage":0,"enemies":"2 Louse","floor":3,"turns":1},{"damage":0,"enemies":"Small Slimes","floor":4,"turns":1},{"damage":17,"enemies":"Exordium Wildlife","floor":5,"turns":6},{"damage":30,"enemies":"3 Sentries","floor":6,"turns":6},{"damage":0,"enemies":"2 Fungi Beasts","floor":13,"turns":2},{"damage":11,"enemies":"Exordium Thugs","floor":14,"turns":6},{"damage":6,"enemies":"Slime Boss","floor":16,"turns":8},{"damage":17,"enemies":"Shell Parasite","floor":18,"turns":4},{"damage":15,"enemies":"2 Thieves","floor":19,"turns":3},{"damage":16,"enemies":"Centurion and Healer","floor":21,"turns":4},{"damage":14,"enemies":"3 Cultists","floor":22,"turns":5},{"damage":26,"enemies":"Book of Stabbing","floor":23,"turns":5},{"damage":11,"enemies":"Snake Plant","floor":24,"turns":3},{"damage":17,"enemies":"Slavers","floor":25,"turns":5},{"damage":0,"enemies":"Centurion and Healer","floor":28,"turns":4},{"damage":3,"enemies":"Cultist and Chosen","floor":29,"turns":6},{"damage":5,"enemies":"Shelled Parasite and Fungi","floor":31,"turns":5},{"damage":55,"enemies":"Automaton","floor":33,"turns":10},{"damage":4,"enemies":"Orb Walker","floor":35,"turns":4},{"damage":17,"enemies":"3 Shapes","floor":36,"turns":2},{"damage":15,"enemies":"Writhing Mass","floor":38,"turns":5},{"damage":14,"enemies":"Spire Growth","floor":39,"turns":4},{"damage":23,"enemies":"Nemesis","floor":41,"turns":7},{"damage":9,"enemies":"Jaw Worm Horde","floor":42,"turns":4},{"damage":3,"enemies":"3 Darklings","floor":44,"turns":6},{"damage":23,"enemies":"Maw","floor":46,"turns":7},{"damage":5,"enemies":"Spire Growth","floor":47,"turns":4},{"damage":96,"enemies":"Awakened One","floor":50,"turns":9}],"seed_played":"-55899816569348761","potions_obtained":[{"floor":1,"key":"Explosive Potion"},{"floor":8,"key":"EssenceOfSteel"},{"floor":8,"key":"LiquidBronze"},{"floor":8,"key":"Block Potion"},{"floor":13,"key":"Block Potion"},{"floor":16,"key":"Ancient Potion"},{"floor":22,"key":"SteroidPotion"},{"floor":23,"key":"Strength Potion"},{"floor":31,"key":"Strength Potion"},{"floor":38,"key":"SpeedPotion"},{"floor":42,"key":"Swift Potion"},{"floor":46,"key":"Poison Potion"}],"is_trial":false,"path_per_floor":["M","$","M","M","M","E","R","?","T","R","$","T","M","M","R","B",null,"M","M","$","M","M","E","M","E","T","R","M","M","R","M","R","B",null,"M","M","$","M","M","R","E","M","T","M","$","M","M","?","R","B"],"character_chosen":"IRONCLAD","items_purchased":["Inflame","Searing Blow","Perfected Strike","Flex","Violence","Armaments","Apotheosis","ClockworkSouvenir","Immolate"],"campfire_rested":3,"item_purchase_floors":[2,2,11,11,20,20,37,37,45],"current_hp_per_floor":[80,80,80,80,69,45,45,45,52,52,52,52,58,53,53,53,87,76,67,67,57,49,29,24,13,13,39,45,48,74,75,75,26,87,87,76,76,67,59,59,42,39,39,42,42,25,26,48,74,0],"gold":35,"neow_bonus":"THREE_ENEMY_KILL","is_prod":false,"is_daily":false,"chose_seed":false,"campfire_upgraded":5,"win_rate":0.0,"timestamp":1570431162,"path_taken":["M","$","M","?","M","E","R","?","T","R","$","?","M","?","R","BOSS","M","M","$","M","M","E","M","E","T","R","M","M","R","M","R","BOSS","M","?","$","M","M","R","E","M","T","M","$","M","M","?","R","BOSS"],"build_version":"2019-07-17","purchased_purges":0,"victory":false,"max_hp_per_floor":[80,80,80,80,80,80,80,80,87,87,87,87,87,87,87,87,87,87,87,87,87,87,87,87,87,87,87,87,87,87,87,87,87,87,87,87,87,87,87,87,87,87,87,87,87,87,87,87,87,87],"card_choices":[{"not_picked":["Rampage","Clothesline"],"picked":"Twin Strike","floor":1},{"not_picked":["Armaments","Twin Strike"],"picked":"Shrug It Off","floor":3},{"not_picked":["Pommel Strike","Corruption"],"picked":"Blood for Blood","floor":4},{"not_picked":["Flex","Sword Boomerang"],"picked":"Spot Weakness","floor":5},{"not_picked":["Rupture","Headbutt"],"picked":"Impervious","floor":6},{"not_picked":["Cleave","Fire Breathing"],"picked":"Ghostly Armor","floor":13},{"not_picked":["Headbutt","Cleave"],"picked":"Carnage","floor":14},{"not_picked":["Fiend Fire","Juggernaut"],"picked":"Double Tap","floor":16},{"not_picked":["Wild Strike","Twin Strike"],"picked":"Thunderclap","floor":18},{"not_picked":["Pummel","Searing Blow"],"picked":"Flex","floor":19},{"not_picked":["Ghostly Armor","Warcry"],"picked":"Sever Soul+1","floor":21},{"not_picked":["Twin Strike","Sever Soul"],"picked":"Rage","floor":22},{"not_picked":["Entrench","Limit Break"],"picked":"Body Slam+1","floor":23},{"not_picked":["Combust","Perfected Strike"],"picked":"Iron Wave","floor":24},{"not_picked":["Entrench","Iron Wave"],"picked":"Evolve+1","floor":25},{"not_picked":["Wild Strike+1","True Grit"],"picked":"Clash","floor":28},{"not_picked":["Sword Boomerang","Armaments"],"picked":"Second Wind","floor":29},{"not_picked":["Sword Boomerang","Cleave"],"picked":"Thunderclap+1","floor":31},{"not_picked":["Dark Embrace","Reaper"],"picked":"Bludgeon","floor":33},{"not_picked":["Sword Boomerang+1","Wild Strike+1"],"picked":"Intimidate","floor":35},{"not_picked":["Flame Barrier","Pommel Strike"],"picked":"Heavy Blade+1","floor":36},{"not_picked":["Bloodletting+1","Feel No Pain"],"picked":"Dropkick+1","floor":38},{"not_picked":["Feel No Pain","Clash"],"picked":"Headbutt+1","floor":39},{"not_picked":["Perfected Strike","Pommel Strike"],"picked":"Feel No Pain","floor":41},{"not_picked":["Reckless Charge+1","Warcry"],"picked":"Clothesline","floor":42},{"not_picked":["Pommel Strike","Twin Strike+1"],"picked":"Cleave","floor":44},{"not_picked":["Fiend Fire","Armaments"],"picked":"Clothesline+1","floor":46},{"not_picked":["Thunderclap","Flex+1"],"picked":"Twin Strike+1","floor":47}],"player_experience":15952,"relics_obtained":[{"floor":6,"key":"Happy Flower"},{"floor":9,"key":"Strawberry"},{"floor":12,"key":"Potion Belt"},{"floor":23,"key":"Red Skull"},{"floor":25,"key":"Thread and Needle"},{"floor":26,"key":"Gremlin Horn"},{"floor":41,"key":"Anchor"},{"floor":41,"key":"Orichalcum"},{"floor":43,"key":"Pantograph"}],"event_choices":[{"damage_healed":0,"gold_gain":0,"player_choice":"Got Potions","damage_taken":0,"max_hp_gain":0,"max_hp_loss":0,"event_name":"Lab","floor":8,"gold_loss":0},{"damage_healed":22,"gold_gain":0,"player_choice":"Writhe","damage_taken":0,"max_hp_gain":0,"max_hp_loss":0,"event_name":"Winding Halls","floor":48,"gold_loss":0,"cards_obtained":["Writhe"]}],"is_beta":false,"boss_relics":[{"not_picked":["Sozu","Calling Bell"],"picked":"Velvet Choker"},{"not_picked":["Cursed Key","Mark of Pain"],"picked":"Black Star"}],"items_purged_floors":[],"is_endless":false,"potions_floor_spawned":[1,13,16,21,22,23,31,38,42,46],"killed_by":"Awakened One","ascension_level":0}