{"gold_per_floor":[114,126,53,53,112,112,127,187,212,2,20,48,61,76,76,172,172,184,195,73,73,83,113,113,113],"floor_reached":25,"playtime":1877,"items_purged":[],"score":245,"play_id":"e71f6e36-ac61-48af-abfa-8fb8babfd6e2","local_time":"20191014234153","is_ascension_mode":true,"campfire_choices":[{"data":"Perfected Strike","floor":6,"key":"SMITH"},{"data":"Armaments","floor":15,"key":"SMITH"}],"neow_cost":"NONE","seed_source_timestamp":132106059229300,"circlet_count":0,"master_deck":["Strike_R+1","Strike_R+1","Strike_R+1","Strike_R+1","Strike_R+1","Defend_R+1","Defend_R+1","Defend_R+1","Defend_R+1","Bash","Reaper","Power Through","Iron Wave","Clash","Perfected Strike+1","Armaments+1","Headbutt","Shrug It Off","Juggernaut","Corruption","Twin Strike","Demon Form","Flex","Entrench","Body Slam","Dark Embrace","Feed"],"relics":["Black Blood","Tiny Chest","Sling","PreservedInsect","Happy Flower","NlothsMask"],"potions_floor_usage":[16,23,23],"damage_taken":[{"damage":12,"enemies":"Cultist","floor":1,"turns":5},{"damage":0,"enemies":"Small Slimes","floor":2,"turns":4},{"damage":2,"enemies":"Jaw Worm","floor":7,"turns":4},{"damage":19,"enemies":"Lagavulin","floor":8,"turns":9},{"damage":0,"enemies":"2 Fungi Beasts","floor":11,"turns":2},{"damage":23,"enemies":"Gremlin Nob","floor":12,"turns":4},{"damage":0,"enemies":"Looter","floor":13,"turns":4},{"damage":19,"enemies":"Exordium Thugs","floor":14,"turns":4},{"damage":28,"enemies":"Hexaghost","floor":16,"turns":13},{"damage":33,"enemies":"Shell Parasite","floor":18,"turns":6},{"damage":26,"enemies":"Chosen","floor":19,"turns":6},{"damage":37,"enemies":"Shelled Parasite and Fungi","floor":22,"turns":11},{"damage":26,"enemies":"Book of Stabbing","floor":23,"turns":6},{"damage":28,"enemies":"Slavers","floor":25,"turns":3}],"seed_played":"-2204635204689448507","potions_obtained":[{"floor":7,"key":"FearPotion"},{"floor":8,"key":"AttackPotion"},{"floor":11,"key":"PowerPotion"},{"floor":13,"key":"Weak Potion"},{"floor":14,"key":"BloodPotion"},{"floor":22,"key":"Ancient Potion"}],"is_trial":false,"path_per_floor":["M","M","$","?","?","R","M","E","T","$","M","E","M","M","R","B",null,"M","M","$","?","M","E","?","E"],"character_chosen":"IRONCLAD","items_purchased":["Clash","Perfected Strike","Sling","Entrench","Body Slam"],"campfire_rested":0,"item_purchase_floors":[3,3,10,20,20],"current_hp_per_floor":[78,80,80,80,80,80,80,67,67,67,73,62,68,63,63,41,80,57,47,47,47,20,24,24,0],"gold":113,"neow_bonus":"ONE_RANDOM_RARE_CARD","is_prod":false,"is_daily":false,"chose_seed":false,"campfire_upgraded":2,"win_rate":0,"timestamp":1571121713,"path_taken":["M","M","?","?","?","R","M","E","T","$","M","E","M","M","R","BOSS","M","M","$","?","M","E","?","E"],"build_version":"2019-07-17","purchased_purges":0,"victory":false,"max_hp_per_floor":[80,80,80,80,80,80,80,80,80,80,80,80,80,80,80,80,80,80,80,80,80,80,80,80,80],"card_choices":[{"not_picked":["Clash","Dual Wield"],"picked":"Power Through","floor":1},{"not_picked":["Sword Boomerang","Perfected Strike"],"picked":"Iron Wave","floor":2},{"not_picked":["Body Slam","Feel No Pain"],"picked":"Armaments","floor":7},{"not_picked":["Body Slam","Sever Soul"],"picked":"Headbutt","floor":8},{"not_picked":["Headbutt","Twin Strike"],"picked":"Shrug It Off","floor":11},{"not_picked":["Anger","Power Through"],"picked":"Juggernaut","floor":12},{"not_picked":["Flex","Metallicize"],"picked":"Corruption","floor":13},{"not_picked":["Armaments","Sword Boomerang"],"picked":"Twin Strike","floor":14},{"not_picked":["Brutality","Dark Embrace"],"picked":"Demon Form","floor":16},{"not_picked":["Havoc","Thunderclap","Sword Boomerang"],"picked":"SKIP","floor":18},{"not_picked":["Wild Strike","Headbutt"],"picked":"Flex","floor":19},{"not_picked":["Perfected Strike+1","Clothesline"],"picked":"Dark Embrace","floor":22},{"not_picked":["Fiend Fire","Bloodletting"],"picked":"Feed","floor":23}],"player_experience":85113,"relics_obtained":[{"floor":8,"key":"Tiny Chest"},{"floor":12,"key":"PreservedInsect"},{"floor":23,"key":"Happy Flower"}],"event_choices":[{"damage_healed":0,"gold_gain":0,"player_choice":"Ignored","damage_taken":0,"max_hp_gain":0,"max_hp_loss":0,"event_name":"Golden Idol","floor":4,"gold_loss":0},{"damage_healed":0,"gold_gain":59,"player_choice":"Gained Gold","damage_taken":0,"max_hp_gain":0,"max_hp_loss":0,"event_name":"Golden Wing","floor":5,"gold_loss":0},{"damage_healed":0,"gold_gain":0,"player_choice":"Simplicity","damage_taken":0,"max_hp_gain":0,"max_hp_loss":0,"event_name":"Back to Basics","floor":21,"gold_loss":0,"cards_upgraded":["Strike_R","Strike_R","Strike_R","Strike_R","Strike_R","Defend_R","Defend_R","Defend_R","Defend_R"]},{"damage_healed":0,"gold_gain":0,"player_choice":"Trade","damage_taken":0,"relics_obtained":["NlothsMask"],"max_hp_gain":0,"max_hp_loss":0,"event_name":"FaceTrader","floor":24,"gold_loss":0}],"is_beta":false,"boss_relics":[{"not_picked":["Calling Bell","White Beast Statue"],"picked":"Black Blood"}],"items_purged_floors":[],"is_endless":false,"potions_floor_spawned":[7,8,11,13,14,22],"killed_by":"Slavers","ascension_level":1}