{"gold_per_floor":[116,129,146,162,172,207,207,241,267,286,304,318,318,115,115,211,211,230,240,190,190,112,112,112],"floor_reached":24,"playtime":1643,"items_purged":["Strike_R","Flex+1"],"score":294,"play_id":"a734bb56-3830-4ffc-8f5d-16797e82238b","local_time":"20181118213458","is_ascension_mode":true,"campfire_choices":[{"data":"Bash","floor":7,"key":"SMITH"},{"floor":13,"key":"REST"},{"floor":15,"key":"REST"},{"floor":23,"key":"REST"}],"neow_cost":"NONE","seed_source_timestamp":1211472640734449,"circlet_count":0,"master_deck":["Strike_R","Strike_R","Defend_R","Defend_R","Defend_R","Bash+1","Armaments","Wild Strike","Headbutt","Armaments","Clothesline","Flame Barrier","Sword Boomerang","Thunderclap","Sever Soul","Iron Wave","Iron Wave","Barricade+1","Berserk+1","Searing Blow+1","Evolve+1","True Grit","Metallicize+1"],"relics":["Burning Blood","Frozen Egg 2","Mummified Hand","Smiling Mask","Pen Nib","Astrolabe"],"potions_floor_usage":[6,8,8,11,16,16,18,24],"damage_taken":[{"damage":13,"enemies":"Jaw Worm","floor":1,"turns":4},{"damage":2,"enemies":"2 Louse","floor":2,"turns":3},{"damage":0,"enemies":"Small Slimes","floor":3,"turns":4},{"damage":0,"enemies":"2 Fungi Beasts","floor":4,"turns":5},{"damage":7,"enemies":"Looter","floor":5,"turns":3},{"damage":17,"enemies":"Gremlin Nob","floor":6,"turns":4},{"damage":30,"enemies":"3 Sentries","floor":8,"turns":10},{"damage":11,"enemies":"Large Slime","floor":10,"turns":7},{"damage":8,"enemies":"3 Louse","floor":11,"turns":2},{"damage":7,"enemies":"Looter","floor":12,"turns":3},{"damage":42,"enemies":"The Guardian","floor":16,"turns":14},{"damage":23,"enemies":"Shell Parasite","floor":18,"turns":10},{"damage":25,"enemies":"Spheric Guardian","floor":19,"turns":4},{"damage":86,"enemies":"Gremlin Leader","floor":24,"turns":12}],"seed_played":"8046907899336027302","potions_obtained":[{"floor":2,"key":"EntropicBrew"},{"floor":4,"key":"SteroidPotion"},{"floor":8,"key":"Fire Potion"},{"floor":10,"key":"Explosive Potion"},{"floor":11,"key":"SteroidPotion"},{"floor":19,"key":"EssenceOfSteel"}],"is_trial":false,"path_per_floor":["M","M","M","M","M","E","R","E","T","M","M","M","R","$","R","B",null,"M","M","$","?","$","R","E"],"character_chosen":"IRONCLAD","items_purchased":["Pen Nib","Metallicize+1"],"campfire_rested":3,"item_purchase_floors":[14,22],"current_hp_per_floor":[65,69,75,80,79,68,68,44,44,39,37,36,60,60,80,44,71,62,43,43,43,43,67,0],"gold":112,"neow_bonus":"THREE_CARDS","is_prod":false,"is_daily":false,"chose_seed":false,"campfire_upgraded":1,"win_rate":0,"timestamp":1542605698,"path_taken":["M","M","M","M","M","E","R","E","T","M","M","M","R","$","R","BOSS","M","M","$","?","$","R","E"],"build_version":"2018-11-15","purchased_purges":2,"victory":false,"max_hp_per_floor":[80,80,80,80,80,80,80,80,80,80,80,80,80,80,80,80,80,80,80,80,80,80,80,80],"card_choices":[{"not_picked":["Anger","Headbutt"],"picked":"Armaments","floor":0},{"not_picked":["Warcry","Anger"],"picked":"Wild Strike","floor":1},{"not_picked":["Clothesline","Flex"],"picked":"Headbutt","floor":2},{"not_picked":["Exhume","Havoc"],"picked":"Armaments","floor":3},{"not_picked":["Searing Blow","Sword Boomerang"],"picked":"Clothesline","floor":4},{"not_picked":["Whirlwind","Headbutt"],"picked":"Flame Barrier","floor":5},{"not_picked":["Havoc","Limit Break"],"picked":"Sword Boomerang","floor":6},{"not_picked":["Flex","Burning Pact"],"picked":"Thunderclap","floor":8},{"not_picked":["Flex","Sword Boomerang"],"picked":"Sever Soul","floor":10},{"not_picked":["Warcry","Metallicize+1"],"picked":"Iron Wave","floor":11},{"not_picked":["Infernal Blade","Flame Barrier"],"picked":"Iron Wave","floor":12},{"not_picked":["Offering","Bludgeon"],"picked":"Barricade+1","floor":16},{"not_picked":["Thunderclap","Armaments"],"picked":"Evolve+1","floor":18},{"not_picked":["Sword Boomerang","Searing Blow"],"picked":"True Grit","floor":19}],"player_experience":513411,"relics_obtained":[{"floor":6,"key":"Frozen Egg 2"},{"floor":8,"key":"Mummified Hand"},{"floor":9,"key":"Smiling Mask"}],"event_choices":[{"damage_healed":0,"gold_gain":0,"player_choice":"Ignored","damage_taken":0,"max_hp_gain":0,"max_hp_loss":0,"event_name":"Beggar","floor":21,"gold_loss":0}],"is_beta":false,"boss_relics":[{"not_picked":["Empty Cage","Lizard Tail"],"picked":"Astrolabe"}],"items_purged_floors":[14,20],"is_endless":false,"potions_floor_spawned":[2,4,8,10,11,19],"killed_by":"Gremlin Leader","ascension_level":8}