{"gold_per_floor":[118,129,139,157,171,202,202,213,239,239,254,254,273,291,291,394,394,405,405,5,5,23,48,48,79,104,104,123,136,161,173,173,269,269,281,294,307,322,322,322,342,361,388,421,421,29,29,29,29,29],"floor_reached":51,"playtime":9418,"items_purged":["Parasite"],"score":997,"play_id":"53046c87-88f6-46ef-90f0-2b8f42d110d6","local_time":"20190622005436","is_ascension_mode":true,"campfire_choices":[{"floor":7.0,"key":"REST"},{"data":"Blur","floor":12.0,"key":"SMITH"},{"floor":15.0,"key":"REST"},{"floor":24.0,"key":"REST"},{"floor":27.0,"key":"REST"},{"floor":32,"key":"REST"},{"floor":40,"key":"REST"},{"floor":45,"key":"REST"},{"floor":47,"key":"REST"},{"floor":49,"key":"RECALL"}],"neow_cost":"NONE","seed_source_timestamp":0,"circlet_count":0,"master_deck":["Defend_G+1","Defend_G+1","Defend_G+1","Defend_G+1","Defend_G+1","Strike_G+1","Strike_G+1","Strike_G+1","Strike_G+1","Strike_G+1","Survivor+1","Neutralize+1","Dagger Spray+1","PiercingWail+1","Dagger Throw+1","Well Laid Plans+1","Cloak And Dagger+1","Sucker Punch+1","Blur+1","Predator+1","Cloak And Dagger+1","Tools of the Trade+1","Die Die Die+1","Flying Knee+1","Secret Weapon+1","Escape Plan+1","Quick Slash+1","Slice+1","Calculated Gamble+1","Envenom+1","Acrobatics+1","Malaise+1","PiercingWail+1","Concentrate+1","Prepared+1","Crippling Poison+1","Blur+1","Finisher+1","Crippling Poison+1","Blur+1"],"special_seed":0,"relics":["Ring of the Serpent","Gremlin Horn","Bronze Scales","Fusion Hammer","Enchiridion","Oddly Smooth Stone","Tough Bandages","Bag of Marbles","Potion Belt","Art of War","Strawberry","Whetstone","Toxic Egg 2","Mark of the Bloom"],"potions_floor_usage":[33,33,36,50,50,50],"damage_taken":[{"damage":0.0,"enemies":"Cultist","floor":1.0,"turns":5.0},{"damage":2.0,"enemies":"Jaw Worm","floor":2.0,"turns":5.0},{"damage":0.0,"enemies":"Small Slimes","floor":3.0,"turns":3.0},{"damage":3.0,"enemies":"Looter","floor":4.0,"turns":4.0},{"damage":2.0,"enemies":"Blue Slaver","floor":5.0,"turns":4.0},{"damage":18.0,"enemies":"Gremlin Nob","floor":6.0,"turns":4.0},{"damage":19.0,"enemies":"Exordium Thugs","floor":8.0,"turns":7.0},{"damage":3.0,"enemies":"Looter","floor":11.0,"turns":4.0},{"damage":2.0,"enemies":"Red Slaver","floor":13.0,"turns":4.0},{"damage":2.0,"enemies":"Exordium Thugs","floor":14.0,"turns":5.0},{"damage":27.0,"enemies":"Hexaghost","floor":16.0,"turns":13.0},{"damage":24.0,"enemies":"Chosen","floor":18.0,"turns":7.0},{"damage":0.0,"enemies":"Shell Parasite","floor":22.0,"turns":6.0},{"damage":3.0,"enemies":"Gremlin Leader","floor":23.0,"turns":6.0},{"damage":14.0,"enemies":"Book of Stabbing","floor":25.0,"turns":5.0},{"damage":0.0,"enemies":"Snecko","floor":28.0,"turns":4.0},{"damage":0.0,"enemies":"Sentry and Sphere","floor":29.0,"turns":4.0},{"damage":18.0,"enemies":"Slavers","floor":30.0,"turns":3.0},{"damage":0,"enemies":"Snake Plant","floor":31,"turns":4},{"damage":33,"enemies":"Automaton","floor":33,"turns":12},{"damage":0,"enemies":"Orb Walker","floor":35,"turns":4},{"damage":0,"enemies":"3 Shapes","floor":36,"turns":5},{"damage":15,"enemies":"Jaw Worm Horde","floor":37,"turns":6},{"damage":20,"enemies":"Spire Growth","floor":38,"turns":8},{"damage":5,"enemies":"3 Darklings","floor":41,"turns":5},{"damage":4,"enemies":"Maw","floor":42,"turns":12},{"damage":0,"enemies":"Reptomancer","floor":44,"turns":8},{"damage":10,"enemies":"Awakened One","floor":50,"turns":17}],"seed_played":"-4651660010200299850","potions_obtained":[{"floor":2.0,"key":"PowerPotion"},{"floor":4.0,"key":"Poison Potion"},{"floor":11.0,"key":"Ancient Potion"},{"floor":14.0,"key":"FearPotion"},{"floor":22.0,"key":"Regen Potion"},{"floor":23.0,"key":"SkillPotion"},{"floor":25.0,"key":"Poison Potion"},{"floor":28.0,"key":"LiquidBronze"},{"floor":29.0,"key":"Fire Potion"},{"floor":35,"key":"Block Potion"},{"floor":38,"key":"GhostInAJar"},{"floor":42,"key":"Explosive Potion"},{"floor":44,"key":"Explosive Potion"}],"is_trial":false,"path_per_floor":["M","M","M","M","M","E","R","M","T","?","M","R","M","M","R","B",null,"M","?","$","?","M","E","R","E","T","R","M","M","E","M","R","B",null,"M","M","M","M","?","R","M","M","T","E","R","$","R","?","R","B",null],"character_chosen":"THE_SILENT","items_purchased":["Oddly Smooth Stone","Secret Weapon","Toxic Egg 2","Crippling Poison+1","Blur+1"],"campfire_rested":8,"item_purchase_floors":[20,20,46,46,46],"current_hp_per_floor":[63,61,61,58,56,38,59,40,40,57,54,54,52,50,70,43,63,39,23,23,23,23,35,55,41,41,61,61,61,43,43,63,30,58,58,58,43,23,23,43,38,34,41,41,63,63,74,74,74,64],"gold":29,"neow_bonus":"UPGRADE_CARD","is_prod":false,"is_daily":false,"chose_seed":false,"campfire_upgraded":1,"win_rate":0,"timestamp":1561190076,"path_taken":["M","M","M","?","M","E","R","M","T","?","M","R","M","M","R","BOSS","M","?","$","?","M","E","R","E","T","R","M","M","E","?","R","BOSS","M","M","M","M","?","R","M","M","T","E","R","$","R","?","R","BOSS"],"build_version":"2019-01-23","purchased_purges":1,"victory":true,"max_hp_per_floor":[70,70,70,70,70,70,70,70,70,70,70,70,70,70,70,70,70,70,70,67,67,67,67,67,67,67,67,67,67,67,67,67,67,67,67,67,67,67,67,67,67,67,74,74,74,74,74,74,74,74],"card_choices":[{"not_picked":["Distraction","Heel Hook"],"picked":"Dagger Spray","floor":1.0},{"not_picked":["Masterful Stab","Dodge and Roll"],"picked":"PiercingWail","floor":2.0},{"not_picked":["Bane","Slice"],"picked":"Dagger Throw","floor":3.0},{"not_picked":["Eviscerate","Tactician"],"picked":"Well Laid Plans","floor":4.0},{"not_picked":["Flying Knee","Flechettes"],"picked":"Cloak And Dagger","floor":5.0},{"not_picked":["Reflex","PiercingWail"],"picked":"Sucker Punch","floor":6.0},{"not_picked":["Catalyst","Heel Hook"],"picked":"Blur","floor":8.0},{"not_picked":["Deflect","Bane"],"picked":"Predator","floor":11.0},{"not_picked":["Quick Slash","Deadly Poison"],"picked":"Cloak And Dagger","floor":13.0},{"not_picked":["Caltrops","Dagger Spray"],"picked":"Tools of the Trade","floor":14.0},{"not_picked":["Night Terror","Glass Knife"],"picked":"Die Die Die","floor":16.0},{"not_picked":["Predator","PiercingWail"],"picked":"Flying Knee+1","floor":18.0},{"not_picked":["Blur","Riddle With Holes","Dodge and Roll"],"picked":"SKIP","floor":22.0},{"not_picked":["Dagger Spray+1","Quick Slash"],"picked":"Escape Plan","floor":23.0},{"not_picked":["Unload","Deadly Poison"],"picked":"Quick Slash","floor":25.0},{"not_picked":["Riddle With Holes+1","Quick Slash"],"picked":"Slice","floor":28.0},{"not_picked":["Dagger Spray+1","Distraction"],"picked":"Calculated Gamble","floor":29.0},{"not_picked":["Masterful Stab+1","Terror+1"],"picked":"Envenom","floor":30},{"not_picked":["Deadly Poison+1","Quick Slash+1"],"picked":"Acrobatics+1","floor":31},{"not_picked":["Doppelganger","Unload"],"picked":"Malaise","floor":33},{"not_picked":["Dagger Spray","Choke+1"],"picked":"PiercingWail+1","floor":35},{"not_picked":["Poisoned Stab","Sucker Punch"],"picked":"Concentrate+1","floor":36},{"not_picked":["Terror+1","Quick Slash+1"],"picked":"Prepared","floor":37},{"not_picked":["Predator+1","Outmaneuver+1"],"picked":"Crippling Poison","floor":38},{"not_picked":["Deflect","Grand Finale"],"picked":"Blur+1","floor":41},{"not_picked":["Poisoned Stab+1","Cloak And Dagger","Deadly Poison+1"],"picked":"SKIP","floor":42},{"not_picked":["Sucker Punch+1","PiercingWail"],"picked":"Finisher","floor":44}],"player_experience":646704,"relics_obtained":[{"floor":6.0,"key":"Gremlin Horn"},{"floor":9.0,"key":"Bronze Scales"},{"floor":19.0,"key":"Enchiridion"},{"floor":23.0,"key":"Tough Bandages"},{"floor":25.0,"key":"Bag of Marbles"},{"floor":26.0,"key":"Potion Belt"},{"floor":30,"key":"Art of War"},{"floor":43,"key":"Strawberry"},{"floor":44,"key":"Whetstone"}],"event_choices":[{"damage_healed":17.0,"max_hp_gain":0.0,"max_hp_loss":0.0,"gold_gain":0.0,"event_name":"Mushrooms","player_choice":"Healed and dodged fight","floor":10.0,"gold_loss":0.0,"damage_taken":0.0,"cards_obtained":["Parasite"]},{"damage_healed":0.0,"max_hp_gain":0.0,"max_hp_loss":0.0,"gold_gain":0.0,"event_name":"Cursed Tome","player_choice":"Obtained Book","floor":19.0,"gold_loss":0.0,"damage_taken":16.0},{"damage_healed":0.0,"max_hp_gain":0.0,"max_hp_loss":0.0,"gold_gain":0.0,"event_name":"Match and Keep!","player_choice":"0 cards matched","floor":21.0,"gold_loss":0.0,"damage_taken":0.0,"cards_obtained":[]},{"damage_healed":0,"gold_gain":0,"player_choice":"Ignored","damage_taken":0,"max_hp_gain":0,"max_hp_loss":0,"event_name":"Tomb of Lord Red Mask","floor":39,"gold_loss":0},{"damage_healed":0,"gold_gain":0,"player_choice":"Upgrade","damage_taken":0,"relics_obtained":["Mark of the Bloom"],"max_hp_gain":0,"max_hp_loss":0,"event_name":"MindBloom","floor":48,"gold_loss":0,"cards_upgraded":["Defend_G","Defend_G","Defend_G","Defend_G","Defend_G","Strike_G","Strike_G","Strike_G","Strike_G","Strike_G","Neutralize","Dagger Spray","PiercingWail","Dagger Throw","Well Laid Plans","Cloak And Dagger","Predator","Cloak And Dagger","Tools of the Trade","Secret Weapon","Escape Plan","Quick Slash","Slice","Calculated Gamble","Envenom","Malaise","Prepared","Crippling Poison","Finisher"]}],"is_beta":false,"boss_relics":[{"not_picked":["Pandora\u0027s Box","White Beast Statue"],"picked":"Fusion Hammer"},{"not_picked":["Orrery","Eternal Feather"],"picked":"Ring of the Serpent"}],"items_purged_floors":[20],"is_endless":false,"potions_floor_spawned":[2,4,11,14,22,23,25,28,29,35,38,42,44],"ascension_level":7}