{"gold_per_floor":[117,129,141,155,171,200,200,216,216,216,235,235,254,281,281,382,382,398,368,76,92,92,92,118,130,130,130,144,157,171,185,185,285,285,296,350,368,380,73,73,86,114,114,114,114,43,43,60,60,60],"floor_reached":51,"playtime":3102,"items_purged":[],"score":750,"play_id":"54fc4cae-a521-452f-8795-5c2b62749c82","local_time":"20181010214912","is_ascension_mode":true,"campfire_choices":[{"floor":7.0,"key":"REST"},{"data":"Beam Cell","floor":10.0,"key":"SMITH"},{"floor":15.0,"key":"REST"},{"floor":23.0,"key":"REST"},{"floor":27.0,"key":"REST"},{"floor":32.0,"key":"REST"},{"floor":40,"key":"REST"},{"data":"Buffer","floor":47,"key":"SMITH"},{"data":"Rainbow","floor":49,"key":"SMITH"}],"neow_cost":"","seed_source_timestamp":0,"circlet_count":0,"master_deck":["Strike_B","Strike_B","Strike_B","Strike_B","Defend_B","Defend_B","Defend_B","Zap","Dualcast","Beam Cell+1","Go for the Eyes","Beam Cell","Sweeping Beam","Steam Power","Melter","Compile Driver","Hologram","Leap","Electrodynamics","Static Discharge","Leap","Tempest","Barrage","Leap","Buffer+1","Redo+1","Rebound","White Noise+1","Aggregate","Echo Form","Undo+1","Sunder","Rainbow+1","Fusion+1","Electrodynamics","Coolheaded","Doubt","Finesse"],"special_seed":0,"relics":["Cracked Core","Potion Belt","Torii","Calipers","Orrery","StoneCalendar","Pantograph","Shuriken","Nuclear Battery","Thread and Needle","DataDisk","Nunchaku","The Courier"],"potions_floor_usage":[42,42,50,50,50,50,50,50],"damage_taken":[{"damage":12.0,"enemies":"Small Slimes","floor":1.0,"turns":4.0},{"damage":6.0,"enemies":"Cultist","floor":2.0,"turns":3.0},{"damage":0.0,"enemies":"2 Louse","floor":3.0,"turns":2.0},{"damage":0.0,"enemies":"2 Fungi Beasts","floor":4.0,"turns":3.0},{"damage":2.0,"enemies":"Looter","floor":5.0,"turns":3.0},{"damage":18.0,"enemies":"Lagavulin","floor":6.0,"turns":6.0},{"damage":10.0,"enemies":"3 Louse","floor":8.0,"turns":2.0},{"damage":1.0,"enemies":"Blue Slaver","floor":11.0,"turns":3.0},{"damage":7.0,"enemies":"Gremlin Gang","floor":13.0,"turns":3.0},{"damage":20.0,"enemies":"3 Sentries","floor":14.0,"turns":4.0},{"damage":48.0,"enemies":"Hexaghost","floor":16.0,"turns":11.0},{"damage":14.0,"enemies":"Shell Parasite","floor":18.0,"turns":5.0},{"damage":10.0,"enemies":"2 Thieves","floor":19.0,"turns":5.0},{"damage":9.0,"enemies":"Sentry and Sphere","floor":21.0,"turns":3.0},{"damage":19.0,"enemies":"Gremlin Leader","floor":24.0,"turns":7.0},{"damage":1.0,"enemies":"Chosen and Byrds","floor":25.0,"turns":4.0},{"damage":23.0,"enemies":"Snake Plant","floor":28.0,"turns":4.0},{"damage":19.0,"enemies":"Snecko","floor":29.0,"turns":5.0},{"damage":27.0,"enemies":"Centurion and Healer","floor":30.0,"turns":7.0},{"damage":7.0,"enemies":"Cultist and Chosen","floor":31.0,"turns":6.0},{"damage":44.0,"enemies":"Collector","floor":33.0,"turns":9.0},{"damage":11,"enemies":"Orb Walker","floor":35,"turns":5},{"damage":38,"enemies":"Mysterious Sphere","floor":36,"turns":5},{"damage":0,"enemies":"3 Darklings","floor":37,"turns":4},{"damage":0,"enemies":"4 Shapes","floor":38,"turns":2},{"damage":12,"enemies":"Reptomancer","floor":41,"turns":5},{"damage":24,"enemies":"2 Orb Walkers","floor":42,"turns":4},{"damage":10,"enemies":"Transient","floor":48,"turns":5},{"damage":63,"enemies":"Donu and Deca","floor":50,"turns":8}],"seed_played":"1934399916220242792","potions_obtained":[{"floor":1.0,"key":"Explosive Potion"},{"floor":3.0,"key":"Regen Potion"},{"floor":8.0,"key":"FearPotion"},{"floor":11.0,"key":"Swift Potion"},{"floor":14.0,"key":"PowerPotion"},{"floor":18.0,"key":"EssenceOfSteel"},{"floor":21.0,"key":"AttackPotion"},{"floor":24.0,"key":"Strength Potion"},{"floor":30.0,"key":"Strength Potion"},{"floor":31.0,"key":"SpeedPotion"},{"floor":36,"key":"Fire Potion"},{"floor":41,"key":"FearPotion"},{"floor":42,"key":"EntropicBrew"}],"is_trial":false,"path_per_floor":["M","M","M","M","M","E","R","M","T","R","M","?","M","E","R","B",null,"M","M","$","M","?","R","E","M","T","R","M","M","M","M","R","B",null,"M","?","M","M","$","R","M","E","T","?","?","$","R","M","R","B"],"character_chosen":"DEFECT","items_purchased":["StoneCalendar","DataDisk","Electrodynamics","Finesse"],"campfire_rested":6,"item_purchase_floors":[20,39,39,46],"current_hp_per_floor":[63,57,57,57,55,37,59,49,49,49,48,75,68,48,70,22,75,61,51,51,42,42,64,45,44,44,66,43,24,11,4,26,7,75,64,26,26,26,26,48,36,12,12,75,75,75,75,65,65,12],"gold":60,"neow_bonus":"","is_prod":false,"is_daily":false,"chose_seed":false,"campfire_upgraded":3,"win_rate":0,"timestamp":1539233352,"path_taken":["M","M","M","M","M","E","R","M","T","R","M","?","M","E","R","BOSS","M","M","$","M","?","R","E","M","T","R","M","M","M","M","R","BOSS","M","?","M","?","$","R","M","E","T","?","?","$","R","M","R","BOSS"],"build_version":"2018-10-04v2","purchased_purges":0,"victory":true,"max_hp_per_floor":[75,75,75,75,75,75,75,75,75,75,75,75,75,75,75,75,75,75,75,75,75,75,75,75,75,75,75,75,75,75,75,75,75,75,75,75,75,75,75,75,75,75,75,75,75,75,75,75,75,75],"card_choices":[{"not_picked":["Steam Power","Barrage"],"picked":"Beam Cell","floor":1.0},{"not_picked":["Compile Driver","Rebound"],"picked":"Go for the Eyes","floor":2.0},{"not_picked":["Go for the Eyes","Rebound"],"picked":"Beam Cell","floor":3.0},{"not_picked":["Stack","Heatsinks"],"picked":"Sweeping Beam","floor":4.0},{"not_picked":["Coolheaded","Compile Driver"],"picked":"Steam Power","floor":5.0},{"not_picked":["Meteor Strike","Capacitor"],"picked":"Melter","floor":6.0},{"not_picked":["Sweeping Beam","Rip and Tear"],"picked":"Compile Driver","floor":8.0},{"not_picked":["Reprogram","Barrage"],"picked":"Loop","floor":11.0},{"not_picked":["Skim","Recycle"],"picked":"Hologram","floor":13.0},{"not_picked":["Reprogram","Redo"],"picked":"Leap","floor":14.0},{"not_picked":["Biased Cognition","Machine Learning"],"picked":"Electrodynamics","floor":16.0},{"not_picked":["Go for the Eyes","Sweeping Beam"],"picked":"Static Discharge","floor":17.0},{"not_picked":["Barrage","Beam Cell"],"picked":"Leap","floor":17.0},{"not_picked":["Go for the Eyes","Redo"],"picked":"Tempest","floor":17.0},{"not_picked":["Steam","Skim"],"picked":"Barrage","floor":17.0},{"not_picked":["Turbo","Storm"],"picked":"Leap","floor":17.0},{"not_picked":["Beam Cell","Redo"],"picked":"Buffer","floor":18.0},{"not_picked":["Heatsinks","Beam Cell+1"],"picked":"Redo+1","floor":19.0},{"not_picked":["Recycle+1","Compile Driver"],"picked":"Rebound","floor":21.0},{"not_picked":["Steam Power","Cold Snap"],"picked":"White Noise+1","floor":24.0},{"not_picked":["FTL","Rebound"],"picked":"Aggregate","floor":25.0},{"not_picked":["Conserve Battery","Fusion"],"picked":"Echo Form","floor":28.0},{"not_picked":["Consume","Glacier"],"picked":"Undo+1","floor":29.0},{"not_picked":["Hologram","Redo","Sweeping Beam+1"],"picked":"SKIP","floor":30.0},{"not_picked":["Gash","Undo"],"picked":"Sunder","floor":31.0},{"not_picked":["Biased Cognition","Buffer"],"picked":"Rainbow","floor":33.0},{"not_picked":["Hello World+1","Loop+1"],"picked":"Fusion+1","floor":35},{"not_picked":["Steam","Gash","Hologram"],"picked":"SKIP","floor":37},{"not_picked":["Go for the Eyes","Turbo+1","Steam"],"picked":"SKIP","floor":38},{"not_picked":["Compile Driver","Sunder+1","Turbo"],"picked":"SKIP","floor":41},{"not_picked":["Reprogram","Amplify"],"picked":"Coolheaded","floor":42},{"not_picked":["Coolheaded+1","Streamline","Rebound+1"],"picked":"SKIP","floor":48}],"player_experience":437906,"relics_obtained":[{"floor":6.0,"key":"Potion Belt"},{"floor":9.0,"key":"Torii"},{"floor":14.0,"key":"Calipers"},{"floor":24.0,"key":"Pantograph"},{"floor":26.0,"key":"Shuriken"},{"floor":36,"key":"Thread and Needle"},{"floor":42,"key":"Nunchaku"},{"floor":43,"key":"The Courier"}],"event_choices":[{"event_name":"Bonfire Elementals","player_choice":"UNCOMMON","floor":12.0,"damage_taken":0.0},{"event_name":"Beggar","player_choice":"Ignored","floor":22.0,"damage_taken":0.0},{"event_name":"Mysterious Sphere","player_choice":"Fight","floor":36,"damage_taken":0},{"event_name":"MindBloom","player_choice":"Heal","floor":44,"damage_taken":0},{"event_name":"Falling","player_choice":"Removed Skill","floor":45,"damage_taken":0}],"is_beta":false,"boss_relics":[{"not_picked":["Runic Dome","Lizard Tail"],"picked":"Orrery"},{"not_picked":["Astrolabe","Eternal Feather"],"picked":"Nuclear Battery"}],"items_purged_floors":[],"is_endless":false,"potions_floor_spawned":[1,3,8,11,14,18,21,24,25,30,31,36,41,42],"ascension_level":1}