{"gold_per_floor":[109,109,120,137,115,132,132,164,218,218],"floor_reached":10,"playtime":439,"items_purged":[],"score":68,"play_id":"40369188-bc5e-482a-8190-d991db489203","local_time":"20191011203753","is_ascension_mode":false,"campfire_choices":[],"neow_cost":"NONE","seed_source_timestamp":303790638754300,"circlet_count":0,"master_deck":["Strike_R","Strike_R","Strike_R","Strike_R","Defend_R","Defend_R","Defend_R","Defend_R","Bash","Combust","Infernal Blade","Body Slam","Havoc","Offering","Fire Breathing"],"relics":["Runic Pyramid","Pantograph","Smiling Mask"],"potions_floor_usage":[8],"damage_taken":[{"damage":3,"enemies":"Jaw Worm","floor":1,"turns":4},{"damage":1,"enemies":"Cultist","floor":3,"turns":3},{"damage":14,"enemies":"2 Louse","floor":4,"turns":4},{"damage":23,"enemies":"Large Slime","floor":6,"turns":7},{"damage":37,"enemies":"3 Sentries","floor":8,"turns":11},{"damage":7,"enemies":"Gremlin Gang","floor":10,"turns":1}],"seed_played":"-7728093783277430430","potions_obtained":[{"floor":3,"key":"Poison Potion"},{"floor":6,"key":"GamblersBrew"}],"is_trial":false,"path_per_floor":["M","?","M","M","$","M","?","E","T","M"],"character_chosen":"IRONCLAD","items_purchased":["Body Slam"],"campfire_rested":0,"item_purchase_floors":[5],"current_hp_per_floor":[77,80,79,65,65,42,42,5,5,0],"gold":218,"neow_bonus":"BOSS_RELIC","is_prod":false,"is_daily":false,"chose_seed":false,"campfire_upgraded":0,"win_rate":0,"timestamp":1570844273,"path_taken":["M","?","?","M","$","M","?","E","T","M"],"build_version":"2019-07-17","purchased_purges":0,"victory":false,"max_hp_per_floor":[80,80,80,80,80,80,80,80,80,80],"card_choices":[{"not_picked":["True Grit","Hemokinesis"],"picked":"Body Slam","floor":1},{"not_picked":["Warcry","Pommel Strike"],"picked":"Combust","floor":3},{"not_picked":["Seeing Red","Cleave"],"picked":"Infernal Blade","floor":4},{"not_picked":["Reckless Charge","Heavy Blade"],"picked":"Havoc","floor":6},{"not_picked":["Pommel Strike","Shockwave"],"picked":"Fire Breathing","floor":8}],"player_experience":116596,"relics_obtained":[{"floor":8,"key":"Pantograph"},{"floor":9,"key":"Smiling Mask"}],"event_choices":[{"cards_removed":["Body Slam"],"damage_healed":5,"gold_gain":0,"player_choice":"Offered Common","damage_taken":0,"max_hp_gain":0,"max_hp_loss":0,"event_name":"Bonfire Elementals","floor":2,"gold_loss":0},{"cards_removed":["Body Slam"],"damage_healed":5,"gold_gain":0,"player_choice":"Offered Special","damage_taken":0,"max_hp_gain":0,"max_hp_loss":0,"event_name":"Bonfire Elementals","floor":2,"gold_loss":0},{"damage_healed":0,"gold_gain":0,"cards_transformed":["Strike_R"],"player_choice":"Change","damage_taken":0,"max_hp_gain":0,"max_hp_loss":0,"event_name":"Living Wall","floor":7,"gold_loss":0,"cards_obtained":["Offering"]}],"is_beta":false,"boss_relics":[],"items_purged_floors":[],"is_endless":false,"potions_floor_spawned":[3,6],"killed_by":"Gremlin Gang","ascension_level":0}