{"gold_per_floor":[112,27,102,19,39,39,74,74,74,94,94,111,128,128,128,207,207,226,226],"floor_reached":19,"playtime":7068,"items_purged":[],"score":326,"play_id":"83102dc3-6e28-4814-b8fe-889c32312c8c","local_time":"20190727150758","is_ascension_mode":true,"campfire_choices":[{"data":"Zap","floor":6.0,"key":"SMITH"},{"floor":8.0,"key":"REST"},{"floor":11.0,"key":"REST"},{"floor":15,"key":"REST"}],"neow_cost":"NONE","seed_source_timestamp":0,"circlet_count":0,"master_deck":["AscendersBane","Strike_B","Strike_B","Strike_B","Strike_B","Defend_B","Defend_B","Defend_B","Defend_B","Zap+1","Dualcast","Sweeping Beam","Loop","Hello World","Blizzard","Turbo","Chaos","Sweeping Beam","Chill","Echo Form","Streamline"],"special_seed":0,"relics":["Cracked Core","Strawberry","Bird Faced Urn","Orichalcum","Runic Pyramid"],"potions_floor_usage":[12,13,13,16],"damage_taken":[{"damage":0.0,"enemies":"Cultist","floor":1.0,"turns":3.0},{"damage":0.0,"enemies":"Small Slimes","floor":5.0,"turns":2.0},{"damage":51.0,"enemies":"3 Sentries","floor":7.0,"turns":6.0},{"damage":7.0,"enemies":"2 Louse","floor":10.0,"turns":3.0},{"damage":18,"enemies":"Large Slime","floor":12,"turns":5},{"damage":26,"enemies":"Gremlin Gang","floor":13,"turns":4},{"damage":25,"enemies":"Hexaghost","floor":16,"turns":9},{"damage":29,"enemies":"3 Byrds","floor":18,"turns":6},{"damage":44,"enemies":"Shell Parasite","floor":19,"turns":4}],"seed_played":"6975867675690561347","potions_obtained":[{"floor":1.0,"key":"SpeedPotion"},{"floor":5.0,"key":"Fire Potion"},{"floor":7.0,"key":"Swift Potion"},{"floor":12,"key":"Fire Potion"},{"floor":14,"key":"SpeedPotion"},{"floor":14,"key":"Fire Potion"}],"is_trial":false,"path_per_floor":["M","$","?","$","M","R","E","R","T","M","R","M","M","?","R","B",null,"M","M"],"character_chosen":"DEFECT","items_purchased":["Loop","Hello World"],"campfire_rested":3,"item_purchase_floors":[2,4],"current_hp_per_floor":[71,71,60,60,60,60,9,32,32,29,52,38,14,14,37,16,63,40,0],"gold":226,"neow_bonus":"RANDOM_COMMON_RELIC","is_prod":false,"is_daily":false,"chose_seed":false,"campfire_upgraded":1,"win_rate":0,"timestamp":1564265278,"path_taken":["M","$","?","$","M","R","E","R","T","M","R","M","M","?","R","BOSS","M","?"],"build_version":"2019-07-17","purchased_purges":0,"victory":false,"max_hp_per_floor":[78,78,78,78,78,78,78,78,78,78,78,78,78,78,78,78,78,78,78],"card_choices":[{"not_picked":["FTL","Conserve Battery"],"picked":"Sweeping Beam","floor":1.0},{"not_picked":["Steam","Barrage"],"picked":"Blizzard","floor":5.0},{"not_picked":["Lockon","Redo"],"picked":"Turbo","floor":7.0},{"not_picked":["Chill","Sweeping Beam"],"picked":"Chaos","floor":10.0},{"not_picked":["Reprogram","Turbo"],"picked":"Sweeping Beam","floor":12},{"not_picked":["Tempest","Consume"],"picked":"Chill","floor":13},{"not_picked":["Fission","Meteor Strike"],"picked":"Echo Form","floor":16},{"not_picked":["Conserve Battery","Ball Lightning"],"picked":"Streamline","floor":18}],"player_experience":2383192,"relics_obtained":[{"floor":7.0,"key":"Bird Faced Urn"},{"floor":9.0,"key":"Orichalcum"}],"event_choices":[{"damage_healed":0.0,"max_hp_gain":0.0,"max_hp_loss":0.0,"gold_gain":75.0,"event_name":"World of Goop","player_choice":"Gather Gold","floor":3.0,"gold_loss":0.0,"damage_taken":11.0},{"damage_healed":0,"gold_gain":0,"player_choice":"Got Potions","damage_taken":0,"max_hp_gain":0,"max_hp_loss":0,"event_name":"Lab","floor":14,"gold_loss":0}],"is_beta":false,"boss_relics":[{"not_picked":["Philosopher\u0027s Stone","Eternal Feather"],"picked":"Runic Pyramid"}],"items_purged_floors":[],"is_endless":false,"potions_floor_spawned":[1,5,7,12],"killed_by":"Shell Parasite","ascension_level":19}