{"gold_per_floor":[109,128,128,140,140,140,169,169,169,169,184,32,63,82,82,155,155,166,183,183,15,15],"floor_reached":22,"playtime":870,"items_purged":["Defend_B"],"score":359,"play_id":"008ed564-3a85-4f30-aba6-dba451d08cae","local_time":"20191002151444","is_ascension_mode":true,"campfire_choices":[{"data":"Reinforced Body","floor":6.0,"key":"SMITH"},{"floor":8.0,"key":"REST"},{"floor":10.0,"key":"REST"},{"floor":15,"key":"REST"}],"neow_cost":"NONE","seed_source_timestamp":78871249451151,"circlet_count":0,"master_deck":["AscendersBane","Strike_B","Strike_B","Strike_B","Strike_B","Defend_B","Defend_B","Defend_B","Zap","Dualcast","Leap","Reinforced Body+1","Double Energy","Consume","Capacitor","Ball Lightning","Cold Snap","Machine Learning","Glacier","Gash"],"special_seed":0,"relics":["Cracked Core","Bronze Scales","Gremlin Horn","Bag of Preparation","Shuriken","Potion Belt","Fusion Hammer","Happy Flower"],"potions_floor_usage":[18,22,22],"damage_taken":[{"damage":0.0,"enemies":"Cultist","floor":1.0,"turns":3.0},{"damage":2.0,"enemies":"Jaw Worm","floor":2.0,"turns":3.0},{"damage":0.0,"enemies":"Small Slimes","floor":4.0,"turns":3.0},{"damage":32.0,"enemies":"Gremlin Nob","floor":7.0,"turns":5.0},{"damage":2.0,"enemies":"Looter","floor":11.0,"turns":2.0},{"damage":48,"enemies":"3 Sentries","floor":13,"turns":9},{"damage":0,"enemies":"Red Slaver","floor":14,"turns":3},{"damage":1,"enemies":"The Guardian","floor":16,"turns":13},{"damage":17,"enemies":"Shell Parasite","floor":18,"turns":6},{"damage":0,"enemies":"Chosen","floor":19,"turns":5},{"damage":31,"enemies":"Snake Plant","floor":22,"turns":2}],"seed_played":"-2063263002642761298","potions_obtained":[{"floor":1.0,"key":"PowerPotion"},{"floor":11.0,"key":"Weak Potion"},{"floor":14,"key":"PowerPotion"},{"floor":16,"key":"FocusPotion"}],"is_trial":false,"path_per_floor":["M","M","?","M","?","R","E","R","T","R","M","$","E","M","R","B",null,"M","M","?","$","M"],"character_chosen":"DEFECT","items_purchased":["Capacitor","Happy Flower"],"campfire_rested":3,"item_purchase_floors":[12,21],"current_hp_per_floor":[64,62,51,51,51,51,19,40,40,61,59,59,11,11,32,31,61,44,44,24,24,0],"gold":15,"neow_bonus":"RANDOM_COMMON_RELIC","is_prod":false,"is_daily":false,"chose_seed":false,"campfire_upgraded":1,"win_rate":0,"timestamp":1570054484,"path_taken":["M","M","?","M","?","R","E","R","T","R","M","$","E","M","R","BOSS","M","M","?","$","M"],"build_version":"2019-07-17","purchased_purges":1,"victory":false,"max_hp_per_floor":[71,71,71,71,71,71,71,71,71,71,71,71,71,71,71,71,71,71,71,76,76,76],"card_choices":[{"not_picked":["Redo","Streamline"],"picked":"Leap","floor":1.0},{"not_picked":["Stack","Streamline"],"picked":"Reinforced Body","floor":2.0},{"not_picked":["Static Discharge","Turbo","Fusion"],"picked":"SKIP","floor":4.0},{"not_picked":["Scrape","Multi-Cast"],"picked":"Double Energy","floor":7.0},{"not_picked":["Storm","Doom and Gloom"],"picked":"Consume","floor":11.0},{"not_picked":["Buffer","Consume"],"picked":"Ball Lightning","floor":13},{"not_picked":["Genetic Algorithm","Fusion"],"picked":"Cold Snap","floor":14},{"not_picked":["Hyperbeam","Seek"],"picked":"Machine Learning","floor":16},{"not_picked":["Go for the Eyes","Turbo"],"picked":"Glacier","floor":18},{"not_picked":["Static Discharge","Fusion"],"picked":"Gash","floor":19}],"player_experience":662338,"relics_obtained":[{"floor":7.0,"key":"Bag of Preparation"},{"floor":9.0,"key":"Shuriken"},{"floor":13,"key":"Potion Belt"}],"event_choices":[{"damage_healed":0.0,"max_hp_gain":0.0,"max_hp_loss":0.0,"gold_gain":0.0,"event_name":"Scrap Ooze","player_choice":"Success","floor":3.0,"gold_loss":0.0,"damage_taken":11.0,"relics_obtained":["Gremlin Horn"]},{"damage_healed":0.0,"max_hp_gain":0.0,"max_hp_loss":0.0,"gold_gain":0.0,"event_name":"Liars Game","player_choice":"Ignored","floor":5.0,"gold_loss":0.0,"damage_taken":0.0},{"damage_healed":0,"gold_gain":0,"player_choice":"Shed Blood","damage_taken":25,"max_hp_gain":5,"max_hp_loss":0,"event_name":"Forgotten Altar","floor":20,"gold_loss":0}],"is_beta":false,"boss_relics":[{"not_picked":["Ectoplasm","Coffee Dripper"],"picked":"Fusion Hammer"}],"items_purged_floors":[12],"is_endless":false,"potions_floor_spawned":[1,11,14,16],"killed_by":"Snake Plant","ascension_level":17}