{"gold_per_floor":[115,115,134,134,134,134,164,177,204,204,32,46,46,56,56,130,130,144,243,0,20,32,32,50,79,103,119,129,129,148,148,148,220,220,233,133,233,28,77,77,77,77,150,168,183,201,212,72,72,72],"floor_reached":51,"playtime":3617,"items_purged":["Strike_B","Strike_B"],"score":1095,"play_id":"c25376c6-6aaa-4db6-83cb-b6cd4436284e","local_time":"20190518141026","is_ascension_mode":true,"campfire_choices":[{"data":"Self Repair","floor":6.0,"key":"SMITH"},{"data":"Cold Snap","floor":10.0,"key":"SMITH"},{"data":"Capacitor","floor":15.0,"key":"SMITH"},{"data":"Defragment","floor":23.0,"key":"SMITH"},{"data":"Blizzard","floor":29.0,"key":"SMITH"},{"data":"Coolheaded","floor":32.0,"key":"SMITH"},{"data":"Seek","floor":40.0,"key":"SMITH"},{"data":"Loop","floor":42.0,"key":"SMITH"},{"data":"Echo Form","floor":49.0,"key":"SMITH"}],"neow_cost":"NONE","seed_source_timestamp":0,"circlet_count":0,"master_deck":["AscendersBane","Strike_B","Strike_B","Defend_B","Defend_B","Defend_B","Defend_B","Zap+1","Self Repair+1","Cold Snap+1","Capacitor+1","Coolheaded+1","Blizzard+1","Barrage","Defragment+1","Glacier","Reboot","Loop+1","White Noise+1","Seek+1","Hologram+1","Capacitor","Echo Form+1"],"special_seed":0,"relics":["Cracked Core","NeowsBlessing","Ancient Tea Set","Boot","Velvet Choker","Bag of Preparation","Art of War","Orrery","Emotion Chip","Frozen Eye","Pocketwatch","Gremlin Horn"],"potions_floor_usage":[],"damage_taken":[{"damage":0.0,"enemies":"Cultist","floor":1.0,"turns":1.0},{"damage":0.0,"enemies":"2 Louse","floor":3.0,"turns":1.0},{"damage":0.0,"enemies":"Gremlin Nob","floor":7.0,"turns":1.0},{"damage":14.0,"enemies":"Jaw Worm","floor":8.0,"turns":5.0},{"damage":11.0,"enemies":"Exordium Thugs","floor":12.0,"turns":5.0},{"damage":7.0,"enemies":"2 Fungi Beasts","floor":14.0,"turns":4.0},{"damage":10.0,"enemies":"The Guardian","floor":16.0,"turns":12.0},{"damage":23.0,"enemies":"3 Byrds","floor":18.0,"turns":4.0},{"damage":8.0,"enemies":"Shell Parasite","floor":21.0,"turns":6.0},{"damage":19.0,"enemies":"Centurion and Healer","floor":22.0,"turns":8.0},{"damage":20.0,"enemies":"Snake Plant","floor":24.0,"turns":5.0},{"damage":25.0,"enemies":"Book of Stabbing","floor":25.0,"turns":6.0},{"damage":0.0,"enemies":"Cultist and Chosen","floor":27.0,"turns":6.0},{"damage":6.0,"enemies":"3 Cultists","floor":28.0,"turns":5.0},{"damage":3.0,"enemies":"Sentry and Sphere","floor":30.0,"turns":6.0},{"damage":1.0,"enemies":"Automaton","floor":33.0,"turns":12.0},{"damage":48.0,"enemies":"3 Darklings","floor":35.0,"turns":6.0},{"damage":5.0,"enemies":"Mind Bloom Boss Battle","floor":37.0,"turns":6.0},{"damage":22.0,"enemies":"2 Orb Walkers","floor":39.0,"turns":8.0},{"damage":0.0,"enemies":"3 Shapes","floor":44.0,"turns":5.0},{"damage":15.0,"enemies":"Writhing Mass","floor":45.0,"turns":9.0},{"damage":9.0,"enemies":"3 Darklings","floor":46.0,"turns":5.0},{"damage":0.0,"enemies":"Maw","floor":47.0,"turns":7.0},{"damage":39,"enemies":"Awakened One","floor":50,"turns":14}],"seed_played":"5303060674865500240","potions_obtained":[{"floor":7.0,"key":"GamblersBrew"},{"floor":8.0,"key":"FearPotion"},{"floor":12.0,"key":"Fruit Juice"},{"floor":14.0,"key":"Fruit Juice"},{"floor":18.0,"key":"LiquidBronze"},{"floor":22.0,"key":"EntropicBrew"},{"floor":27.0,"key":"SteroidPotion"},{"floor":28.0,"key":"EssenceOfSteel"},{"floor":30.0,"key":"SpeedPotion"},{"floor":35.0,"key":"SkillPotion"},{"floor":37.0,"key":"Swift Potion"},{"floor":45.0,"key":"Swift Potion"},{"floor":46.0,"key":"SteroidPotion"}],"is_trial":false,"path_per_floor":["M","?","M","?","?","R","E","M","T","R","$","M","$","M","R","B",null,"M","?","?","M","M","R","M","E","T","M","M","R","M","?","R","B",null,"M","$","?","$","?","R","?","R","T","M","M","M","M","$","R","B",null],"character_chosen":"DEFECT","items_purchased":["Capacitor","Coolheaded","Frozen Eye","Echo Form"],"campfire_rested":0,"item_purchase_floors":[11,11,38,48],"current_hp_per_floor":[64,64,64,64,64,64,64,60,60,60,60,59,59,57,57,62,76,63,63,63,65,56,56,46,46,46,56,60,60,67,67,67,76,80,42,42,47,47,35,35,35,35,35,45,40,41,51,51,51,22],"gold":72,"neow_bonus":"THREE_ENEMY_KILL","is_prod":false,"is_daily":false,"chose_seed":false,"campfire_upgraded":9,"win_rate":0,"timestamp":1558213826,"path_taken":["M","?","?","?","?","R","E","M","T","R","?","M","$","?","R","BOSS","M","?","?","M","M","R","M","E","T","M","M","R","M","?","R","BOSS","M","$","?","$","?","R","?","R","T","?","M","M","M","?","R","BOSS"],"build_version":"2019-01-23","purchased_purges":2,"victory":true,"max_hp_per_floor":[71,71,71,71,71,71,71,71,71,71,71,71,71,76,76,81,81,81,81,81,81,81,81,81,81,81,81,81,81,81,81,81,81,81,81,81,81,81,81,81,81,81,81,81,81,81,81,81,81,81],"card_choices":[{"not_picked":["Rebound","FTL"],"picked":"Self Repair","floor":1.0},{"not_picked":["Conserve Battery","Compile Driver","Turbo"],"picked":"SKIP","floor":3.0},{"not_picked":["Steam","Barrage","Hello World"],"picked":"SKIP","floor":7.0},{"not_picked":["Storm","Go for the Eyes"],"picked":"Cold Snap","floor":8.0},{"not_picked":["Leap","Barrage"],"picked":"Blizzard","floor":12.0},{"not_picked":["Darkness","Multi-Cast"],"picked":"Barrage","floor":14.0},{"not_picked":["Rebound","Leap"],"picked":"Defragment","floor":18.0},{"not_picked":["Gash","Ball Lightning","Recycle"],"picked":"SKIP","floor":21.0},{"not_picked":["Gash+1","Hello World","Rebound"],"picked":"SKIP","floor":22.0},{"not_picked":["Ball Lightning","Leap"],"picked":"Glacier","floor":24.0},{"not_picked":["Sweeping Beam","Steam+1","Coolheaded"],"picked":"SKIP","floor":25.0},{"not_picked":["Compile Driver","Cold Snap+1","Reprogram"],"picked":"SKIP","floor":27.0},{"not_picked":["Gash","Compile Driver","Sweeping Beam"],"picked":"SKIP","floor":28.0},{"not_picked":["Coolheaded","Recycle+1"],"picked":"Reboot","floor":30.0},{"not_picked":["Compile Driver+1","Gash"],"picked":"Loop","floor":34.0},{"not_picked":["Beam Cell","Coolheaded"],"picked":"White Noise+1","floor":34.0},{"not_picked":["Lockon","Leap+1"],"picked":"Seek","floor":35.0},{"not_picked":["Rebound","Coolheaded+1","Fusion"],"picked":"SKIP","floor":44.0},{"not_picked":["Barrage+1","Cold Snap"],"picked":"Hologram+1","floor":45.0},{"not_picked":["Redo+1","Sweeping Beam+1"],"picked":"Capacitor","floor":46.0},{"not_picked":["Beam Cell","Turbo","Steam"],"picked":"SKIP","floor":47.0}],"player_experience":1199982,"relics_obtained":[{"floor":7.0,"key":"Ancient Tea Set"},{"floor":9.0,"key":"Boot"},{"floor":25.0,"key":"Bag of Preparation"},{"floor":26.0,"key":"Art of War"},{"floor":37.0,"key":"Emotion Chip"},{"floor":39.0,"key":"Pocketwatch"},{"floor":43.0,"key":"Gremlin Horn"}],"event_choices":[{"cards_removed":["Dualcast"],"damage_healed":0.0,"max_hp_gain":0.0,"max_hp_loss":0.0,"gold_gain":0.0,"event_name":"Bonfire Elementals","player_choice":"Offered Basic","floor":2.0,"gold_loss":0.0,"damage_taken":0.0},{"damage_healed":0.0,"max_hp_gain":0.0,"max_hp_loss":0.0,"gold_gain":0.0,"event_name":"Liars Game","player_choice":"Ignored","floor":4.0,"gold_loss":0.0,"damage_taken":0.0},{"damage_healed":0.0,"max_hp_gain":0.0,"max_hp_loss":0.0,"gold_gain":0.0,"event_name":"Living Wall","player_choice":"Grow","floor":5.0,"gold_loss":0.0,"damage_taken":0.0,"cards_upgraded":["Zap"]},{"damage_healed":0.0,"max_hp_gain":0.0,"max_hp_loss":0.0,"gold_gain":99.0,"event_name":"Nest","player_choice":"Stole From Cult","floor":19.0,"gold_loss":0.0,"damage_taken":0.0},{"damage_healed":0.0,"max_hp_gain":0.0,"max_hp_loss":0.0,"gold_gain":0.0,"event_name":"Masked Bandits","player_choice":"Paid Fearfully","floor":20.0,"gold_loss":243.0,"damage_taken":0.0},{"damage_healed":0.0,"max_hp_gain":0.0,"max_hp_loss":0.0,"gold_gain":0.0,"event_name":"Vampires","player_choice":"Ignored","floor":31.0,"gold_loss":0.0,"damage_taken":0.0},{"damage_healed":0.0,"max_hp_gain":0.0,"max_hp_loss":0.0,"gold_gain":0.0,"event_name":"MindBloom","player_choice":"Fight","floor":37.0,"gold_loss":0.0,"damage_taken":0.0},{"damage_healed":0.0,"max_hp_gain":0.0,"max_hp_loss":0.0,"gold_gain":0.0,"event_name":"Mysterious Sphere","player_choice":"Fight","floor":39.0,"gold_loss":0.0,"damage_taken":0.0},{"damage_healed":0.0,"max_hp_gain":0.0,"max_hp_loss":0.0,"gold_gain":0.0,"event_name":"The Moai Head","player_choice":"Ignored","floor":41.0,"gold_loss":0.0,"damage_taken":0.0}],"is_beta":false,"boss_relics":[{"not_picked":["Snecko Eye","Astrolabe"],"picked":"Velvet Choker"},{"not_picked":["Pandora\u0027s Box","Coffee Dripper"],"picked":"Orrery"}],"items_purged_floors":[11,36],"is_endless":false,"potions_floor_spawned":[7,8,12,14,18,22,27,28,30,35,37,45,46],"ascension_level":14}