{"gold_per_floor":[117,117,137,50,125,150,150,175,255,255,267,6,6,19,19,116,116,135,135,120,34,50,76,96,130,130,148,163,163,163,174,174,274,274,289,299,249,262,5,39,39,74,74,103,115,115,126,138,138,138],"floor_reached":51,"playtime":3386,"items_purged":["Strike_R","Defend_R"],"score":1647,"play_id":"016d911c-cbb6-45af-944d-cd5b1ab3baf6","local_time":"20190305093216","is_ascension_mode":true,"campfire_choices":[{"floor":7.0,"key":"REST"},{"data":"Barricade","floor":10.0,"key":"SMITH"},{"floor":15.0,"key":"REST"},{"floor":30,"key":"REST"},{"floor":32,"key":"REST"},{"floor":41,"key":"REST"},{"floor":49,"key":"RECALL"}],"neow_cost":"NONE","seed_source_timestamp":0,"circlet_count":0,"master_deck":["AscendersBane","Strike_R+1","Strike_R+1","Strike_R+1","Strike_R+1","Defend_R+1","Defend_R+1","Defend_R+1","Bash+1","Barricade+1","Pommel Strike+1","Body Slam+1","Madness+1","Clothesline+1","Twin Strike+1","Ghostly Armor+1","Iron Wave+1","Impervious+1","Headbutt+1","Good Instincts+1","Iron Wave+1","Intimidate+1","Rage+1","Entrench+1","Flame Barrier+1","Shrug It Off+1","Impervious+1","Burning Pact+1","Juggernaut+1","Body Slam+1"],"special_seed":0,"relics":["Burning Blood","Orichalcum","Bottled Tornado","Toxic Egg 2","TheAbacus","Anchor","Mark of Pain","Omamori","Smiling Mask","Self Forming Clay","Fusion Hammer","Ancient Tea Set","The Courier","Blood Vial","Incense Burner","Kunai","Mark of the Bloom"],"potions_floor_usage":[23,25,25,28,50],"damage_taken":[{"damage":1.0,"enemies":"2 Louse","floor":1.0,"turns":4.0},{"damage":7.0,"enemies":"Jaw Worm","floor":3.0,"turns":4.0},{"damage":12.0,"enemies":"Lagavulin","floor":6.0,"turns":8.0},{"damage":27.0,"enemies":"3 Sentries","floor":8.0,"turns":10.0},{"damage":11.0,"enemies":"Small Slimes","floor":11.0,"turns":4.0},{"damage":3.0,"enemies":"Blue Slaver","floor":14.0,"turns":5.0},{"damage":0.0,"enemies":"Hexaghost","floor":16.0,"turns":12.0},{"damage":0.0,"enemies":"Spheric Guardian","floor":18.0,"turns":3.0},{"damage":11,"enemies":"2 Thieves","floor":20,"turns":4},{"damage":0,"enemies":"Snecko","floor":22,"turns":4},{"damage":29,"enemies":"Book of Stabbing","floor":23,"turns":9},{"damage":8,"enemies":"Sentry and Sphere","floor":24,"turns":8},{"damage":48,"enemies":"Gremlin Leader","floor":25,"turns":11},{"damage":4,"enemies":"Snake Plant","floor":27,"turns":6},{"damage":0,"enemies":"Centurion and Healer","floor":28,"turns":6},{"damage":4,"enemies":"Shelled Parasite and Fungi","floor":31,"turns":8},{"damage":0,"enemies":"Collector","floor":33,"turns":16},{"damage":0,"enemies":"3 Shapes","floor":35,"turns":7},{"damage":0,"enemies":"Orb Walker","floor":36,"turns":6},{"damage":11,"enemies":"Sphere and 2 Shapes","floor":38,"turns":7},{"damage":21,"enemies":"Reptomancer","floor":40,"turns":7},{"damage":0,"enemies":"Nemesis","floor":42,"turns":5},{"damage":0,"enemies":"Giant Head","floor":44,"turns":8},{"damage":0,"enemies":"3 Darklings","floor":45,"turns":8},{"damage":0,"enemies":"Writhing Mass","floor":47,"turns":8},{"damage":0,"enemies":"4 Shapes","floor":48,"turns":5},{"damage":0,"enemies":"Time Eater","floor":50,"turns":8}],"seed_played":"7346665687591266080","potions_obtained":[{"floor":3.0,"key":"Poison Potion"},{"floor":6.0,"key":"Swift Potion"},{"floor":14.0,"key":"PowerPotion"},{"floor":23,"key":"AttackPotion"},{"floor":24,"key":"Explosive Potion"},{"floor":25,"key":"GamblersBrew"},{"floor":28,"key":"Strength Potion"},{"floor":31,"key":"GamblersBrew"},{"floor":40,"key":"Weak Potion"}],"is_trial":false,"path_per_floor":["M","?","M","$","?","E","R","E","T","R","M","$","T","M","R","B",null,"M","$","M","$","M","E","M","E","T","M","M","?","R","M","R","B",null,"M","M","$","M","$","E","R","E","T","E","M","?","M","M","R","B",null],"character_chosen":"IRONCLAD","items_purchased":["Madness","Ghostly Armor+1","TheAbacus","Good Instincts+1","PowerPotion","Ancient Tea Set"],"campfire_rested":5,"item_purchase_floors":[4,12,12,21,39,39],"current_hp_per_floor":[77,61,60,60,49,43,67,46,46,46,41,41,41,44,68,74,79,80,80,75,75,80,57,55,13,13,15,21,21,45,47,71,77,79,80,80,80,75,75,60,80,80,80,80,80,80,80,80,80,80],"gold":138,"neow_bonus":"ONE_RANDOM_RARE_CARD","is_prod":false,"is_daily":false,"chose_seed":false,"campfire_upgraded":1,"win_rate":0,"timestamp":1551807136,"path_taken":["M","?","M","?","?","E","R","E","T","R","M","$","?","M","R","BOSS","M","$","M","$","M","E","M","E","T","M","M","?","R","M","R","BOSS","M","M","$","M","$","E","R","E","T","E","M","?","M","M","R","BOSS"],"build_version":"2019-01-23","purchased_purges":2,"victory":true,"max_hp_per_floor":[80,80,80,80,80,80,80,80,80,80,80,80,80,80,80,80,80,80,80,80,80,80,80,80,80,80,80,80,80,80,80,80,80,80,80,80,80,80,80,80,80,80,80,80,80,80,80,80,80,80],"card_choices":[{"not_picked":["Wild Strike","Havoc"],"picked":"Pommel Strike","floor":1.0},{"not_picked":["Sword Boomerang","Shockwave"],"picked":"Body Slam","floor":3.0},{"not_picked":["Pummel","Sever Soul"],"picked":"Clothesline","floor":6.0},{"not_picked":["Clash","Anger"],"picked":"Twin Strike","floor":8.0},{"not_picked":["Twin Strike","Evolve","Pummel"],"picked":"SKIP","floor":11.0},{"not_picked":["Clothesline","Intimidate+1"],"picked":"Iron Wave","floor":14.0},{"not_picked":["Offering+1","Double Tap+1"],"picked":"Impervious+1","floor":16.0},{"not_picked":["Sword Boomerang","Wild Strike","Anger"],"picked":"SKIP","floor":18.0},{"not_picked":["Rampage","Anger+1"],"picked":"Headbutt","floor":20},{"not_picked":["Demon Form","Ghostly Armor+1"],"picked":"Iron Wave+1","floor":22},{"not_picked":["Twin Strike","Reckless Charge+1","Evolve"],"picked":"SKIP","floor":23},{"not_picked":["Headbutt","Searing Blow"],"picked":"Intimidate+1","floor":24},{"not_picked":["Brutality","Sword Boomerang"],"picked":"Rage+1","floor":25},{"not_picked":["Dropkick","Blood for Blood+1"],"picked":"Entrench+1","floor":27},{"not_picked":["Pummel","Sword Boomerang"],"picked":"Flame Barrier+1","floor":28},{"not_picked":["Pommel Strike","Searing Blow"],"picked":"Shrug It Off+1","floor":31},{"not_picked":["Bludgeon","Double Tap+1"],"picked":"Impervious+1","floor":33},{"not_picked":["Corruption","Shrug It Off+1"],"picked":"Burning Pact+1","floor":35},{"not_picked":["Shrug It Off+1","True Grit+1","Twin Strike"],"picked":"SKIP","floor":36},{"not_picked":["Carnage+1","True Grit+1","Sword Boomerang"],"picked":"SKIP","floor":38},{"not_picked":["Sentinel+1","Thunderclap+1"],"picked":"Juggernaut","floor":40},{"not_picked":["Armaments+1","Fire Breathing","Thunderclap+1"],"picked":"SKIP","floor":42},{"not_picked":["Sword Boomerang+1","Heavy Blade","Hemokinesis+1"],"picked":"SKIP","floor":44},{"not_picked":["Havoc+1","Flex+1"],"picked":"Body Slam","floor":45},{"not_picked":["Perfected Strike","Iron Wave","Immolate"],"picked":"SKIP","floor":47},{"not_picked":["Wild Strike","Fire Breathing+1","Seeing Red+1"],"picked":"SKIP","floor":48}],"player_experience":613148,"relics_obtained":[{"floor":6.0,"key":"Orichalcum"},{"floor":8.0,"key":"Bottled Tornado"},{"floor":9.0,"key":"Toxic Egg 2"},{"floor":13.0,"key":"Anchor"},{"floor":23,"key":"Omamori"},{"floor":25,"key":"Smiling Mask"},{"floor":26,"key":"Self Forming Clay"},{"floor":40,"key":"The Courier"},{"floor":42,"key":"Blood Vial"},{"floor":43,"key":"Incense Burner"},{"floor":44,"key":"Kunai"}],"event_choices":[{"damage_healed":0.0,"max_hp_gain":0.0,"max_hp_loss":0.0,"gold_gain":0.0,"event_name":"Shining Light","player_choice":"Entered Light","floor":2.0,"gold_loss":0.0,"damage_taken":16.0,"cards_upgraded":["Strike_R","Defend_R"]},{"damage_healed":0.0,"max_hp_gain":0.0,"max_hp_loss":0.0,"gold_gain":75.0,"event_name":"World of Goop","player_choice":"Gather Gold","floor":5.0,"gold_loss":0.0,"damage_taken":11.0},{"damage_healed":0,"gold_gain":0,"player_choice":"Smashed Altar","damage_taken":0,"max_hp_gain":0,"max_hp_loss":0,"event_name":"Forgotten Altar","floor":29,"gold_loss":0,"cards_obtained":["Decay"]},{"damage_healed":0,"gold_gain":0,"player_choice":"Upgrade","damage_taken":0,"relics_obtained":["Mark of the Bloom"],"max_hp_gain":0,"max_hp_loss":0,"event_name":"MindBloom","floor":46,"gold_loss":0,"cards_upgraded":["Strike_R","Strike_R","Strike_R","Defend_R","Defend_R","Bash","Pommel Strike","Body Slam","Madness","Clothesline","Twin Strike","Iron Wave","Headbutt","Juggernaut","Body Slam"]}],"is_beta":false,"boss_relics":[{"not_picked":["Tiny House","Coffee Dripper"],"picked":"Mark of Pain"},{"not_picked":["Runic Cube","Empty Cage"],"picked":"Fusion Hammer"}],"items_purged_floors":[37,39],"is_endless":false,"potions_floor_spawned":[3,6,14,23,24,25,28,31,40,44,45],"ascension_level":12}