{"gold_per_floor":[119,135,148,38,38,38,38,38,38,72,72,92,122,136,136,215,215,232,245,7,7,20,48,48,48,101,101,432,432,447,475,475,551,551,564,6,54,72,37,37,0,0,0,0,29,44,78,128,128,128],"floor_reached":51,"playtime":3134,"items_purged":["Strike_R","Strike_R+1"],"score":1352,"play_id":"08658c75-b821-4224-8750-3174fd692ea9","local_time":"20191015220011","is_ascension_mode":true,"campfire_choices":[{"data":"True Grit","floor":6,"key":"SMITH"},{"data":"True Grit","floor":8,"key":"SMITH"},{"floor":11,"key":"REST"},{"data":"Inflame","floor":15,"key":"SMITH"},{"data":"Rage","floor":24,"key":"SMITH"},{"data":"Demon Form","floor":27,"key":"SMITH"},{"data":"Double Tap","floor":29,"key":"SMITH"},{"data":"Metallicize","floor":32,"key":"SMITH"},{"floor":40,"key":"REST"},{"data":"1","floor":42,"key":"LIFT"},{"data":"2","floor":49,"key":"LIFT"}],"neow_cost":"NONE","seed_source_timestamp":511538801774215,"circlet_count":0,"master_deck":["AscendersBane","Strike_R+1","Defend_R+1","Defend_R+1","Defend_R+1","Defend_R+1","Bash","True Grit+1","True Grit+1","Twin Strike","Inflame+1","Inflame","Rage+1","Pummel+1","Heavy Blade+1","Clothesline+1","Sentinel","Demon Form+1","Sword Boomerang+1","Iron Wave+1","Offering","Immolate+1","Double Tap+1","Metallicize+1","Iron Wave+1","Headbutt+1","Whirlwind+1"],"relics":["Burning Blood","Molten Egg 2","HornCleat","Boot","Velvet Choker","Turnip","MutagenicStrength","Regal Pillow","Old Coin","Ancient Tea Set","Snecko Eye","ClockworkSouvenir","Incense Burner","Girya","Red Mask","Singing Bowl","Question Card","Anchor"],"potions_floor_usage":[10,16,22,31],"damage_taken":[{"damage":5,"enemies":"2 Louse","floor":1,"turns":4},{"damage":7,"enemies":"Jaw Worm","floor":2,"turns":6},{"damage":0,"enemies":"Small Slimes","floor":3,"turns":5},{"damage":40,"enemies":"Gremlin Nob","floor":10,"turns":5},{"damage":8,"enemies":"Blue Slaver","floor":12,"turns":4},{"damage":16,"enemies":"Lagavulin","floor":13,"turns":7},{"damage":3,"enemies":"Looter","floor":14,"turns":3},{"damage":19,"enemies":"The Guardian","floor":16,"turns":10},{"damage":13,"enemies":"Spheric Guardian","floor":18,"turns":4},{"damage":5,"enemies":"2 Thieves","floor":19,"turns":3},{"damage":6,"enemies":"Centurion and Healer","floor":22,"turns":5},{"damage":14,"enemies":"Book of Stabbing","floor":23,"turns":6},{"damage":16,"enemies":"Gremlin Leader","floor":28,"turns":5},{"damage":6,"enemies":"3 Cultists","floor":30,"turns":2},{"damage":19,"enemies":"Slavers","floor":31,"turns":6},{"damage":20,"enemies":"Champ","floor":33,"turns":7},{"damage":31,"enemies":"3 Darklings","floor":35,"turns":5},{"damage":22,"enemies":"2 Orb Walkers","floor":37,"turns":2},{"damage":1,"enemies":"3 Shapes","floor":38,"turns":4},{"damage":23,"enemies":"Reptomancer","floor":45,"turns":3},{"damage":0,"enemies":"Maw","floor":46,"turns":5},{"damage":7,"enemies":"Nemesis","floor":47,"turns":5},{"damage":24,"enemies":"Time Eater","floor":50,"turns":8}],"seed_played":"-8916516826574227545","potions_obtained":[{"floor":2,"key":"Explosive Potion"},{"floor":10,"key":"Block Potion"},{"floor":13,"key":"Regen Potion"},{"floor":16,"key":"Regen Potion"},{"floor":22,"key":"FearPotion"},{"floor":23,"key":"Dexterity Potion"},{"floor":31,"key":"Dexterity Potion"},{"floor":37,"key":"BloodPotion"}],"is_trial":false,"path_per_floor":["M","M","M","$","?","R","?","R","T","E","R","M","E","M","R","B",null,"M","M","$","?","M","E","R","?","T","R","E","R","M","E","R","B",null,"M","$","?","M","$","R","?","R","T","?","E","M","E","?","R","B",null],"character_chosen":"IRONCLAD","items_purchased":["Inflame","Rage","Offering","ClockworkSouvenir","Headbutt+1","Incense Burner","Whirlwind+1"],"campfire_rested":2,"item_purchase_floors":[4,4,20,36,36,36,39],"current_hp_per_floor":[69,68,74,74,79,79,79,79,79,45,69,67,57,60,60,47,72,65,66,66,66,80,72,72,72,72,72,62,62,62,64,64,50,73,48,48,32,37,37,76,76,76,76,78,63,71,72,72,72,54],"gold":128,"neow_bonus":"TRANSFORM_CARD","is_prod":false,"is_daily":false,"chose_seed":false,"campfire_upgraded":7,"win_rate":0,"timestamp":1571202011,"path_taken":["M","M","M","$","?","R","?","R","T","E","R","M","E","M","R","BOSS","M","M","$","?","M","E","R","?","T","R","E","R","M","E","R","BOSS","M","$","?","M","$","R","?","R","T","?","E","M","E","?","R","BOSS"],"build_version":"2019-10-15","purchased_purges":2,"victory":true,"max_hp_per_floor":[75,75,75,75,80,80,80,80,80,80,80,80,80,80,80,80,80,80,80,80,80,80,80,80,80,80,80,80,80,80,80,80,80,80,80,80,80,80,80,80,80,80,80,82,84,86,88,88,88,88],"card_choices":[{"not_picked":["Thunderclap","Warcry"],"picked":"True Grit","floor":1},{"not_picked":["Intimidate","Armaments"],"picked":"Twin Strike","floor":2},{"not_picked":["Warcry","Pommel Strike"],"picked":"Inflame","floor":3},{"not_picked":["Perfected Strike+1","Warcry"],"picked":"Pummel+1","floor":10},{"not_picked":["Barricade","Corruption"],"picked":"Heavy Blade+1","floor":12},{"not_picked":["Twin Strike+1","Entrench"],"picked":"Clothesline+1","floor":13},{"not_picked":["True Grit","Seeing Red"],"picked":"Sentinel","floor":14},{"not_picked":["Exhume","Brutality"],"picked":"Demon Form","floor":16},{"not_picked":["Clothesline+1","Anger+1"],"picked":"Sword Boomerang+1","floor":18},{"not_picked":["Flex","Fire Breathing"],"picked":"Iron Wave+1","floor":19},{"not_picked":["Clothesline+1","Wild Strike+1","Reckless Charge+1"],"picked":"SKIP","floor":22},{"not_picked":["Armaments","Spot Weakness"],"picked":"Immolate+1","floor":23},{"not_picked":["Armaments+1","Thunderclap+1"],"picked":"Double Tap","floor":28},{"not_picked":["Bloodletting","Twin Strike+1","Seeing Red"],"picked":"SKIP","floor":30},{"not_picked":["Searing Blow+1","Armaments"],"picked":"Metallicize","floor":31},{"not_picked":["Pommel Strike+1","Shrug It Off"],"picked":"Iron Wave+1","floor":35},{"not_picked":["Havoc","Anger+1","Entrench"],"picked":"SKIP","floor":38},{"not_picked":["Impatience","Panacea","Metamorphosis"],"picked":"Singing Bowl","floor":44},{"not_picked":["Searing Blow+1","Sword Boomerang+1","Twin Strike+1"],"picked":"Singing Bowl","floor":45},{"not_picked":["Entrench","Searing Blow+1","Whirlwind+1","Blood for Blood+1"],"picked":"Singing Bowl","floor":46},{"not_picked":["Headbutt+1","Anger+1","Pommel Strike+1","Reckless Charge+1"],"picked":"Singing Bowl","floor":47}],"player_experience":797812,"relics_obtained":[{"floor":9,"key":"Molten Egg 2"},{"floor":10,"key":"HornCleat"},{"floor":13,"key":"Boot"},{"floor":23,"key":"Turnip"},{"floor":26,"key":"Regal Pillow"},{"floor":28,"key":"Old Coin"},{"floor":31,"key":"Ancient Tea Set"},{"floor":37,"key":"Girya"},{"floor":43,"key":"Singing Bowl"},{"floor":45,"key":"Question Card"},{"floor":47,"key":"Anchor"}],"event_choices":[{"damage_healed":0,"gold_gain":0,"player_choice":"Donut","damage_taken":0,"max_hp_gain":5,"max_hp_loss":0,"event_name":"Big Fish","floor":5,"gold_loss":0},{"cards_removed":["Strike_R"],"damage_healed":0,"gold_gain":0,"player_choice":"Forget","damage_taken":0,"max_hp_gain":0,"max_hp_loss":0,"event_name":"Living Wall","floor":7,"gold_loss":0},{"damage_healed":0,"gold_gain":0,"player_choice":"Simplicity","damage_taken":0,"max_hp_gain":0,"max_hp_loss":0,"event_name":"Back to Basics","floor":21,"gold_loss":0,"cards_upgraded":["Strike_R","Strike_R","Defend_R","Defend_R","Defend_R","Defend_R"]},{"damage_healed":0,"gold_gain":0,"player_choice":"Inject Mutagens","damage_taken":0,"relics_obtained":["MutagenicStrength"],"max_hp_gain":0,"max_hp_loss":0,"event_name":"Drug Dealer","floor":25,"gold_loss":0},{"damage_healed":0,"gold_gain":0,"player_choice":"Fight","damage_taken":0,"max_hp_gain":0,"max_hp_loss":0,"event_name":"Mysterious Sphere","floor":37,"gold_loss":0},{"damage_healed":0,"gold_gain":0,"player_choice":"Paid","damage_taken":0,"relics_obtained":["Red Mask"],"max_hp_gain":0,"max_hp_loss":0,"event_name":"Tomb of Lord Red Mask","floor":41,"gold_loss":37},{"damage_healed":0,"gold_gain":0,"player_choice":"Memory 1","damage_taken":0,"max_hp_gain":0,"max_hp_loss":0,"event_name":"SensoryStone","floor":44,"gold_loss":0},{"damage_healed":0,"gold_gain":50,"player_choice":"Pray","damage_taken":0,"max_hp_gain":0,"max_hp_loss":0,"event_name":"Golden Shrine","floor":48,"gold_loss":0}],"is_beta":true,"boss_relics":[{"not_picked":["Empty Cage","Coffee Dripper"],"picked":"Velvet Choker"},{"not_picked":["Cursed Key","Fusion Hammer"],"picked":"Snecko Eye"}],"items_purged_floors":[20,36],"is_endless":false,"potions_floor_spawned":[2,10,13,16,18,22,23,30,31,35,37,46],"ascension_level":15}