{"gold_per_floor":[162,179,254,179,179,215,235,235,287,312,326,326,347,104,104,104],"floor_reached":16,"playtime":673,"items_purged":["Strike_R"],"score":163,"play_id":"c22cdb96-b9fc-4f1b-835b-be425a44e951","local_time":"20190303173506","is_ascension_mode":true,"campfire_choices":[{"floor":8,"key":"REST"},{"floor":15,"key":"REST"}],"neow_cost":"NONE","seed_source_timestamp":1441006662543248,"circlet_count":0,"master_deck":["AscendersBane","Strike_R","Strike_R","Strike_R","Strike_R","Defend_R","Defend_R","Defend_R","Defend_R+1","Bash","Heavy Blade","Heavy Blade","Sword Boomerang","Flex","Flex","Whirlwind","Shrug It Off","Double Tap","Madness"],"relics":["Tiny House","Golden Idol","Ancient Tea Set","Boot"],"potions_floor_usage":[6,16],"damage_taken":[{"damage":10,"enemies":"Small Slimes","floor":1,"turns":3},{"damage":0,"enemies":"2 Louse","floor":2,"turns":2},{"damage":51,"enemies":"Lagavulin","floor":6,"turns":10},{"damage":12,"enemies":"Jaw Worm","floor":7,"turns":3},{"damage":6,"enemies":"Exordium Thugs","floor":10,"turns":4},{"damage":0,"enemies":"Large Slime","floor":11,"turns":4},{"damage":13,"enemies":"Red Slaver","floor":13,"turns":4},{"damage":34,"enemies":"The Guardian","floor":16,"turns":12}],"seed_played":"-8039661473596126310","potions_obtained":[{"floor":0,"key":"FairyPotion"},{"floor":1,"key":"FairyPotion"},{"floor":2,"key":"EssenceOfSteel"},{"floor":10,"key":"Strength Potion"},{"floor":11,"key":"Ancient Potion"}],"is_trial":false,"path_per_floor":["M","M","?","$","?","E","M","R","T","M","M","?","M","$","R","B"],"character_chosen":"IRONCLAD","items_purchased":["Double Tap","Madness"],"campfire_rested":2,"item_purchase_floors":[14,14],"current_hp_per_floor":[67,67,56,56,56,5,7,30,30,24,24,24,11,11,34,0],"gold":104,"neow_bonus":"BOSS_RELIC","is_prod":false,"is_daily":false,"chose_seed":false,"campfire_upgraded":0,"win_rate":0,"timestamp":1551663306,"path_taken":["M","M","?","$","?","E","M","R","T","M","M","?","M","$","R","BOSS"],"build_version":"2019-01-23","purchased_purges":1,"victory":false,"max_hp_per_floor":[85,85,85,85,79,79,79,79,79,79,79,79,79,79,79,79],"card_choices":[{"not_picked":["Searing Blow","Warcry"],"picked":"Heavy Blade","floor":0},{"not_picked":["Thunderclap","True Grit"],"picked":"Heavy Blade","floor":1},{"not_picked":["Fire Breathing","Headbutt"],"picked":"Sword Boomerang","floor":2},{"not_picked":["Clash","Sever Soul"],"picked":"Flex","floor":6},{"not_picked":["Clothesline","Battle Trance"],"picked":"Flex","floor":7},{"not_picked":["Rupture","Reckless Charge"],"picked":"Whirlwind","floor":10},{"not_picked":["Sever Soul","Cleave","Hemokinesis"],"picked":"SKIP","floor":11},{"not_picked":["Thunderclap","Evolve"],"picked":"Shrug It Off","floor":13}],"player_experience":611202,"relics_obtained":[{"floor":6,"key":"Ancient Tea Set"},{"floor":9,"key":"Boot"}],"event_choices":[{"damage_healed":0,"gold_gain":75,"player_choice":"Gather Gold","damage_taken":11,"max_hp_gain":0,"max_hp_loss":0,"event_name":"World of Goop","floor":3,"gold_loss":0},{"damage_healed":0,"gold_gain":0,"player_choice":"Lose Max HP","damage_taken":0,"relics_obtained":["Golden Idol"],"max_hp_gain":0,"max_hp_loss":6,"event_name":"Golden Idol","floor":5,"gold_loss":0},{"damage_healed":0,"gold_gain":0,"player_choice":"Ignored","damage_taken":0,"max_hp_gain":0,"max_hp_loss":0,"event_name":"Shining Light","floor":12,"gold_loss":0}],"is_beta":false,"boss_relics":[],"items_purged_floors":[4],"is_endless":false,"potions_floor_spawned":[1,2,10,11],"killed_by":"The Guardian","ascension_level":12}