{"gold_per_floor":[109,124,140,150,170,196,196,213,260,291,307,307,342,342,342,446,446,460,559,2,2,21,48,60,104,116,128,158,182,194,224,236,351,363,392,45,60,77,177,177,208,208,208,24,58,58,74,108,108,108,108,108,9,34,34],"floor_reached":56,"playtime":3506,"items_purged":["Strike_B","Strike_B+1","Strike_B+1"],"score":1737,"play_id":"93b69249-cbad-4296-85e9-8a50a90abb9e","local_time":"20190907221906","is_ascension_mode":true,"campfire_choices":[{"data":"Coolheaded","floor":7,"key":"SMITH"},{"data":"Defragment","floor":12,"key":"SMITH"},{"data":"Seek","floor":15,"key":"SMITH"},{"data":"Chill","floor":24,"key":"SMITH"},{"data":"Beam Cell","floor":27,"key":"SMITH"},{"data":"Defragment","floor":30,"key":"SMITH"},{"data":"Beam Cell","floor":32,"key":"SMITH"},{"floor":40,"key":"RECALL"},{"floor":49,"key":"DIG"},{"floor":52,"key":"DIG"}],"neow_cost":"NONE","seed_source_timestamp":169110594649300,"circlet_count":0,"master_deck":["Strike_B+1","Defend_B+1","Defend_B+1","Defend_B+1","Defend_B+1","Zap","Dualcast","Gash+1","Coolheaded","Leap","Coolheaded+1","Chill+1","Defragment+1","Defragment+1","Gash","Skim","Seek+1","Reboot","Finesse","Beam Cell+1","Loop+1","Beam Cell+1","Gash","Gash+1","Steam","Stack","Glacier","Beam Cell+1","Hologram","Defragment","Gash+1","Gash","Seek+1"],"relics":["Cracked Core","Strawberry","Bottled Lightning","Bag of Marbles","Whetstone","Letter Opener","Black Star","Boot","Mummified Hand","MawBank","Turnip","Cables","Unceasing Top","Membership Card","Ancient Tea Set","Shovel","Dream Catcher","Bottled Tornado","Kunai","Ornamental Fan","Calipers","Oddly Smooth Stone","Happy Flower","Dodecahedron","Shuriken","Pear","DollysMirror","Pen Nib","Sundial"],"potions_floor_usage":[5,6,11,25,37,38,55,55],"damage_taken":[{"damage":0,"enemies":"2 Louse","floor":1,"turns":2},{"damage":5,"enemies":"Small Slimes","floor":2,"turns":2},{"damage":4,"enemies":"Jaw Worm","floor":3,"turns":4},{"damage":5,"enemies":"3 Louse","floor":4,"turns":4},{"damage":3,"enemies":"Looter","floor":5,"turns":3},{"damage":12,"enemies":"Lagavulin","floor":6,"turns":8},{"damage":0,"enemies":"Blue Slaver","floor":8,"turns":5},{"damage":6,"enemies":"3 Sentries","floor":10,"turns":11},{"damage":4,"enemies":"Red Slaver","floor":11,"turns":5},{"damage":13,"enemies":"Gremlin Nob","floor":13,"turns":6},{"damage":0,"enemies":"The Guardian","floor":16,"turns":11},{"damage":2,"enemies":"Chosen","floor":18,"turns":7},{"damage":7,"enemies":"2 Thieves","floor":22,"turns":4},{"damage":2,"enemies":"Slavers","floor":23,"turns":6},{"damage":0,"enemies":"Gremlin Leader","floor":25,"turns":5},{"damage":0,"enemies":"Shelled Parasite and Fungi","floor":28,"turns":5},{"damage":0,"enemies":"Snake Plant","floor":29,"turns":4},{"damage":0,"enemies":"Cultist and Chosen","floor":31,"turns":5},{"damage":0,"enemies":"Champ","floor":33,"turns":9},{"damage":0,"enemies":"3 Shapes","floor":35,"turns":5},{"damage":0,"enemies":"3 Darklings","floor":37,"turns":6},{"damage":0,"enemies":"Writhing Mass","floor":38,"turns":6},{"damage":0,"enemies":"Mind Bloom Boss Battle","floor":39,"turns":7},{"damage":0,"enemies":"Nemesis","floor":41,"turns":5},{"damage":0,"enemies":"Giant Head","floor":45,"turns":6},{"damage":0,"enemies":"Spire Growth","floor":47,"turns":5},{"damage":0,"enemies":"Nemesis","floor":48,"turns":7},{"damage":0,"enemies":"Awakened One","floor":50,"turns":8},{"damage":0,"enemies":"Shield and Spear","floor":54,"turns":5},{"damage":4,"enemies":"The Heart","floor":55,"turns":12}],"seed_played":"-3733252756709046161","potions_obtained":[{"floor":1,"key":"Strength Potion"},{"floor":2,"key":"PowerPotion"},{"floor":8,"key":"Ancient Potion"},{"floor":10,"key":"Block Potion"},{"floor":13,"key":"Ancient Potion"},{"floor":22,"key":"Regen Potion"},{"floor":23,"key":"PowerPotion"},{"floor":29,"key":"GamblersBrew"},{"floor":37,"key":"Energy Potion"},{"floor":39,"key":"Block Potion"},{"floor":41,"key":"FearPotion"},{"floor":47,"key":"FocusPotion"}],"is_trial":false,"path_per_floor":["M","M","M","M","M","E","R","M","T","E","M","R","E","?","R","B",null,"M","?","$","?","M","E","R","E","T","R","M","M","R","M","R","B",null,"M","$","M","M","?","R","E","?","T","$","E","?","M","E","R","B",null,"R","$","E","B",null],"character_chosen":"DEFECT","items_purchased":["Boot","Mummified Hand","Finesse","Membership Card","Ancient Tea Set","Glacier","Ornamental Fan","DollysMirror"],"campfire_rested":0,"item_purchase_floors":[20,20,20,36,36,36,44,53],"current_hp_per_floor":[82,77,73,68,65,53,53,53,53,47,43,43,30,30,30,30,82,80,80,80,80,73,71,71,71,71,71,71,71,71,71,71,71,82,82,82,82,82,82,82,82,82,82,82,82,78,78,78,78,78,78,88,88,88,84],"gold":34,"neow_bonus":"RANDOM_COMMON_RELIC","is_prod":false,"is_daily":false,"chose_seed":false,"campfire_upgraded":7,"win_rate":0,"timestamp":1567919946,"path_taken":["M","M","M","M","M","E","R","M","T","E","M","R","E","?","R","BOSS","M","?","$","?","M","E","R","E","T","R","M","M","R","M","R","BOSS","M","$","M","M","?","R","E","?","T","$","E","?","M","E","R","BOSS","R","$","E","BOSS"],"build_version":"2019-08-26","purchased_purges":3,"victory":true,"max_hp_per_floor":[82,82,82,82,82,82,82,82,82,82,82,82,82,82,82,82,82,82,82,82,82,82,82,82,82,82,82,82,82,82,82,82,82,82,82,82,82,82,82,82,82,82,82,82,82,78,78,78,78,78,78,88,88,88,88],"card_choices":[{"not_picked":["Undo","Aggregate"],"picked":"Gash","floor":1},{"not_picked":["Sweeping Beam","Chaos"],"picked":"Coolheaded","floor":2},{"not_picked":["Sweeping Beam","Ball Lightning"],"picked":"Leap","floor":3},{"not_picked":["Capacitor","Stack"],"picked":"Coolheaded","floor":4},{"not_picked":["Static Discharge","Redo"],"picked":"Chill","floor":5},{"not_picked":["Rip and Tear","Melter"],"picked":"Defragment","floor":6},{"not_picked":["Rebound","Cold Snap"],"picked":"Defragment","floor":8},{"not_picked":["Heatsinks","Compile Driver"],"picked":"Gash","floor":10},{"not_picked":["Cold Snap","Reinforced Body"],"picked":"Skim","floor":11},{"not_picked":["Conserve Battery","Fusion"],"picked":"Seek","floor":13},{"not_picked":["Fission","Hyperbeam"],"picked":"Reboot","floor":16},{"not_picked":["Cold Snap+1","Leap+1","Sunder+1"],"picked":"SKIP","floor":18},{"not_picked":["Genetic Algorithm","Conserve Battery"],"picked":"Beam Cell","floor":22},{"not_picked":["Streamline","Sweeping Beam"],"picked":"Loop+1","floor":23},{"not_picked":["Loop+1","Ball Lightning+1"],"picked":"Beam Cell","floor":25},{"not_picked":["Turbo+1","Reprogram"],"picked":"Gash","floor":28},{"not_picked":["Chill","Fusion+1"],"picked":"Gash+1","floor":29},{"not_picked":["Static Discharge","Barrage"],"picked":"Steam","floor":31},{"not_picked":["Redo","Sweeping Beam+1"],"picked":"Stack","floor":35},{"not_picked":["Reinforced Body","Self Repair"],"picked":"Beam Cell+1","floor":37},{"not_picked":["Hyperbeam","Leap+1"],"picked":"Hologram","floor":38},{"not_picked":["Streamline","Stack"],"picked":"Defragment","floor":39},{"not_picked":["Self Repair","Heatsinks","Multi-Cast"],"picked":"SKIP","floor":41},{"not_picked":["Barrage","Static Discharge","Compile Driver"],"picked":"SKIP","floor":45},{"not_picked":["Genetic Algorithm","Rip and Tear"],"picked":"Gash+1","floor":47},{"not_picked":["Steam Power+1","White Noise+1"],"picked":"Gash","floor":48},{"not_picked":["Force Field+1","Turbo+1","Compile Driver"],"picked":"SKIP","floor":54}],"player_experience":1479722,"relics_obtained":[{"floor":6,"key":"Bottled Lightning"},{"floor":9,"key":"Bag of Marbles"},{"floor":10,"key":"Whetstone"},{"floor":13,"key":"Letter Opener"},{"floor":23,"key":"MawBank"},{"floor":23,"key":"Turnip"},{"floor":25,"key":"Cables"},{"floor":25,"key":"Unceasing Top"},{"floor":39,"key":"Shovel"},{"floor":41,"key":"Dream Catcher"},{"floor":41,"key":"Bottled Tornado"},{"floor":43,"key":"Kunai"},{"floor":45,"key":"Calipers"},{"floor":45,"key":"Oddly Smooth Stone"},{"floor":48,"key":"Happy Flower"},{"floor":48,"key":"Dodecahedron"},{"floor":49,"key":"Shuriken"},{"floor":52,"key":"Pear"},{"floor":54,"key":"Pen Nib"},{"floor":54,"key":"Sundial"}],"event_choices":[{"damage_healed":0,"gold_gain":0,"player_choice":"Ignored","damage_taken":0,"max_hp_gain":0,"max_hp_loss":0,"event_name":"Liars Game","floor":14,"gold_loss":0},{"damage_healed":0,"gold_gain":99,"player_choice":"Stole From Cult","damage_taken":0,"max_hp_gain":0,"max_hp_loss":0,"event_name":"Nest","floor":19,"gold_loss":0},{"damage_healed":0,"gold_gain":0,"player_choice":"Simplicity","damage_taken":0,"max_hp_gain":0,"max_hp_loss":0,"event_name":"Back to Basics","floor":21,"gold_loss":0,"cards_upgraded":["Strike_B","Strike_B","Defend_B","Defend_B","Defend_B","Defend_B"]},{"damage_healed":0,"gold_gain":0,"player_choice":"Fight","damage_taken":0,"max_hp_gain":0,"max_hp_loss":0,"event_name":"MindBloom","floor":39,"gold_loss":0},{"damage_healed":0,"gold_gain":0,"player_choice":"Memory 1","damage_taken":0,"max_hp_gain":0,"max_hp_loss":0,"event_name":"SensoryStone","floor":42,"gold_loss":0},{"damage_healed":0,"gold_gain":0,"player_choice":"Max HP","damage_taken":0,"max_hp_gain":0,"max_hp_loss":4,"event_name":"Winding Halls","floor":46,"gold_loss":0}],"is_beta":true,"boss_relics":[{"not_picked":["Empty Cage","White Beast Statue"],"picked":"Black Star"},{"not_picked":["Astrolabe","Coffee Dripper","Cursed Key"]}],"items_purged_floors":[20,36,44],"is_endless":false,"potions_floor_spawned":[1,2,8,10,13,22,23,29,31,37,39,41,47],"ascension_level":1}