{"gold_per_floor":[115,7,23,23,43,43,70,70,70,80,115,126,139,149,149],"floor_reached":15,"playtime":807,"items_purged":[],"score":174,"play_id":"2f8b0a18-f58a-41c6-9558-6704b931f223","local_time":"20190225231749","is_ascension_mode":true,"campfire_choices":[{"data":"Metallicize","floor":6.0,"key":"SMITH"},{"data":"Armaments","floor":8.0,"key":"SMITH"}],"neow_cost":"NONE","seed_source_timestamp":0,"circlet_count":0,"master_deck":["AscendersBane","Strike_R","Strike_R","Strike_R","Strike_R","Strike_R","Defend_R","Defend_R","Defend_R","Defend_R","Bash+1","Spot Weakness","Battle Trance","Metallicize+1","Armaments+1","Armaments","Twin Strike","True Grit+1","Immolate","Clothesline","Pummel","Impervious+1"],"special_seed":0,"relics":["Burning Blood","Nunchaku","Toxic Egg 2","Pocketwatch"],"potions_floor_usage":[],"damage_taken":[{"damage":1.0,"enemies":"Cultist","floor":1.0,"turns":4.0},{"damage":4.0,"enemies":"2 Louse","floor":3.0,"turns":4.0},{"damage":1.0,"enemies":"Small Slimes","floor":5.0,"turns":4.0},{"damage":15.0,"enemies":"3 Sentries","floor":7.0,"turns":10.0},{"damage":0.0,"enemies":"2 Fungi Beasts","floor":10.0,"turns":4.0},{"damage":17.0,"enemies":"Lagavulin","floor":11.0,"turns":9.0},{"damage":0.0,"enemies":"Exordium Thugs","floor":12.0,"turns":4.0},{"damage":2.0,"enemies":"Looter","floor":13.0,"turns":3.0},{"damage":10.0,"enemies":"Gremlin Gang","floor":14.0,"turns":3.0}],"seed_played":"-2990485752181983155","potions_obtained":[{"floor":1.0,"key":"BloodPotion"},{"floor":5.0,"key":"Fire Potion"},{"floor":10.0,"key":"Explosive Potion"}],"is_trial":false,"path_per_floor":["M","$","M","$","M","R","E","R","T","M","E","M","M","M","R"],"character_chosen":"IRONCLAD","items_purchased":["Battle Trance","Metallicize"],"campfire_rested":0,"item_purchase_floors":[2,2],"current_hp_per_floor":[77,77,79,79,80,80,71,71,71,77,66,72,76,72,72],"gold":149,"neow_bonus":"UPGRADE_CARD","is_prod":false,"is_daily":false,"chose_seed":false,"campfire_upgraded":2,"win_rate":0,"timestamp":1551165469,"path_taken":["M","?","M","?","M","R","E","R","T","M","E","M","M","M","R"],"build_version":"2019-01-23","purchased_purges":0,"victory":false,"max_hp_per_floor":[80,80,80,80,80,80,80,80,80,80,80,80,80,80,80],"card_choices":[{"not_picked":["Pummel","Bloodletting"],"picked":"Spot Weakness","floor":1.0},{"not_picked":["Entrench","Searing Blow"],"picked":"Armaments","floor":3.0},{"not_picked":["Headbutt","Anger"],"picked":"Armaments","floor":5.0},{"not_picked":["Dropkick","Feel No Pain"],"picked":"Twin Strike","floor":7.0},{"not_picked":["Metallicize","Anger"],"picked":"True Grit+1","floor":10.0},{"not_picked":["Clothesline","Burning Pact+1"],"picked":"Immolate","floor":11.0},{"not_picked":["Iron Wave","Pommel Strike"],"picked":"Clothesline","floor":12.0},{"not_picked":["Infernal Blade+1","Warcry+1"],"picked":"Pummel","floor":13.0},{"not_picked":["Wild Strike","Clash"],"picked":"Impervious+1","floor":14.0}],"player_experience":603589,"relics_obtained":[{"floor":7.0,"key":"Nunchaku"},{"floor":9.0,"key":"Toxic Egg 2"},{"floor":11.0,"key":"Pocketwatch"}],"event_choices":[],"is_beta":false,"boss_relics":[],"items_purged_floors":[],"is_endless":false,"potions_floor_spawned":[1,5,10,14],"ascension_level":12}