{"gold_per_floor":[119,136,152,232,212,212,222,241,241,241,241,16,16,29,29,132,182,198,198,198,198,183,183,214,214,214,89,101,101,101],"floor_reached":30,"playtime":1454,"items_purged":["Defend_G","Defend_G"],"score":238,"play_id":"cd31781c-5efe-4729-b5d1-009df8f6fe59","local_time":"20191014202710","is_ascension_mode":false,"campfire_choices":[{"data":"Leg Sweep","floor":6.0,"key":"SMITH"},{"data":"Catalyst","floor":11.0,"key":"SMITH"},{"floor":15.0,"key":"REST"},{"data":"Envenom","floor":23.0,"key":"SMITH"},{"floor":29,"key":"REST"}],"neow_cost":"NONE","seed_source_timestamp":102021032329400,"circlet_count":0,"master_deck":["Strike_G","Strike_G","Strike_G","Strike_G","Strike_G","Defend_G","Defend_G","Defend_G","Survivor","Neutralize","Quick Slash+1","Dash","Leg Sweep+1","Catalyst+1","Bouncing Flask","Footwork","Noxious Fumes","Envenom+1","Bane","Dodge and Roll","Well Laid Plans","Backflip"],"special_seed":0,"relics":["Ring of the Snake","NeowsBlessing","Bottled Lightning","Tiny House","Paper Crane","Unceasing Top","Vajra"],"potions_floor_usage":[28],"damage_taken":[{"damage":0.0,"enemies":"2 Louse","floor":1.0,"turns":1.0},{"damage":0.0,"enemies":"Jaw Worm","floor":2.0,"turns":1.0},{"damage":0.0,"enemies":"Cultist","floor":3.0,"turns":1.0},{"damage":0.0,"enemies":"2 Fungi Beasts","floor":7.0,"turns":5.0},{"damage":6.0,"enemies":"Exordium Wildlife","floor":8.0,"turns":9.0},{"damage":16.0,"enemies":"Gremlin Gang","floor":14.0,"turns":6.0},{"damage":30.0,"enemies":"The Guardian","floor":16.0,"turns":8.0},{"damage":6.0,"enemies":"Chosen","floor":18.0,"turns":3.0},{"damage":2.0,"enemies":"2 Thieves","floor":22.0,"turns":4.0},{"damage":9.0,"enemies":"Book of Stabbing","floor":24.0,"turns":8.0},{"damage":57,"enemies":"3 Cultists","floor":28,"turns":7},{"damage":24,"enemies":"Slavers","floor":30,"turns":2}],"seed_played":"2843765863799453503","potions_obtained":[{"floor":1.0,"key":"SpeedPotion"},{"floor":8.0,"key":"GamblersBrew"},{"floor":14.0,"key":"Energy Potion"},{"floor":17.0,"key":"FearPotion"}],"is_trial":false,"path_per_floor":["M","M","M","?","?","R","M","M","T","?","R","$","?","M","R","B",null,"M","?","?","T","M","R","E","?","T","$","M","R","E"],"character_chosen":"THE_SILENT","items_purchased":["Bouncing Flask","Footwork","Backflip"],"campfire_rested":2,"item_purchase_floors":[12,12,27],"current_hp_per_floor":[70,70,70,70,70,70,70,64,64,64,64,64,64,48,69,39,75,69,69,69,69,67,67,58,58,58,58,1,23,0],"gold":101,"neow_bonus":"THREE_ENEMY_KILL","is_prod":false,"is_daily":false,"chose_seed":false,"campfire_upgraded":3,"win_rate":0.0,"timestamp":1571110030,"path_taken":["M","M","M","?","?","R","M","?","T","?","R","$","?","M","R","BOSS","M","?","?","?","?","R","E","?","T","?","M","R","E"],"build_version":"2019-07-17","purchased_purges":2,"victory":false,"max_hp_per_floor":[70,70,70,70,70,70,70,70,70,70,70,70,70,70,70,70,75,75,75,75,75,75,75,75,75,75,75,75,75,75],"card_choices":[{"not_picked":["Finisher","Outmaneuver"],"picked":"Quick Slash","floor":1.0},{"not_picked":["All Out Attack","PiercingWail"],"picked":"Dash","floor":2.0},{"not_picked":["Blade Dance","Distraction"],"picked":"Leg Sweep","floor":3.0},{"not_picked":["Poisoned Stab","Bane"],"picked":"Catalyst","floor":7.0},{"not_picked":["Acrobatics","Flying Knee","Finisher"],"picked":"SKIP","floor":8.0},{"not_picked":["Flechettes","Underhanded Strike"],"picked":"Noxious Fumes","floor":14.0},{"not_picked":["After Image","Phantasmal Killer"],"picked":"Envenom","floor":16.0},{"not_picked":["Finisher","All Out Attack"],"picked":"Bane","floor":17.0},{"not_picked":["Prepared","Underhanded Strike","Slice"],"picked":"SKIP","floor":18.0},{"not_picked":["Skewer","Backstab+1"],"picked":"Dodge and Roll","floor":22.0},{"not_picked":["Bouncing Flask+1","Dagger Throw+1"],"picked":"Well Laid Plans","floor":24.0},{"not_picked":["Heel Hook","Glass Knife","Distraction+1"],"picked":"SKIP","floor":28}],"player_experience":56253,"relics_obtained":[{"floor":9.0,"key":"Bottled Lightning"},{"floor":21.0,"key":"Paper Crane"},{"floor":24.0,"key":"Unceasing Top"},{"floor":26.0,"key":"Vajra"}],"event_choices":[{"damage_healed":0.0,"max_hp_gain":0.0,"max_hp_loss":0.0,"gold_gain":80.0,"event_name":"Golden Wing","player_choice":"Gained Gold","floor":4.0,"gold_loss":0.0,"damage_taken":0.0},{"damage_healed":0.0,"max_hp_gain":0.0,"max_hp_loss":0.0,"gold_gain":0.0,"event_name":"World of Goop","player_choice":"Left Gold","floor":5.0,"gold_loss":20.0,"damage_taken":0.0},{"damage_healed":0.0,"max_hp_gain":0.0,"max_hp_loss":0.0,"gold_gain":0.0,"event_name":"Golden Idol","player_choice":"Ignored","floor":10.0,"gold_loss":0.0,"damage_taken":0.0},{"damage_healed":0.0,"max_hp_gain":0.0,"max_hp_loss":0.0,"gold_gain":0.0,"event_name":"Shining Light","player_choice":"Ignored","floor":13.0,"gold_loss":0.0,"damage_taken":0.0},{"damage_healed":0.0,"max_hp_gain":0.0,"max_hp_loss":0.0,"gold_gain":0.0,"event_name":"The Mausoleum","player_choice":"Ignored","floor":19.0,"gold_loss":0.0,"damage_taken":0.0},{"damage_healed":0.0,"max_hp_gain":0.0,"max_hp_loss":0.0,"gold_gain":0.0,"event_name":"Ghosts","player_choice":"Ignored","floor":20.0,"gold_loss":0.0,"damage_taken":0.0},{"damage_healed":0.0,"max_hp_gain":0.0,"max_hp_loss":0.0,"gold_gain":0.0,"event_name":"Cursed Tome","player_choice":"Ignored","floor":25.0,"gold_loss":0.0,"damage_taken":0.0}],"is_beta":false,"boss_relics":[{"not_picked":["WristBlade","Ring of the Serpent"],"picked":"Tiny House"}],"items_purged_floors":[12,27],"is_endless":false,"potions_floor_spawned":[1,8,14],"killed_by":"Slavers","ascension_level":0}