{"gold_per_floor":[110,210,220,238,254,281,336,336,336,353,353,367,394,404,404,499,499,514,514,4,23,34,34,62,75,75,75,102,17,35,50,50,146,146,166,126,138,186,204,204,230,2,25,43,43,58,58,81,93,105],"floor_reached":51,"playtime":4549,"items_purged":[],"score":758,"play_id":"75061c60-549e-4c28-bab8-cc06df444b5d","local_time":"20191006225942","is_ascension_mode":false,"campfire_choices":[{"floor":11,"key":"REST"},{"floor":15,"key":"REST"},{"floor":23,"key":"REST"},{"floor":32,"key":"DIG"},{"floor":40,"key":"DIG"},{"floor":45,"key":"REST"},{"floor":47,"key":"DIG"},{"data":"Turbo","floor":49,"key":"SMITH"}],"neow_cost":"NONE","seed_source_timestamp":246593951453000,"circlet_count":0,"master_deck":["Defend_B+1","Defend_B+1","Defend_B+1","Defend_B+1","Zap","Dualcast","Undo","Force Field","Meteor Strike","Turbo+1","Seek+1","BootSequence","Chill","Beam Cell","Storm+1","Go for the Eyes","Electrodynamics+1","Coolheaded","Bite","Bite","Bite","Bite","Bite","Ball Lightning","Defragment+1","Panacea","Rebound+1","Compile Driver","Coolheaded+1","Steam+1","Heatsinks+1","Gash+1","Go for the Eyes","Echo Form+1","Coolheaded","Tempest+1","Loop+1","Coolheaded","Rebound+1","Barrage","Hologram","Static Discharge+1","Consume","Turbo","Leap+1"],"relics":["Cracked Core","Strawberry","Letter Opener","Frozen Egg 2","Dodecahedron","Boot","Velvet Choker","Lantern","Potion Belt","Oddly Smooth Stone","Shovel","Anchor","Omamori","Bird Faced Urn","Cursed Key","Mango","Happy Flower","Bag of Preparation","Regal Pillow","MawBank"],"potions_floor_usage":[7,13,13,16,16,24,28,33,33,41,41,41,44,50,50],"damage_taken":[{"damage":0,"enemies":"Small Slimes","floor":1,"turns":2},{"damage":1,"enemies":"Cultist","floor":3,"turns":4},{"damage":0,"enemies":"2 Louse","floor":4,"turns":2},{"damage":8,"enemies":"Red Slaver","floor":5,"turns":3},{"damage":23,"enemies":"Lagavulin","floor":6,"turns":7},{"damage":21,"enemies":"Lagavulin Event","floor":7,"turns":8},{"damage":17,"enemies":"Gremlin Gang","floor":10,"turns":6},{"damage":0,"enemies":"3 Louse","floor":12,"turns":2},{"damage":8,"enemies":"3 Sentries","floor":13,"turns":7},{"damage":7,"enemies":"Exordium Wildlife","floor":14,"turns":6},{"damage":41,"enemies":"Slime Boss","floor":16,"turns":14},{"damage":0,"enemies":"Shell Parasite","floor":18,"turns":6},{"damage":29,"enemies":"3 Byrds","floor":21,"turns":3},{"damage":0,"enemies":"Centurion and Healer","floor":22,"turns":4},{"damage":4,"enemies":"Gremlin Leader","floor":24,"turns":6},{"damage":4,"enemies":"Snake Plant","floor":25,"turns":3},{"damage":1,"enemies":"Slavers","floor":28,"turns":4},{"damage":0,"enemies":"Chosen and Byrds","floor":30,"turns":5},{"damage":0,"enemies":"Centurion and Healer","floor":31,"turns":4},{"damage":47,"enemies":"Automaton","floor":33,"turns":13},{"damage":0,"enemies":"3 Darklings","floor":35,"turns":4},{"damage":9,"enemies":"Orb Walker","floor":37,"turns":4},{"damage":12,"enemies":"2 Orb Walkers","floor":38,"turns":5},{"damage":3,"enemies":"Spire Growth","floor":39,"turns":4},{"damage":64,"enemies":"Giant Head","floor":41,"turns":10},{"damage":8,"enemies":"Writhing Mass","floor":44,"turns":5},{"damage":3,"enemies":"Transient","floor":46,"turns":5},{"damage":0,"enemies":"4 Shapes","floor":48,"turns":5},{"damage":12,"enemies":"Time Eater","floor":50,"turns":10}],"seed_played":"-7810421735633675712","potions_obtained":[{"floor":1,"key":"SteroidPotion"},{"floor":6,"key":"Energy Potion"},{"floor":7,"key":"PowerPotion"},{"floor":8,"key":"Strength Potion"},{"floor":8,"key":"Block Potion"},{"floor":13,"key":"Explosive Potion"},{"floor":16,"key":"EssenceOfSteel"},{"floor":24,"key":"SpeedPotion"},{"floor":25,"key":"Explosive Potion"},{"floor":31,"key":"Swift Potion"},{"floor":33,"key":"Fire Potion"},{"floor":37,"key":"Energy Potion"},{"floor":38,"key":"Block Potion"},{"floor":44,"key":"Strength Potion"},{"floor":48,"key":"Dexterity Potion"}],"is_trial":false,"path_per_floor":["M","?","M","M","M","E","?","?","T","M","R","M","E","M","R","B",null,"M","?","$","M","M","R","E","M","T","?","E","?","M","M","R","B",null,"M","?","M","?","M","R","E","$","T","M","R","M","R","M","R","B",null],"character_chosen":"DEFECT","items_purchased":["Ball Lightning","Lantern","Defragment+1","Potion Belt","Panacea","Barrage","PowerPotion","Hologram","Static Discharge+1"],"campfire_rested":4,"item_purchase_floors":[20,20,20,20,20,42,42,42,42],"current_hp_per_floor":[82,82,81,81,73,50,29,29,29,12,36,36,28,21,45,4,82,82,57,57,28,38,55,57,57,57,57,57,57,57,57,57,28,57,57,57,57,67,71,71,23,23,23,33,69,71,71,71,71,65],"gold":117,"neow_bonus":"RANDOM_COMMON_RELIC","is_prod":false,"is_daily":false,"chose_seed":false,"campfire_upgraded":1,"win_rate":0.0,"timestamp":1570420782,"path_taken":["M","?","M","M","?","E","?","?","T","?","R","?","E","M","R","BOSS","M","?","$","M","M","R","E","M","T","?","E","?","M","M","R","BOSS","M","?","?","?","M","R","E","$","T","M","R","M","R","M","R","BOSS"],"build_version":"2019-07-17","purchased_purges":0,"victory":true,"max_hp_per_floor":[82,82,82,82,82,82,82,82,82,82,82,82,82,82,82,82,82,82,57,57,57,57,57,57,57,57,57,57,57,57,57,57,57,57,57,57,57,71,71,71,71,71,71,71,71,71,71,71,71,71],"card_choices":[{"not_picked":["White Noise","Gash"],"picked":"Undo","floor":1},{"not_picked":["Barrage","Darkness"],"picked":"Force Field","floor":3},{"not_picked":["Steam","Auto Shields"],"picked":"Meteor Strike","floor":4},{"not_picked":["Self Repair","Conserve Battery"],"picked":"Turbo","floor":5},{"not_picked":["Turbo","Hologram"],"picked":"Seek","floor":6},{"not_picked":["Reprogram","Leap"],"picked":"BootSequence","floor":7},{"not_picked":["Go for the Eyes","Auto Shields"],"picked":"Chill","floor":10},{"not_picked":["Rebound","Aggregate"],"picked":"Beam Cell","floor":12},{"not_picked":["Beam Cell","Multi-Cast"],"picked":"Storm+1","floor":13},{"not_picked":["Storm+1","Tempest"],"picked":"Go for the Eyes","floor":14},{"not_picked":["Seek","Meteor Strike"],"picked":"Electrodynamics+1","floor":16},{"not_picked":["Rebound","Steam"],"picked":"Coolheaded","floor":18},{"not_picked":["Auto Shields","Stack"],"picked":"Rebound+1","floor":21},{"not_picked":["Conserve Battery","Redo"],"picked":"Compile Driver","floor":22},{"not_picked":["Fission","Beam Cell"],"picked":"Coolheaded","floor":24},{"not_picked":["Force Field","Gash"],"picked":"Steam+1","floor":25},{"not_picked":["Rebound","Barrage+1"],"picked":"Heatsinks+1","floor":28},{"not_picked":["Coolheaded","Streamline"],"picked":"Gash+1","floor":30},{"not_picked":["Compile Driver","Redo"],"picked":"Go for the Eyes","floor":31},{"not_picked":["Fission","All For One"],"picked":"Echo Form+1","floor":33},{"not_picked":["Doom and Gloom","Sweeping Beam"],"picked":"Coolheaded","floor":35},{"not_picked":["Leap","Lockon+1"],"picked":"Tempest+1","floor":37},{"not_picked":["Undo","Redo"],"picked":"Loop+1","floor":38},{"not_picked":["Stack","Redo"],"picked":"Coolheaded","floor":39},{"not_picked":["Leap+1","Storm+1"],"picked":"Rebound+1","floor":41},{"not_picked":["Reprogram+1","Compile Driver"],"picked":"Consume","floor":44},{"not_picked":["Redo","Steam"],"picked":"Turbo","floor":46},{"not_picked":["Chill","Doom and Gloom+1"],"picked":"Leap+1","floor":48}],"player_experience":92516,"relics_obtained":[{"floor":6,"key":"Letter Opener"},{"floor":7,"key":"Frozen Egg 2"},{"floor":9,"key":"Dodecahedron"},{"floor":13,"key":"Boot"},{"floor":24,"key":"Oddly Smooth Stone"},{"floor":26,"key":"Shovel"},{"floor":28,"key":"Anchor"},{"floor":32,"key":"Bird Faced Urn"},{"floor":38,"key":"Mango"},{"floor":40,"key":"Happy Flower"},{"floor":41,"key":"Bag of Preparation"},{"floor":43,"key":"Regal Pillow"},{"floor":47,"key":"MawBank"}],"event_choices":[{"damage_healed":0,"gold_gain":100,"player_choice":"Pray","damage_taken":0,"max_hp_gain":0,"max_hp_loss":0,"event_name":"Golden Shrine","floor":2,"gold_loss":0},{"damage_healed":0,"gold_gain":0,"player_choice":"Searched \u00271\u0027 times","damage_taken":0,"max_hp_gain":0,"max_hp_loss":0,"event_name":"Dead Adventurer","floor":7,"gold_loss":0},{"damage_healed":0,"gold_gain":0,"player_choice":"Got Potions","damage_taken":0,"max_hp_gain":0,"max_hp_loss":0,"event_name":"Lab","floor":8,"gold_loss":0},{"damage_healed":0,"gold_gain":0,"player_choice":"Became a vampire","damage_taken":0,"max_hp_gain":0,"max_hp_loss":25,"event_name":"Vampires","floor":19,"gold_loss":0,"cards_obtained":["Bite","Bite","Bite","Bite","Bite"]},{"damage_healed":0,"gold_gain":0,"player_choice":"Simplicity","damage_taken":0,"max_hp_gain":0,"max_hp_loss":0,"event_name":"Back to Basics","floor":27,"gold_loss":0,"cards_upgraded":["Defend_B","Defend_B","Defend_B","Defend_B"]},{"damage_healed":0,"gold_gain":0,"player_choice":"Obtained Relic","damage_taken":0,"relics_obtained":["Omamori"],"max_hp_gain":0,"max_hp_loss":0,"event_name":"Addict","floor":29,"gold_loss":85},{"damage_healed":0,"gold_gain":0,"player_choice":"Upgraded Two","damage_taken":0,"max_hp_gain":0,"max_hp_loss":0,"event_name":"Designer","floor":36,"gold_loss":40,"cards_upgraded":["Coolheaded","Seek"]},{"damage_healed":0,"gold_gain":0,"player_choice":"Fight","damage_taken":0,"max_hp_gain":0,"max_hp_loss":0,"event_name":"Mysterious Sphere","floor":38,"gold_loss":0}],"is_beta":false,"boss_relics":[{"not_picked":["Nuclear Battery","Snecko Eye"],"picked":"Velvet Choker"},{"not_picked":["Black Star","Runic Dome"],"picked":"Cursed Key"}],"items_purged_floors":[],"is_endless":false,"potions_floor_spawned":[1,6,7,13,16,24,25,31,33,37,38,44,48],"ascension_level":0}