{"gold_per_floor":[115,127,77,96,96,96,111,131,203,223,255,272,272,290,290,393,393,403,403,420,491,506,506,526,546,546,170,190,202,220,236,236,337,337,357,367,379,397,397,397,497,497],"floor_reached":42,"playtime":3699,"items_purged":[],"score":437,"play_id":"d0cc4942-fa5d-4285-baef-7aa672b4471c","local_time":"20191011082933","is_ascension_mode":false,"campfire_choices":[{"data":"Iron Wave","floor":6,"key":"SMITH"},{"floor":13,"key":"REST"},{"data":"Rage","floor":15,"key":"SMITH"},{"floor":23,"key":"REST"},{"floor":32,"key":"REST"},{"data":"Barricade","floor":40,"key":"SMITH"}],"neow_cost":"NONE","seed_source_timestamp":256829838600700,"circlet_count":0,"master_deck":["Strike_R+1","Strike_R+1","Strike_R+1","Defend_R+1","Defend_R+1","Defend_R+1","Defend_R+1","Seeing Red","Iron Wave+1","True Grit","Sword Boomerang","Armaments","Spot Weakness","Body Slam","Anger","Rage+1","Anger","Demon Form","Heavy Blade","Second Wind+1","Clothesline","Metallicize+1","Bloodletting+1","Sentinel","Trip","Impatience","Shrug It Off+1","Power Through+1","Reckless Charge","Reaper","Barricade+1","Burning Pact+1","Headbutt","Shrug It Off","Anger","Clothesline+1"],"relics":["Burning Blood","The Courier","Nunchaku","Mark of Pain","Bottled Tornado","Kunai","Bag of Marbles","Busted Crown","Torii"],"potions_floor_usage":[16,16,22,28,31,33,33,37,41],"damage_taken":[{"damage":1,"enemies":"2 Louse","floor":1,"turns":4},{"damage":0,"enemies":"Cultist","floor":2,"turns":4},{"damage":4,"enemies":"Jaw Worm","floor":4,"turns":4},{"damage":9,"enemies":"Exordium Wildlife","floor":7,"turns":5},{"damage":7,"enemies":"Exordium Thugs","floor":8,"turns":5},{"damage":9,"enemies":"3 Louse","floor":10,"turns":4},{"damage":31,"enemies":"3 Sentries","floor":11,"turns":11},{"damage":0,"enemies":"Large Slime","floor":12,"turns":5},{"damage":0,"enemies":"Blue Slaver","floor":14,"turns":4},{"damage":69,"enemies":"Slime Boss","floor":16,"turns":13},{"damage":7,"enemies":"Shell Parasite","floor":18,"turns":6},{"damage":29,"enemies":"3 Byrds","floor":20,"turns":6},{"damage":16,"enemies":"Centurion and Healer","floor":22,"turns":5},{"damage":30,"enemies":"3 Cultists","floor":24,"turns":6},{"damage":10,"enemies":"Sentry and Sphere","floor":25,"turns":4},{"damage":13,"enemies":"Shelled Parasite and Fungi","floor":28,"turns":4},{"damage":15,"enemies":"Snake Plant","floor":29,"turns":5},{"damage":0,"enemies":"3 Cultists","floor":30,"turns":6},{"damage":0,"enemies":"Chosen and Byrds","floor":31,"turns":6},{"damage":34,"enemies":"Automaton","floor":33,"turns":9},{"damage":11,"enemies":"3 Shapes","floor":35,"turns":5},{"damage":10,"enemies":"Orb Walker","floor":36,"turns":4},{"damage":38,"enemies":"3 Darklings","floor":37,"turns":6},{"damage":16,"enemies":"Sphere and 2 Shapes","floor":38,"turns":6},{"damage":26,"enemies":"Mind Bloom Boss Battle","floor":41,"turns":7},{"damage":65,"enemies":"Nemesis","floor":42,"turns":8}],"seed_played":"7274346142806406081","potions_obtained":[{"floor":7,"key":"Ancient Potion"},{"floor":8,"key":"Poison Potion"},{"floor":10,"key":"Poison Potion"},{"floor":12,"key":"PowerPotion"},{"floor":28,"key":"EssenceOfSteel"},{"floor":29,"key":"Block Potion"},{"floor":31,"key":"Swift Potion"},{"floor":33,"key":"LiquidBronze"},{"floor":35,"key":"Regen Potion"}],"is_trial":false,"path_per_floor":["M","M","?","M","?","R","M","M","T","M","E","M","R","M","R","B",null,"M","?","M","T","M","R","M","M","T","$","M","M","M","M","R","B",null,"M","M","M","M","?","R","?","E"],"character_chosen":"IRONCLAD","items_purchased":["Sentinel","Trip","Bag of Marbles","Regen Potion","Impatience"],"campfire_rested":3,"item_purchase_floors":[27,27,27,27,27],"current_hp_per_floor":[80,80,80,80,80,80,77,76,76,73,48,54,78,80,80,17,80,79,79,56,56,46,70,46,42,42,42,47,38,44,50,74,59,80,80,76,80,70,70,70,54,0],"gold":497,"neow_bonus":"TRANSFORM_CARD","is_prod":false,"is_daily":false,"chose_seed":false,"campfire_upgraded":3,"win_rate":0,"timestamp":1570800573,"path_taken":["M","M","?","M","?","R","M","M","T","?","E","M","R","M","R","BOSS","M","?","M","?","M","R","M","M","T","?","M","M","?","M","R","BOSS","M","M","M","M","?","R","?","E"],"build_version":"2019-07-17","purchased_purges":0,"victory":false,"max_hp_per_floor":[80,80,80,80,80,80,80,80,80,80,80,80,80,80,80,80,80,80,80,80,80,80,80,80,80,80,80,80,80,80,80,80,80,80,80,80,80,80,80,80,80,80],"card_choices":[{"not_picked":["Sword Boomerang","Heavy Blade"],"picked":"Iron Wave","floor":1},{"not_picked":["Reckless Charge","Pummel"],"picked":"True Grit","floor":2},{"not_picked":["Twin Strike","Pommel Strike"],"picked":"Sword Boomerang","floor":4},{"not_picked":["Rupture","Clothesline"],"picked":"Armaments","floor":7},{"not_picked":["Fiend Fire","Shrug It Off"],"picked":"Spot Weakness","floor":8},{"not_picked":["Shockwave","True Grit"],"picked":"Body Slam","floor":10},{"not_picked":["Cleave","Twin Strike"],"picked":"Anger","floor":11},{"not_picked":["Carnage","Iron Wave"],"picked":"Rage","floor":12},{"not_picked":["Twin Strike","Bloodletting"],"picked":"Anger","floor":14},{"not_picked":["Reaper","Fiend Fire"],"picked":"Demon Form","floor":16},{"not_picked":["Iron Wave","Perfected Strike"],"picked":"Heavy Blade","floor":18},{"not_picked":["Twin Strike","Evolve"],"picked":"Second Wind+1","floor":20},{"not_picked":["Sword Boomerang","Bloodletting"],"picked":"Clothesline","floor":22},{"not_picked":["Pommel Strike","Impervious"],"picked":"Metallicize+1","floor":24},{"not_picked":["Body Slam","Carnage"],"picked":"Bloodletting+1","floor":25},{"not_picked":["Body Slam","Warcry"],"picked":"Shrug It Off+1","floor":28},{"not_picked":["Perfected Strike","Cleave"],"picked":"Power Through+1","floor":29},{"not_picked":["Body Slam","Disarm"],"picked":"Reckless Charge","floor":30},{"not_picked":["Wild Strike","True Grit"],"picked":"Reaper","floor":31},{"not_picked":["Brutality","Fiend Fire"],"picked":"Barricade","floor":33},{"not_picked":[],"picked":"Burning Pact+1","floor":35},{"not_picked":[],"picked":"Headbutt","floor":36},{"not_picked":[],"picked":"Shrug It Off","floor":37},{"not_picked":[],"picked":"Anger","floor":38},{"not_picked":[],"picked":"Clothesline+1","floor":41}],"player_experience":102653,"relics_obtained":[{"floor":9,"key":"The Courier"},{"floor":11,"key":"Nunchaku"},{"floor":21,"key":"Bottled Tornado"},{"floor":26,"key":"Kunai"},{"floor":41,"key":"Torii"}],"event_choices":[{"cards_removed":["Strike_R"],"damage_healed":0,"gold_gain":0,"player_choice":"Card Removal","damage_taken":0,"max_hp_gain":0,"max_hp_loss":0,"event_name":"The Cleric","floor":3,"gold_loss":50},{"cards_removed":["Strike_R"],"damage_healed":0,"gold_gain":0,"player_choice":"Purged","damage_taken":0,"max_hp_gain":0,"max_hp_loss":0,"event_name":"Purifier","floor":5,"gold_loss":0},{"damage_healed":0,"gold_gain":0,"player_choice":"Simplicity","damage_taken":0,"max_hp_gain":0,"max_hp_loss":0,"event_name":"Back to Basics","floor":19,"gold_loss":0,"cards_upgraded":["Strike_R","Strike_R","Strike_R","Defend_R","Defend_R","Defend_R","Defend_R"]},{"damage_healed":0,"gold_gain":0,"player_choice":"Ignored","damage_taken":0,"max_hp_gain":0,"max_hp_loss":0,"event_name":"Tomb of Lord Red Mask","floor":39,"gold_loss":0},{"damage_healed":0,"gold_gain":0,"player_choice":"Fight","damage_taken":0,"max_hp_gain":0,"max_hp_loss":0,"event_name":"MindBloom","floor":41,"gold_loss":0}],"is_beta":false,"boss_relics":[{"not_picked":["Tiny House","Velvet Choker"],"picked":"Mark of Pain"},{"not_picked":["Calling Bell","Snecko Eye"],"picked":"Busted Crown"}],"items_purged_floors":[],"is_endless":false,"potions_floor_spawned":[7,8,10,12,28,29,31,33,35],"killed_by":"Nemesis","ascension_level":0}