{"gold_per_floor":[114,126,126,48,59,59,77,95,95,20,40,50,50,66,66,137,187,205,205],"floor_reached":19,"playtime":1054,"items_purged":["Dualcast"],"score":285,"play_id":"fda96cc5-9c04-4e29-b9fc-41fb4a23d9ef","local_time":"20190518154106","is_ascension_mode":true,"campfire_choices":[{"data":"Zap","floor":6,"key":"SMITH"},{"data":"Defragment","floor":13,"key":"SMITH"},{"floor":15,"key":"REST"}],"neow_cost":"NONE","seed_source_timestamp":10380240109675,"circlet_count":0,"master_deck":["AscendersBane","Strike_B","Strike_B","Strike_B","Strike_B","Defend_B","Defend_B","Defend_B","Defend_B","Zap+1","Streamline","Beam Cell","Defragment+1","Cold Snap+1","Sunder","BootSequence","Echo Form","Hologram"],"relics":["Cracked Core","Vajra","Tiny House"],"potions_floor_usage":[],"damage_taken":[{"damage":1,"enemies":"2 Louse","floor":1,"turns":2},{"damage":4,"enemies":"Jaw Worm","floor":2,"turns":4},{"damage":0,"enemies":"Cultist","floor":5,"turns":3},{"damage":11,"enemies":"Blue Slaver","floor":7,"turns":3},{"damage":10,"enemies":"3 Louse","floor":8,"turns":4},{"damage":14,"enemies":"Red Slaver","floor":11,"turns":4},{"damage":3,"enemies":"Blue Slaver","floor":12,"turns":2},{"damage":5,"enemies":"Exordium Wildlife","floor":14,"turns":3},{"damage":6,"enemies":"The Guardian","floor":16,"turns":9},{"damage":29,"enemies":"Shell Parasite","floor":18,"turns":5},{"damage":27,"enemies":"Spheric Guardian","floor":19,"turns":4}],"seed_played":"5346656785016055159","potions_obtained":[{"floor":7,"key":"FairyPotion"},{"floor":11,"key":"SteroidPotion"},{"floor":17,"key":"AttackPotion"}],"is_trial":false,"path_per_floor":["M","M","?","$","M","R","M","M","T","$","M","M","R","M","R","B",null,"M","M"],"character_chosen":"DEFECT","items_purchased":["Defragment"],"campfire_rested":1,"item_purchase_floors":[4],"current_hp_per_floor":[63,59,59,59,59,59,48,38,38,38,24,21,21,16,37,31,66,37,10],"gold":205,"neow_bonus":"THREE_CARDS","is_prod":false,"is_daily":false,"chose_seed":false,"campfire_upgraded":2,"win_rate":0,"timestamp":1558219266,"path_taken":["M","M","?","$","M","R","M","M","T","$","M","M","R","M","R","BOSS","M","M"],"build_version":"2019-01-23","purchased_purges":1,"victory":false,"max_hp_per_floor":[71,71,71,71,71,71,71,71,71,71,71,71,71,71,71,71,76,76,76],"card_choices":[{"not_picked":["Steam Power","Compile Driver"],"picked":"Streamline","floor":0},{"not_picked":["Ball Lightning","Barrage","Steam Power"],"picked":"SKIP","floor":1},{"not_picked":["Conserve Battery","Rip and Tear"],"picked":"Beam Cell","floor":2},{"not_picked":["Go for the Eyes","BootSequence"],"picked":"Cold Snap","floor":5},{"not_picked":["Go for the Eyes","Redo","Reinforced Body"],"picked":"SKIP","floor":7},{"not_picked":["Force Field","Hello World"],"picked":"Sunder","floor":8},{"not_picked":["Melter","Doom and Gloom","Cold Snap"],"picked":"SKIP","floor":11},{"not_picked":["Core Surge","Stack"],"picked":"BootSequence","floor":12},{"not_picked":["BootSequence","Scrape","Steam"],"picked":"SKIP","floor":14},{"not_picked":["Electrodynamics","Machine Learning"],"picked":"Echo Form","floor":16},{"not_picked":["Scrape","Hello World"],"picked":"Hologram","floor":17},{"not_picked":["Sweeping Beam","Turbo","Force Field"],"picked":"SKIP","floor":18}],"player_experience":1204929,"relics_obtained":[{"floor":9,"key":"Vajra"}],"event_choices":[{"damage_healed":0,"gold_gain":0,"player_choice":"Ignored","damage_taken":0,"max_hp_gain":0,"max_hp_loss":0,"event_name":"Golden Idol","floor":3,"gold_loss":0}],"is_beta":false,"boss_relics":[{"not_picked":["Lizard Tail","Black Star"],"picked":"Tiny House"}],"items_purged_floors":[10],"is_endless":false,"potions_floor_spawned":[7,11,14,16],"killed_by":"Spheric Guardian","ascension_level":15}