{"gold_per_floor":[118,218,231,11,27,59,59,93,142,161,179,179,192,209,209,314,314,326,139,151,171,171,171,196,206,230,230,248,262,278,298,298,395,395,407,407,421,421,437,464,464,464],"floor_reached":42,"playtime":9734,"items_purged":["Strike_B"],"score":566,"play_id":"28693939-4ef9-4834-b120-4dc0d17c7249","local_time":"20191015230131","is_ascension_mode":false,"campfire_choices":[{"data":"Loop","floor":7,"key":"SMITH"},{"floor":12,"key":"REST"},{"floor":15,"key":"REST"},{"floor":23,"key":"REST"},{"floor":27,"key":"REST"},{"floor":32,"key":"REST"},{"floor":41,"key":"REST"}],"neow_cost":"NONE","seed_source_timestamp":208139495993700,"circlet_count":0,"master_deck":["Defend_B","Defend_B","Defend_B","Defend_B","Zap+1","Dualcast","Coolheaded","Coolheaded","Loop+1","The Bomb","Consume","Multi-Cast","Echo Form","Darkness","Ball Lightning","Blizzard","Hello World","Coolheaded","Electrodynamics","Hologram+1","Glacier","Heatsinks","Force Field","White Noise","Bite","Bite","Bite","Bite","Bite","Sunder","Chill+1","Stack","Glacier+1","Turbo+1","Consume","Ball Lightning","Defragment","Echo Form","Gash+1","Panacea","Apotheosis","Barrage+1","Madness","Madness","Coolheaded+1","White Noise+1","Heatsinks+1"],"relics":["Cracked Core","Gremlin Horn","Dream Catcher","Inserter","Unceasing Top","Happy Flower","Nuclear Battery","Question Card"],"potions_floor_usage":[10,13,16,16,24,30,33,33],"damage_taken":[{"damage":0,"enemies":"2 Louse","floor":1,"turns":2},{"damage":0,"enemies":"Cultist","floor":3,"turns":3},{"damage":3,"enemies":"Small Slimes","floor":5,"turns":3},{"damage":30,"enemies":"Gremlin Nob","floor":6,"turns":5},{"damage":0,"enemies":"Lagavulin","floor":8,"turns":6},{"damage":8,"enemies":"Blue Slaver","floor":10,"turns":4},{"damage":7,"enemies":"Looter","floor":11,"turns":3},{"damage":11,"enemies":"2 Fungi Beasts","floor":13,"turns":4},{"damage":16,"enemies":"Exordium Wildlife","floor":14,"turns":6},{"damage":16,"enemies":"Slime Boss","floor":16,"turns":6},{"damage":10,"enemies":"Chosen","floor":18,"turns":4},{"damage":30,"enemies":"2 Thieves","floor":20,"turns":3},{"damage":1,"enemies":"Snecko","floor":21,"turns":6},{"damage":40,"enemies":"Gremlin Leader","floor":24,"turns":8},{"damage":23,"enemies":"Centurion and Healer","floor":25,"turns":9},{"damage":0,"enemies":"Cultist and Chosen","floor":28,"turns":8},{"damage":0,"enemies":"Snecko","floor":29,"turns":6},{"damage":1,"enemies":"Snake Plant","floor":30,"turns":5},{"damage":0,"enemies":"Shelled Parasite and Fungi","floor":31,"turns":6},{"damage":11,"enemies":"Automaton","floor":33,"turns":11},{"damage":13,"enemies":"3 Shapes","floor":35,"turns":4},{"damage":16,"enemies":"3 Darklings","floor":37,"turns":7},{"damage":18,"enemies":"Sphere and 2 Shapes","floor":39,"turns":7},{"damage":17,"enemies":"Giant Head","floor":40,"turns":11},{"damage":45,"enemies":"Transient","floor":42,"turns":5}],"seed_played":"-7922876362951146553","potions_obtained":[{"floor":3,"key":"SkillPotion"},{"floor":6,"key":"Regen Potion"},{"floor":10,"key":"Block Potion"},{"floor":14,"key":"GamblersBrew"},{"floor":16,"key":"Poison Potion"},{"floor":28,"key":"Weak Potion"},{"floor":29,"key":"SteroidPotion"},{"floor":30,"key":"GamblersBrew"},{"floor":39,"key":"SteroidPotion"},{"floor":40,"key":"Fire Potion"}],"is_trial":false,"path_per_floor":["M","?","M","$","M","E","R","E","T","M","M","R","M","M","R","B",null,"M","$","M","M","?","R","E","M","T","R","M","M","M","M","R","B",null,"M","?","M","?","M","E","R","M"],"character_chosen":"DEFECT","items_purchased":["Loop","The Bomb","Glacier","Heatsinks"],"campfire_rested":6,"item_purchase_floors":[4,4,19,19],"current_hp_per_floor":[75,75,75,75,72,42,42,42,42,36,31,53,56,42,64,50,75,65,65,37,38,38,60,28,13,13,35,37,41,42,44,66,65,75,68,58,48,39,23,18,40,0],"gold":464,"neow_bonus":"UPGRADE_CARD","is_prod":false,"is_daily":false,"chose_seed":false,"campfire_upgraded":1,"win_rate":0,"timestamp":1571176891,"path_taken":["M","?","M","$","M","E","R","E","T","M","?","R","M","M","R","BOSS","M","$","?","M","?","R","E","M","T","R","M","M","M","M","R","BOSS","M","?","M","?","M","E","R","M"],"build_version":"2019-07-17","purchased_purges":1,"victory":false,"max_hp_per_floor":[75,75,75,75,75,75,75,75,75,75,75,75,75,75,75,75,75,75,75,75,75,75,75,75,75,75,75,75,75,75,75,75,75,75,75,75,75,75,75,75,75,75],"card_choices":[{"not_picked":["Barrage","Steam"],"picked":"Coolheaded","floor":1},{"not_picked":["Stack","Hologram"],"picked":"Coolheaded","floor":3},{"not_picked":["Stack","Ball Lightning"],"picked":"Consume","floor":5},{"not_picked":["Streamline","Gash"],"picked":"Multi-Cast","floor":6},{"not_picked":["Hologram","Barrage"],"picked":"Echo Form","floor":8},{"not_picked":["Steam","Compile Driver"],"picked":"Darkness","floor":10},{"not_picked":["Steam","Rebound"],"picked":"Ball Lightning","floor":11},{"not_picked":["Scrape","Rebound"],"picked":"Blizzard","floor":12},{"not_picked":["Turbo","Conserve Battery"],"picked":"Hello World","floor":13},{"not_picked":["Reprogram","Blizzard","Reboot"],"picked":"SKIP","floor":14},{"not_picked":["Beam Cell","Streamline"],"picked":"Coolheaded","floor":15},{"not_picked":["Buffer","Rainbow"],"picked":"Electrodynamics","floor":16},{"not_picked":["Sweeping Beam","Ball Lightning"],"picked":"Hologram+1","floor":18},{"not_picked":["Cold Snap+1","Sweeping Beam"],"picked":"Force Field","floor":20},{"not_picked":["Stack","Redo"],"picked":"White Noise","floor":21},{"not_picked":["Hello World","Conserve Battery"],"picked":"Sunder","floor":23},{"not_picked":["Aggregate","Seek"],"picked":"Chill+1","floor":24},{"not_picked":["Reprogram","Coolheaded"],"picked":"Stack","floor":25},{"not_picked":["Loop","Steam"],"picked":"Glacier+1","floor":27},{"not_picked":["Steam","BootSequence+1"],"picked":"Turbo+1","floor":28},{"not_picked":["Turbo+1","BootSequence"],"picked":"Consume","floor":29},{"not_picked":["Sweeping Beam","Compile Driver"],"picked":"Ball Lightning","floor":30},{"not_picked":["Loop","Hello World+1"],"picked":"Defragment","floor":31},{"not_picked":["All For One","Meteor Strike"],"picked":"Echo Form","floor":33},{"not_picked":["Coolheaded+1","Hologram"],"picked":"Gash+1","floor":35},{"not_picked":["Flash of Steel","Magnetism"],"picked":"Panacea","floor":36},{"not_picked":["Dark Shackles","Trip"],"picked":"Apotheosis","floor":36},{"not_picked":["Ball Lightning","Go for the Eyes"],"picked":"Barrage+1","floor":37},{"not_picked":["Streamline+1","Stack"],"picked":"Coolheaded+1","floor":39},{"not_picked":["Scrape","Auto Shields+1"],"picked":"White Noise+1","floor":40},{"not_picked":["Sweeping Beam+1","Turbo","Redo+1"],"picked":"Heatsinks+1","floor":41}],"player_experience":85380,"relics_obtained":[{"floor":6,"key":"Gremlin Horn"},{"floor":8,"key":"Blood Vial"},{"floor":9,"key":"Dream Catcher"},{"floor":24,"key":"Unceasing Top"},{"floor":26,"key":"Happy Flower"},{"floor":40,"key":"Question Card"}],"event_choices":[{"damage_healed":0,"gold_gain":100,"player_choice":"Pray","damage_taken":0,"max_hp_gain":0,"max_hp_loss":0,"event_name":"Golden Shrine","floor":2,"gold_loss":0},{"damage_healed":0,"gold_gain":0,"player_choice":"Became a vampire (Vial)","damage_taken":0,"max_hp_gain":0,"max_hp_loss":0,"event_name":"Vampires","floor":22,"relics_lost":["Blood Vial"],"gold_loss":0,"cards_obtained":["Bite","Bite","Bite","Bite","Bite"]},{"damage_healed":0,"gold_gain":0,"player_choice":"Memory 3","damage_taken":10,"max_hp_gain":0,"max_hp_loss":0,"event_name":"SensoryStone","floor":36,"gold_loss":0},{"damage_healed":0,"gold_gain":0,"player_choice":"Embrace Madness","damage_taken":9,"max_hp_gain":0,"max_hp_loss":0,"event_name":"Winding Halls","floor":38,"gold_loss":0,"cards_obtained":["Madness","Madness"]}],"is_beta":false,"boss_relics":[{"not_picked":["Coffee Dripper","Black Star"],"picked":"Inserter"},{"not_picked":["Calling Bell","Empty Cage"],"picked":"Nuclear Battery"}],"items_purged_floors":[19],"is_endless":false,"potions_floor_spawned":[3,6,10,14,16,28,29,30,39,40],"killed_by":"Transient","ascension_level":0}