{"gold_per_floor":[110,41,41,60,37,37,81,81,157,157,181,194,215,215,215,215],"floor_reached":16,"playtime":1254,"items_purged":[],"score":125,"play_id":"e883d030-7ca2-4890-9486-a02d3923f9d0","local_time":"20191002212515","is_ascension_mode":false,"campfire_choices":[{"data":"Neutralize","floor":6,"key":"SMITH"},{"data":"Catalyst","floor":10,"key":"SMITH"},{"floor":15,"key":"REST"}],"neow_cost":"NONE","seed_source_timestamp":274568554507100,"circlet_count":0,"master_deck":["Strike_G","Strike_G","Strike_G","Strike_G","Strike_G","Defend_G","Defend_G","Defend_G","Defend_G","Defend_G","Survivor","Neutralize+1","Bouncing Flask","Catalyst+1","PiercingWail","Bane","Doppelganger","Decay","Flying Knee","Prepared"],"relics":["Ring of the Snake","NeowsBlessing","Golden Idol","Ancient Tea Set","Bottled Flame","Mummified Hand"],"potions_floor_usage":[16],"damage_taken":[{"damage":0,"enemies":"2 Louse","floor":1,"turns":1},{"damage":0,"enemies":"Small Slimes","floor":4,"turns":1},{"damage":0,"enemies":"Lagavulin","floor":7,"turns":1},{"damage":2,"enemies":"Cultist","floor":11,"turns":2},{"damage":11,"enemies":"3 Louse","floor":12,"turns":4},{"damage":6,"enemies":"Exordium Wildlife","floor":13,"turns":5},{"damage":49,"enemies":"Slime Boss","floor":16,"turns":7}],"seed_played":"7113780353455726533","potions_obtained":[{"floor":13,"key":"Weak Potion"}],"is_trial":false,"path_per_floor":["M","$","?","M","$","R","E","?","T","R","M","M","M","?","R","B"],"character_chosen":"THE_SILENT","items_purchased":["Catalyst","Bane"],"campfire_rested":1,"item_purchase_floors":[2,5],"current_hp_per_floor":[70,70,65,65,65,65,65,65,65,65,63,52,46,28,47,0],"gold":215,"neow_bonus":"THREE_ENEMY_KILL","is_prod":false,"is_daily":false,"chose_seed":false,"campfire_upgraded":2,"win_rate":0.0,"timestamp":1570047915,"path_taken":["M","$","?","M","$","R","E","?","T","R","?","M","M","?","R","BOSS"],"build_version":"2019-07-17","purchased_purges":0,"victory":false,"max_hp_per_floor":[70,70,65,65,65,65,65,65,65,65,65,65,65,65,65,65],"card_choices":[{"not_picked":["Blade Dance","Endless Agony"],"picked":"Bouncing Flask","floor":1},{"not_picked":["Dash","Backflip"],"picked":"PiercingWail","floor":4},{"not_picked":["PiercingWail","Deflect"],"picked":"Doppelganger","floor":7},{"not_picked":["Blade Dance","Dagger Throw"],"picked":"Flying Knee","floor":11},{"not_picked":["Blade Dance","Bane","Dagger Spray"],"picked":"SKIP","floor":12},{"not_picked":["Footwork","Sucker Punch"],"picked":"Prepared","floor":13}],"player_experience":19211,"relics_obtained":[{"floor":7,"key":"Ancient Tea Set"},{"floor":9,"key":"Bottled Flame"}],"event_choices":[{"damage_healed":0,"gold_gain":0,"player_choice":"Lose Max HP","damage_taken":0,"relics_obtained":["Golden Idol"],"max_hp_gain":0,"max_hp_loss":5,"event_name":"Golden Idol","floor":3,"gold_loss":0},{"damage_healed":0,"gold_gain":0,"player_choice":"Cursed","damage_taken":0,"max_hp_gain":0,"max_hp_loss":0,"event_name":"Wheel of Change","floor":8,"gold_loss":0,"cards_obtained":["Decay"]},{"damage_healed":0,"gold_gain":0,"player_choice":"Success","damage_taken":18,"relics_obtained":["Mummified Hand"],"max_hp_gain":0,"max_hp_loss":0,"event_name":"Scrap Ooze","floor":14,"gold_loss":0}],"is_beta":false,"boss_relics":[],"items_purged_floors":[],"is_endless":false,"potions_floor_spawned":[13],"killed_by":"Slime Boss","ascension_level":0}