{"gold_per_floor":[113,65,7,25,37,67,67,78,149,159,177,188,188,38,38,115,115,134,152,152,163,173,173,203,203,203,16,34,54,54,54,54,54],"floor_reached":33,"playtime":2028,"items_purged":["Strike_R","Strike_R"],"score":486,"play_id":"17e2d65e-f484-4c16-9409-ad7e8fddbbb7","local_time":"20190820210815","is_ascension_mode":true,"campfire_choices":[{"data":"Berserk","floor":7,"key":"SMITH"},{"data":"Disarm","floor":13,"key":"SMITH"},{"floor":15,"key":"REST"},{"floor":23,"key":"REST"},{"data":"Rage","floor":25,"key":"SMITH"},{"floor":30,"key":"REST"},{"data":"Disarm","floor":32,"key":"SMITH"}],"neow_cost":"NONE","seed_source_timestamp":584806381332171,"circlet_count":0,"master_deck":["AscendersBane","Strike_R","Defend_R","Defend_R","Defend_R","Defend_R","Bash","Berserk+1","Feel No Pain","Shrug It Off","Disarm+1","Power Through","Feed","Clothesline","Warcry","Shrug It Off","Juggernaut","Cleave","Disarm+1","Flame Barrier","Rage+1","Armaments+1","Flash of Steel","Shrug It Off","Writhe"],"relics":["Burning Blood","Ginger","Potion Belt","Self Forming Clay","Empty Cage","Juzu Bracelet","Orichalcum","Paper Frog"],"potions_floor_usage":[6,6,11,11,16,19,21,28,33],"damage_taken":[{"damage":8,"enemies":"2 Louse","floor":1,"turns":3},{"damage":5,"enemies":"Cultist","floor":4,"turns":4},{"damage":6,"enemies":"Jaw Worm","floor":5,"turns":5},{"damage":8,"enemies":"Lagavulin","floor":6,"turns":10},{"damage":16,"enemies":"Lots of Slimes","floor":8,"turns":6},{"damage":9,"enemies":"2 Fungi Beasts","floor":10,"turns":6},{"damage":21,"enemies":"Exordium Thugs","floor":11,"turns":8},{"damage":9,"enemies":"Red Slaver","floor":12,"turns":5},{"damage":14,"enemies":"The Guardian","floor":16,"turns":14},{"damage":12,"enemies":"Shell Parasite","floor":18,"turns":10},{"damage":10,"enemies":"3 Byrds","floor":19,"turns":6},{"damage":27,"enemies":"Shelled Parasite and Fungi","floor":21,"turns":9},{"damage":55,"enemies":"Centurion and Healer","floor":22,"turns":12},{"damage":10,"enemies":"Book of Stabbing","floor":24,"turns":12},{"damage":12,"enemies":"Snecko","floor":28,"turns":11},{"damage":13,"enemies":"Shelled Parasite and Fungi","floor":29,"turns":8},{"damage":92,"enemies":"Collector","floor":33,"turns":6}],"seed_played":"-8932714120441730507","potions_obtained":[{"floor":4,"key":"GamblersBrew"},{"floor":5,"key":"Energy Potion"},{"floor":8,"key":"SteroidPotion"},{"floor":10,"key":"Regen Potion"},{"floor":16,"key":"Fire Potion"},{"floor":19,"key":"AttackPotion"},{"floor":22,"key":"Swift Potion"},{"floor":28,"key":"Strength Potion"}],"is_trial":false,"path_per_floor":["M","$","?","M","M","E","R","M","T","M","M","M","R","$","R","B",null,"M","M","?","M","M","R","E","R","T","$","M","M","R","?","R","B"],"character_chosen":"IRONCLAD","items_purchased":["Shrug It Off","EssenceOfSteel","Flash of Steel"],"campfire_rested":3,"item_purchase_floors":[2,14,27],"current_hp_per_floor":[66,66,66,67,67,65,65,58,58,58,61,58,58,58,83,78,85,82,81,103,85,36,67,63,63,63,63,57,50,81,81,81,0],"gold":54,"neow_bonus":"ONE_RANDOM_RARE_CARD","is_prod":false,"is_daily":false,"chose_seed":false,"campfire_upgraded":4,"win_rate":0,"timestamp":1566360495,"path_taken":["M","$","?","M","M","E","R","M","T","?","M","M","R","?","R","BOSS","M","M","?","M","M","R","E","R","T","$","M","M","R","?","R","BOSS"],"build_version":"2019-07-17","purchased_purges":2,"victory":false,"max_hp_per_floor":[75,75,75,75,75,75,75,78,78,81,84,84,84,84,84,87,87,90,93,103,106,106,106,106,106,106,106,106,106,106,106,106,106],"card_choices":[{"not_picked":["Clash","Intimidate"],"picked":"Feel No Pain","floor":1},{"not_picked":["Anger","Evolve"],"picked":"Disarm","floor":4},{"not_picked":["Flex","Warcry"],"picked":"Power Through","floor":5},{"not_picked":["Blood for Blood","Cleave"],"picked":"Feed","floor":6},{"not_picked":["Sword Boomerang","Thunderclap"],"picked":"Clothesline","floor":8},{"not_picked":["Clash","Headbutt"],"picked":"Warcry","floor":10},{"not_picked":["Shockwave","Sever Soul"],"picked":"Shrug It Off","floor":11},{"not_picked":["Fire Breathing","Second Wind"],"picked":"Juggernaut","floor":12},{"not_picked":["Berserk","Bludgeon"],"picked":"Dark Embrace","floor":16},{"not_picked":["Perfected Strike","Thunderclap"],"picked":"Cleave","floor":18},{"not_picked":["Headbutt","Heavy Blade"],"picked":"Disarm","floor":19},{"not_picked":["Inflame","Anger"],"picked":"Flame Barrier","floor":21},{"not_picked":["Hemokinesis","Clothesline"],"picked":"Rage","floor":22},{"not_picked":["Clash+1","Bludgeon"],"picked":"Armaments+1","floor":24},{"not_picked":["Clothesline","Intimidate","Combust+1"],"picked":"SKIP","floor":28},{"not_picked":["Clash","Anger"],"picked":"Shrug It Off","floor":29}],"player_experience":730664,"relics_obtained":[{"floor":6,"key":"Potion Belt"},{"floor":9,"key":"Self Forming Clay"},{"floor":24,"key":"Juzu Bracelet"},{"floor":26,"key":"Orichalcum"}],"event_choices":[{"damage_healed":0,"gold_gain":0,"player_choice":"Paid Gold","damage_taken":0,"relics_obtained":["Ginger"],"max_hp_gain":0,"max_hp_loss":0,"event_name":"WeMeetAgain","floor":3,"gold_loss":58},{"cards_removed":["Dark Embrace"],"damage_healed":12,"gold_gain":0,"player_choice":"Offered Rare","damage_taken":0,"max_hp_gain":10,"max_hp_loss":0,"event_name":"Bonfire Elementals","floor":20,"gold_loss":0},{"damage_healed":0,"gold_gain":0,"player_choice":"Opened","damage_taken":0,"relics_obtained":["Paper Frog"],"max_hp_gain":0,"max_hp_loss":0,"event_name":"The Mausoleum","floor":31,"gold_loss":0,"cards_obtained":["Writhe"]}],"is_beta":false,"boss_relics":[{"not_picked":["White Beast Statue","Black Blood"],"picked":"Empty Cage"}],"items_purged_floors":[14,27],"is_endless":false,"potions_floor_spawned":[4,5,8,10,16,19,22,28],"killed_by":"Collector","ascension_level":14}