{"gold_per_floor":[119,119,119,137,147,147,160,178,253,271,271,271,291,117,117,117],"floor_reached":16,"playtime":617,"items_purged":["Strike_B"],"score":165,"play_id":"aaf1d310-553b-45d7-86d9-e7b569b25904","local_time":"20190518155132","is_ascension_mode":true,"campfire_choices":[{"data":"Coolheaded","floor":6,"key":"SMITH"},{"data":"Self Repair","floor":12,"key":"SMITH"},{"data":"Capacitor","floor":15,"key":"SMITH"}],"neow_cost":"NONE","seed_source_timestamp":11443895467984,"circlet_count":0,"master_deck":["AscendersBane","Strike_B","Strike_B","Strike_B","Defend_B","Defend_B","Defend_B","Defend_B","Zap+1","Coolheaded+1","Self Repair+1","Cold Snap","Capacitor+1","Ball Lightning"],"relics":["Cracked Core","StoneCalendar","Pear"],"potions_floor_usage":[13],"damage_taken":[{"damage":10,"enemies":"Small Slimes","floor":1,"turns":3},{"damage":7,"enemies":"Jaw Worm","floor":4,"turns":3},{"damage":1,"enemies":"Cultist","floor":5,"turns":3},{"damage":5,"enemies":"Blue Slaver","floor":7,"turns":4},{"damage":17,"enemies":"3 Louse","floor":8,"turns":3},{"damage":0,"enemies":"Large Slime","floor":10,"turns":4},{"damage":4,"enemies":"Looter","floor":13,"turns":3},{"damage":35,"enemies":"Slime Boss","floor":16,"turns":6}],"seed_played":"-8038586891307848865","potions_obtained":[{"floor":1,"key":"Strength Potion"},{"floor":4,"key":"LiquidBronze"},{"floor":10,"key":"AttackPotion"}],"is_trial":false,"path_per_floor":["M","?","?","M","M","R","M","M","T","M","?","R","M","$","R","B"],"character_chosen":"DEFECT","items_purchased":["Capacitor","Ball Lightning"],"campfire_rested":0,"item_purchase_floors":[14,14],"current_hp_per_floor":[54,49,42,35,34,34,29,12,22,29,29,29,35,35,35,0],"gold":117,"neow_bonus":"UPGRADE_CARD","is_prod":false,"is_daily":false,"chose_seed":false,"campfire_upgraded":3,"win_rate":0,"timestamp":1558219892,"path_taken":["M","?","?","M","M","R","M","?","T","?","?","R","M","$","R","BOSS"],"build_version":"2019-01-23","purchased_purges":1,"victory":false,"max_hp_per_floor":[71,71,71,71,71,71,71,71,81,81,81,81,81,81,81,81],"card_choices":[{"not_picked":["Force Field","Redo","Barrage"],"picked":"SKIP","floor":1},{"not_picked":["Stack","Barrage","Doom and Gloom"],"picked":"SKIP","floor":4},{"not_picked":["Turbo","Darkness"],"picked":"Coolheaded","floor":5},{"not_picked":["Barrage","Coolheaded","Static Discharge"],"picked":"SKIP","floor":7},{"not_picked":["Ball Lightning","Auto Shields"],"picked":"Self Repair","floor":8},{"not_picked":["Scrape","Barrage"],"picked":"Cold Snap","floor":10},{"not_picked":["Multi-Cast","Stack","Conserve Battery"],"picked":"SKIP","floor":13}],"player_experience":1205983,"relics_obtained":[{"floor":9,"key":"Pear"}],"event_choices":[{"damage_healed":0,"gold_gain":0,"player_choice":"Success","damage_taken":5,"relics_obtained":["StoneCalendar"],"max_hp_gain":0,"max_hp_loss":0,"event_name":"Scrap Ooze","floor":2,"gold_loss":0},{"cards_removed":["Dualcast"],"damage_healed":0,"gold_gain":0,"player_choice":"Card Removal","damage_taken":7,"max_hp_gain":0,"max_hp_loss":0,"event_name":"Golden Wing","floor":3,"gold_loss":0},{"damage_healed":0,"gold_gain":0,"player_choice":"Ignored","damage_taken":0,"max_hp_gain":0,"max_hp_loss":0,"event_name":"Liars Game","floor":11,"gold_loss":0}],"is_beta":false,"boss_relics":[],"items_purged_floors":[14],"is_endless":false,"potions_floor_spawned":[1,4,10],"killed_by":"Slime Boss","ascension_level":15}