{"gold_per_floor":[118,118,118,133,148,148,182,182,205,7,35,35,47,47,47,124,124,135,135,94,105,136,136],"floor_reached":23,"playtime":12669,"items_purged":["Strike_B"],"score":378,"play_id":"4f4392d7-7fed-4c0b-8580-32fbc5a096e7","local_time":"20190714194549","is_ascension_mode":true,"campfire_choices":[{"floor":6.0,"key":"REST"},{"floor":8.0,"key":"REST"},{"data":"Zap","floor":15,"key":"SMITH"}],"neow_cost":"NONE","seed_source_timestamp":391773313177179,"circlet_count":0,"master_deck":["AscendersBane","Strike_B","Strike_B","Defend_B+1","Defend_B+1","Defend_B","Defend_B","Zap+1","Dualcast","Loop","Sweeping Beam","Cold Snap","Undo","Glacier","Loop","Go for the Eyes","Glacier","Coolheaded","Self Repair"],"special_seed":0,"relics":["Cracked Core","NeowsBlessing","Bag of Preparation","Omamori","Bronze Scales","Boot","Nuclear Battery","Red Mask"],"potions_floor_usage":[22,22],"damage_taken":[{"damage":0.0,"enemies":"2 Louse","floor":1.0,"turns":1.0},{"damage":0.0,"enemies":"Jaw Worm","floor":4.0,"turns":1.0},{"damage":0.0,"enemies":"Small Slimes","floor":5.0,"turns":1.0},{"damage":25.0,"enemies":"Lagavulin","floor":7.0,"turns":7.0},{"damage":16.0,"enemies":"3 Sentries","floor":11.0,"turns":8.0},{"damage":0,"enemies":"3 Louse","floor":13,"turns":3},{"damage":20,"enemies":"Hexaghost","floor":16,"turns":17},{"damage":0,"enemies":"3 Byrds","floor":18,"turns":3},{"damage":12,"enemies":"2 Thieves","floor":20,"turns":5},{"damage":13,"enemies":"Shelled Parasite and Fungi","floor":21,"turns":11},{"damage":9,"enemies":"Masked Bandits","floor":22,"turns":6},{"damage":60,"enemies":"Book of Stabbing","floor":23,"turns":7}],"seed_played":"-5888316575800906027","potions_obtained":[{"floor":1.0,"key":"AttackPotion"},{"floor":4.0,"key":"Block Potion"},{"floor":11.0,"key":"SkillPotion"},{"floor":16,"key":"Regen Potion"},{"floor":20,"key":"FocusPotion"},{"floor":22,"key":"FocusPotion"}],"is_trial":false,"path_per_floor":["M","?","?","M","M","R","E","R","T","$","E","$","M","?","R","B",null,"M","?","M","M","?","E"],"character_chosen":"DEFECT","items_purchased":["Glacier","Loop"],"campfire_rested":2,"item_purchase_floors":[10,10],"current_hp_per_floor":[64,53,32,32,32,53,28,49,49,49,33,33,33,26,26,6,55,55,81,69,56,54,0],"gold":136,"neow_bonus":"THREE_ENEMY_KILL","is_prod":false,"is_daily":false,"chose_seed":false,"campfire_upgraded":1,"win_rate":0,"timestamp":1563158749,"path_taken":["M","?","?","M","M","R","E","R","T","?","E","$","M","?","R","BOSS","M","?","?","?","?","E"],"build_version":"2019-07-05","purchased_purges":1,"victory":false,"max_hp_per_floor":[71,71,71,71,71,71,71,71,71,71,71,71,71,71,71,71,71,71,81,81,81,81,81],"card_choices":[{"not_picked":["Heatsinks","Undo"],"picked":"Loop","floor":1.0},{"not_picked":["Hologram","Cold Snap"],"picked":"Sweeping Beam","floor":4.0},{"not_picked":["Blizzard","Leap"],"picked":"Cold Snap","floor":5.0},{"not_picked":["Core Surge","Storm"],"picked":"Undo","floor":7.0},{"not_picked":["Consume","Sweeping Beam"],"picked":"Go for the Eyes","floor":11.0},{"not_picked":["Coolheaded","Steam"],"picked":"Glacier","floor":13},{"not_picked":["Core Surge","Machine Learning"],"picked":"Biased Cognition","floor":16},{"not_picked":["Heatsinks","Go for the Eyes"],"picked":"Coolheaded","floor":18},{"not_picked":["Double Energy","Beam Cell","Coolheaded"],"picked":"SKIP","floor":20},{"not_picked":["Storm","Cold Snap"],"picked":"Self Repair","floor":21}],"player_experience":2146319,"relics_obtained":[{"floor":7.0,"key":"Omamori"},{"floor":9.0,"key":"Bronze Scales"},{"floor":11.0,"key":"Boot"},{"floor":22,"key":"Red Mask"}],"event_choices":[{"damage_healed":0.0,"max_hp_gain":0.0,"max_hp_loss":0.0,"gold_gain":0.0,"event_name":"Scrap Ooze","player_choice":"Success","floor":2.0,"gold_loss":0.0,"damage_taken":11.0,"relics_obtained":["Bag of Preparation"]},{"damage_healed":0.0,"max_hp_gain":0.0,"max_hp_loss":0.0,"gold_gain":0.0,"event_name":"Shining Light","player_choice":"Entered Light","floor":3.0,"gold_loss":0.0,"damage_taken":21.0,"cards_upgraded":["Defend_B","Defend_B"]},{"cards_removed":["Strike_B"],"damage_healed":0,"gold_gain":0,"player_choice":"Card Removal","damage_taken":7,"max_hp_gain":0,"max_hp_loss":0,"event_name":"Golden Wing","floor":14,"gold_loss":0},{"cards_removed":["Biased Cognition"],"damage_healed":16,"gold_gain":0,"player_choice":"Offered Rare","damage_taken":0,"max_hp_gain":10,"max_hp_loss":0,"event_name":"Bonfire Elementals","floor":19,"gold_loss":0},{"damage_healed":0,"gold_gain":0,"player_choice":"Fought Bandits","damage_taken":0,"max_hp_gain":0,"max_hp_loss":0,"event_name":"Masked Bandits","floor":22,"gold_loss":0}],"is_beta":false,"boss_relics":[{"not_picked":["Lizard Tail","White Beast Statue"],"picked":"Nuclear Battery"}],"items_purged_floors":[10],"is_endless":false,"potions_floor_spawned":[1,4,11,16,20,22],"killed_by":"Book of Stabbing","ascension_level":18}