{"gold_per_floor":[117,128,142,142,142,169,180,168,222,87,87,87,121,133,133,233,233,243,263,149,165,180,180,197,197,223,223,223,223,71,87,87,87],"floor_reached":33,"playtime":2526,"items_purged":[],"score":389,"play_id":"581d4ed8-b2f8-419f-81a9-030120349eca","local_time":"20181215093006","is_ascension_mode":true,"campfire_choices":[{"data":"Armaments","floor":11.0,"key":"SMITH"},{"floor":15.0,"key":"REST"},{"data":"True Grit","floor":23,"key":"SMITH"},{"floor":25,"key":"REST"},{"data":"Pummel","floor":29,"key":"SMITH"},{"floor":32,"key":"REST"}],"neow_cost":"NONE","seed_source_timestamp":0,"circlet_count":0,"master_deck":["AscendersBane","Strike_R","Strike_R","Strike_R","Strike_R","Strike_R","Defend_R","Defend_R","Defend_R","Bash","Shrug It Off","Headbutt","Perfected Strike","Metallicize","Wild Strike","True Grit+1","Shrug It Off","Armaments+1","Spot Weakness","Pummel+1","Pummel","Exhume","Thunderclap+1","Wild Strike","Seeing Red","Metallicize","Sentinel","Clothesline+1","True Grit+1","Pommel Strike+1","Dropkick","Impervious"],"special_seed":0,"relics":["Black Blood","Juzu Bracelet","Tiny Chest","Dream Catcher","Bag of Preparation","Red Skull"],"potions_floor_usage":[18,22,24,27,33],"damage_taken":[{"damage":3.0,"enemies":"Jaw Worm","floor":1.0,"turns":5.0},{"damage":1.0,"enemies":"2 Louse","floor":2.0,"turns":3.0},{"damage":0.0,"enemies":"Cultist","floor":3.0,"turns":2.0},{"damage":27.0,"enemies":"3 Sentries","floor":6.0,"turns":10.0},{"damage":5.0,"enemies":"Blue Slaver","floor":7.0,"turns":4.0},{"damage":12.0,"enemies":"Exordium Thugs","floor":8.0,"turns":4.0},{"damage":24.0,"enemies":"Lagavulin","floor":13.0,"turns":10.0},{"damage":7.0,"enemies":"Gremlin Gang","floor":14.0,"turns":3.0},{"damage":51.0,"enemies":"The Guardian","floor":16.0,"turns":11.0},{"damage":10,"enemies":"Spheric Guardian","floor":18,"turns":5},{"damage":8,"enemies":"Shell Parasite","floor":19,"turns":5},{"damage":44,"enemies":"3 Cultists","floor":21,"turns":6},{"damage":16,"enemies":"Snake Plant","floor":22,"turns":4},{"damage":25,"enemies":"Centurion and Healer","floor":24,"turns":7},{"damage":23,"enemies":"Colosseum Slavers","floor":27,"turns":6},{"damage":44,"enemies":"3 Cultists","floor":31,"turns":7},{"damage":85,"enemies":"Collector","floor":33,"turns":11}],"seed_played":"8058775299490079647","potions_obtained":[{"floor":7.0,"key":"Swift Potion"},{"floor":13.0,"key":"Explosive Potion"},{"floor":14.0,"key":"Fruit Juice"},{"floor":16.0,"key":"SkillPotion"},{"floor":21,"key":"Explosive Potion"},{"floor":22,"key":"Fruit Juice"},{"floor":24,"key":"SkillPotion"},{"floor":31,"key":"Dexterity Potion"}],"is_trial":false,"path_per_floor":["M","M","M","?","$","E","M","M","T","$","R","?","E","M","R","B",null,"M","M","$","M","M","R","M","R","T","?","?","R","$","M","R","B"],"character_chosen":"IRONCLAD","items_purchased":["Swift Strike","Armaments","Seeing Red","Metallicize","Red Skull"],"campfire_rested":3,"item_purchase_floors":[10,10,20,20,30],"current_hp_per_floor":[75,80,80,80,80,59,60,54,54,54,54,80,62,66,85,40,74,74,76,76,42,41,41,26,53,53,40,90,90,90,56,83,0],"gold":87,"neow_bonus":"TRANSFORM_CARD","is_prod":false,"is_daily":false,"chose_seed":false,"campfire_upgraded":3,"win_rate":0,"timestamp":1544895006,"path_taken":["M","M","M","?","$","E","M","M","T","$","R","?","E","M","R","BOSS","M","M","$","M","M","R","M","R","T","?","?","R","$","M","R","BOSS"],"build_version":"2018-12-13","purchased_purges":0,"victory":false,"max_hp_per_floor":[80,80,80,80,80,80,80,80,80,80,80,80,80,85,85,85,85,85,85,85,85,90,90,90,90,90,90,90,90,90,90,90,90],"card_choices":[{"not_picked":["Heavy Blade","Havoc"],"picked":"Headbutt","floor":1.0},{"not_picked":["Clash","Thunderclap"],"picked":"Perfected Strike","floor":2.0},{"not_picked":["Heavy Blade","Wild Strike"],"picked":"Metallicize","floor":3.0},{"not_picked":["Barricade","Thunderclap"],"picked":"Wild Strike","floor":6.0},{"not_picked":["Sword Boomerang","Searing Blow"],"picked":"True Grit","floor":7.0},{"not_picked":["Body Slam","Anger"],"picked":"Shrug It Off","floor":8.0},{"not_picked":["Thunderclap","Clothesline"],"picked":"Spot Weakness","floor":13.0},{"not_picked":["Combust","Thunderclap"],"picked":"Pummel","floor":14.0},{"not_picked":["Anger","Blood for Blood"],"picked":"Pummel","floor":15.0},{"not_picked":["Impervious","Fiend Fire"],"picked":"Exhume","floor":16.0},{"not_picked":["Clothesline","Battle Trance"],"picked":"Thunderclap+1","floor":18},{"not_picked":["Havoc","Headbutt"],"picked":"Wild Strike","floor":19},{"not_picked":["Demon Form","Armaments"],"picked":"Sentinel","floor":21},{"not_picked":["Wild Strike","Pommel Strike"],"picked":"Clothesline+1","floor":22},{"not_picked":["Body Slam","Power Through"],"picked":"True Grit+1","floor":24},{"not_picked":["Dropkick","Rage"],"picked":"Pommel Strike+1","floor":25},{"not_picked":["Armaments+1","Havoc"],"picked":"Dropkick","floor":31},{"not_picked":["Whirlwind","Headbutt"],"picked":"Impervious","floor":32}],"player_experience":540631,"relics_obtained":[{"floor":6.0,"key":"Juzu Bracelet"},{"floor":9.0,"key":"Tiny Chest"},{"floor":13.0,"key":"Dream Catcher"},{"floor":26,"key":"Bag of Preparation"}],"event_choices":[{"damage_healed":0.0,"max_hp_gain":0.0,"max_hp_loss":0.0,"gold_gain":0.0,"event_name":"The Cleric","player_choice":"Leave","floor":4.0,"gold_loss":0.0,"damage_taken":0.0},{"damage_healed":26.0,"max_hp_gain":0.0,"max_hp_loss":0.0,"gold_gain":0.0,"event_name":"Wheel of Change","player_choice":"Full Heal","floor":12.0,"gold_loss":0.0,"damage_taken":0.0},{"damage_healed":0,"gold_gain":0,"player_choice":"Fight","damage_taken":0,"max_hp_gain":0,"max_hp_loss":0,"event_name":"Colosseum","floor":27,"gold_loss":0},{"damage_healed":0,"gold_gain":0,"player_choice":"Fled From Nobs","damage_taken":0,"max_hp_gain":0,"max_hp_loss":0,"event_name":"Colosseum","floor":27,"gold_loss":0},{"cards_removed":["Swift Strike"],"damage_healed":50,"gold_gain":0,"player_choice":"Offered Uncommon","damage_taken":0,"max_hp_gain":0,"max_hp_loss":0,"event_name":"Bonfire Elementals","floor":28,"gold_loss":0}],"is_beta":false,"boss_relics":[{"not_picked":["Tiny House","Black Star"],"picked":"Black Blood"}],"items_purged_floors":[],"is_endless":false,"potions_floor_spawned":[7,13,14,16,21,22,24,27,31],"killed_by":"Collector","ascension_level":10}