{"gold_per_floor":[116,135,151,151,165,200,215,243,267,299,299,328,328,34,34,138,138,150,240,194,210,220,220],"floor_reached":23,"playtime":1629,"items_purged":[],"score":232,"play_id":"90ea5c99-7cb0-441a-b9f4-772e4be8503f","local_time":"20191015000915","is_ascension_mode":true,"campfire_choices":[{"floor":11,"key":"REST"},{"floor":15,"key":"REST"}],"neow_cost":"NONE","seed_source_timestamp":134004526134399,"circlet_count":0,"master_deck":["Strike_R","Strike_R","Strike_R","Defend_R","Defend_R+1","Defend_R","Defend_R","Bash","Immolate","Pommel Strike","Iron Wave","Disarm+1","Ghostly Armor","Sentinel","Armaments","Rampage","Burning Pact","Clash","Seeing Red","Flex","Exhume","Intimidate","Uppercut+1","Battle Trance","Spot Weakness","Shockwave","Flame Barrier","Anger+1"],"relics":["Burning Blood","War Paint","Dodecahedron","Happy Flower","Centennial Puzzle","Molten Egg 2","Orrery"],"potions_floor_usage":[16,16,23,23],"damage_taken":[{"damage":6,"enemies":"Jaw Worm","floor":1,"turns":3},{"damage":0,"enemies":"2 Louse","floor":2,"turns":2},{"damage":1,"enemies":"Cultist","floor":3,"turns":3},{"damage":7,"enemies":"Red Slaver","floor":5,"turns":4},{"damage":24,"enemies":"Lagavulin","floor":6,"turns":10},{"damage":2,"enemies":"Blue Slaver","floor":7,"turns":5},{"damage":17,"enemies":"3 Sentries","floor":8,"turns":4},{"damage":33,"enemies":"Lagavulin","floor":10,"turns":7},{"damage":25,"enemies":"Gremlin Nob","floor":12,"turns":5},{"damage":17,"enemies":"The Guardian","floor":16,"turns":11},{"damage":39,"enemies":"Spheric Guardian","floor":18,"turns":6},{"damage":14,"enemies":"2 Thieves","floor":21,"turns":3},{"damage":9,"enemies":"3 Cultists","floor":22,"turns":6},{"damage":23,"enemies":"Slavers","floor":23,"turns":5}],"seed_played":"-2286966303930246121","potions_obtained":[{"floor":3,"key":"Fire Potion"},{"floor":5,"key":"Fire Potion"},{"floor":6,"key":"SteroidPotion"},{"floor":8,"key":"AttackPotion"},{"floor":21,"key":"PowerPotion"}],"is_trial":false,"path_per_floor":["M","M","M","?","M","E","M","E","T","E","R","E","?","$","R","B",null,"M","?","$","M","M","E"],"character_chosen":"IRONCLAD","items_purchased":["Flex","Molten Egg 2","Anger+1"],"campfire_rested":2,"item_purchase_floors":[14,14,20],"current_hp_per_floor":[80,80,80,73,72,54,58,47,47,20,44,25,25,25,49,38,80,47,31,31,23,20,0],"gold":220,"neow_bonus":"ONE_RANDOM_RARE_CARD","is_prod":false,"is_daily":false,"chose_seed":false,"campfire_upgraded":0,"win_rate":0,"timestamp":1571123355,"path_taken":["M","M","M","?","M","E","M","E","T","E","R","E","?","$","R","BOSS","M","?","$","?","M","E"],"build_version":"2019-07-17","purchased_purges":0,"victory":false,"max_hp_per_floor":[80,80,80,80,80,80,80,80,80,80,80,80,80,80,80,80,80,80,80,80,80,80,80],"card_choices":[{"not_picked":["Thunderclap","Clash"],"picked":"Pommel Strike","floor":1},{"not_picked":["Havoc","Blood for Blood"],"picked":"Iron Wave","floor":2},{"not_picked":["Sword Boomerang","Blood for Blood"],"picked":"Disarm","floor":3},{"not_picked":["Searing Blow","Wild Strike"],"picked":"Ghostly Armor","floor":5},{"not_picked":["Second Wind","Combust"],"picked":"Sentinel","floor":6},{"not_picked":["Carnage","Perfected Strike"],"picked":"Armaments","floor":7},{"not_picked":["Sever Soul","Intimidate"],"picked":"Rampage","floor":8},{"not_picked":["Body Slam","Carnage"],"picked":"Burning Pact","floor":10},{"not_picked":["Heavy Blade","Rampage"],"picked":"Clash","floor":12},{"not_picked":["Immolate+1","Offering"],"picked":"Exhume","floor":16},{"not_picked":["Shrug It Off","Blood for Blood+1"],"picked":"Intimidate","floor":17},{"not_picked":["Rage","Intimidate"],"picked":"Uppercut+1","floor":17},{"not_picked":["Sword Boomerang+1","Anger+1"],"picked":"Battle Trance","floor":17},{"not_picked":["Cleave+1","Havoc"],"picked":"Spot Weakness","floor":17},{"not_picked":["Shrug It Off","Ghostly Armor"],"picked":"Shockwave","floor":17},{"not_picked":["Havoc","Body Slam+1"],"picked":"Flame Barrier","floor":18},{"not_picked":["Cleave+1","Thunderclap+1","Iron Wave+1"],"picked":"SKIP","floor":21},{"not_picked":["Flex","Bloodletting","Thunderclap+1"],"picked":"SKIP","floor":22}],"player_experience":86990,"relics_obtained":[{"floor":6,"key":"War Paint"},{"floor":8,"key":"Dodecahedron"},{"floor":10,"key":"Happy Flower"},{"floor":12,"key":"Centennial Puzzle"}],"event_choices":[{"cards_removed":["Strike_R"],"damage_healed":0,"gold_gain":0,"player_choice":"Card Removal","damage_taken":7,"max_hp_gain":0,"max_hp_loss":0,"event_name":"Golden Wing","floor":4,"gold_loss":0},{"damage_healed":0,"gold_gain":0,"cards_transformed":["Strike_R"],"player_choice":"Transformed","damage_taken":0,"max_hp_gain":0,"max_hp_loss":0,"event_name":"Transmorgrifier","floor":13,"gold_loss":0,"cards_obtained":["Seeing Red"]},{"damage_healed":0,"gold_gain":90,"player_choice":"GOLD ","damage_taken":16,"max_hp_gain":0,"max_hp_loss":0,"event_name":"Knowing Skull","floor":19,"potions_obtained":[],"gold_loss":0,"cards_obtained":[]}],"is_beta":false,"boss_relics":[{"not_picked":["Eternal Feather","Runic Dome"],"picked":"Orrery"}],"items_purged_floors":[],"is_endless":false,"potions_floor_spawned":[3,5,6,8,12,21],"killed_by":"Slavers","ascension_level":1}