{"gold_per_floor":[112,112,112,112,126,155,167,167,167,11,26,26,46,58,58,158,158,173,186,202,301,382,382,382],"floor_reached":24,"playtime":1433,"items_purged":[],"score":312,"play_id":"0b4f81d8-e299-420f-8255-b556e47ace21","local_time":"20190707020404","is_ascension_mode":true,"campfire_choices":[{"data":"Dagger Spray","floor":8,"key":"SMITH"},{"data":"Leg Sweep","floor":12,"key":"SMITH"},{"data":"Footwork","floor":15,"key":"SMITH"},{"floor":23,"key":"REST"}],"neow_cost":"NONE","seed_source_timestamp":2154945162712257,"circlet_count":0,"master_deck":["Strike_G","Strike_G","Strike_G","Strike_G","Strike_G","Defend_G","Defend_G","Defend_G","Defend_G","Defend_G","Survivor","Neutralize","Dagger Spray+1","Bouncing Flask","Poisoned Stab","Well Laid Plans","Accuracy","Leg Sweep+1","Acrobatics","Footwork+1","Bane","After Image","Dodge and Roll+1","Cloak And Dagger","Backflip+1"],"relics":["Ring of the Snake","NeowsBlessing","Kunai","Mummified Hand","Black Star","Mercury Hourglass"],"potions_floor_usage":[13,16,16,20],"damage_taken":[{"damage":0,"enemies":"Small Slimes","floor":1,"turns":1},{"damage":0,"enemies":"2 Louse","floor":5,"turns":1},{"damage":0,"enemies":"Lagavulin","floor":6,"turns":1},{"damage":0,"enemies":"Cultist","floor":7,"turns":3},{"damage":0,"enemies":"Looter","floor":11,"turns":4},{"damage":12,"enemies":"Exordium Wildlife","floor":13,"turns":6},{"damage":0,"enemies":"Large Slime","floor":14,"turns":6},{"damage":38,"enemies":"Slime Boss","floor":16,"turns":16},{"damage":20,"enemies":"Spheric Guardian","floor":18,"turns":6},{"damage":0,"enemies":"Chosen","floor":19,"turns":7},{"damage":21,"enemies":"3 Cultists","floor":20,"turns":7},{"damage":71,"enemies":"Book of Stabbing","floor":24,"turns":10}],"seed_played":"-1439805266113206690","potions_obtained":[{"floor":1,"key":"FairyPotion"},{"floor":5,"key":"Dexterity Potion"},{"floor":7,"key":"PowerPotion"},{"floor":14,"key":"Regen Potion"},{"floor":18,"key":"SpeedPotion"}],"is_trial":false,"path_per_floor":["M","?","?","?","M","E","M","R","T","$","M","R","M","M","R","B",null,"M","M","M","?","T","R","E"],"character_chosen":"THE_SILENT","items_purchased":["Accuracy","Leg Sweep"],"campfire_rested":1,"item_purchase_floors":[10,10],"current_hp_per_floor":[63,68,68,75,75,75,75,75,75,75,75,75,63,63,63,40,66,46,46,25,25,25,47,0],"gold":382,"neow_bonus":"THREE_ENEMY_KILL","is_prod":false,"is_daily":false,"chose_seed":false,"campfire_upgraded":3,"win_rate":0,"timestamp":1562490244,"path_taken":["M","?","?","?","M","E","?","R","T","$","M","R","M","M","R","BOSS","M","M","M","?","?","R","E"],"build_version":"2019-07-05","purchased_purges":0,"victory":false,"max_hp_per_floor":[70,75,75,75,75,75,75,75,75,75,75,75,75,75,75,75,75,75,75,75,75,75,75,75],"card_choices":[{"not_picked":["Well Laid Plans","Deflect"],"picked":"Dagger Spray","floor":1},{"not_picked":["Concentrate","PiercingWail"],"picked":"Bouncing Flask","floor":5},{"not_picked":["Terror","Sucker Punch"],"picked":"Poisoned Stab","floor":6},{"not_picked":["Finisher","Flying Knee"],"picked":"Well Laid Plans","floor":7},{"not_picked":["Slice","Flechettes"],"picked":"Acrobatics","floor":11},{"not_picked":["PiercingWail","Blade Dance"],"picked":"Footwork","floor":13},{"not_picked":["Outmaneuver","Sucker Punch"],"picked":"Bane","floor":14},{"not_picked":["Burst","Bullet Time"],"picked":"After Image","floor":16},{"not_picked":["Dagger Spray","Concentrate+1"],"picked":"Dodge and Roll+1","floor":18},{"not_picked":["Accuracy","Dodge and Roll"],"picked":"Cloak And Dagger","floor":19},{"not_picked":["Expertise","Calculated Gamble"],"picked":"Backflip+1","floor":20}],"player_experience":656985,"relics_obtained":[{"floor":6,"key":"Kunai"},{"floor":9,"key":"Mummified Hand"},{"floor":22,"key":"Mercury Hourglass"}],"event_choices":[{"damage_healed":0,"gold_gain":0,"player_choice":"Donut","damage_taken":0,"max_hp_gain":5,"max_hp_loss":0,"event_name":"Big Fish","floor":2,"gold_loss":0},{"damage_healed":0,"gold_gain":0,"player_choice":"Fled","damage_taken":0,"max_hp_gain":0,"max_hp_loss":0,"event_name":"Scrap Ooze","floor":3,"gold_loss":0},{"damage_healed":7,"gold_gain":0,"player_choice":"Full Heal","damage_taken":0,"max_hp_gain":0,"max_hp_loss":0,"event_name":"Wheel of Change","floor":4,"gold_loss":0},{"damage_healed":0,"gold_gain":99,"player_choice":"Stole From Cult","damage_taken":0,"max_hp_gain":0,"max_hp_loss":0,"event_name":"Nest","floor":21,"gold_loss":0}],"is_beta":false,"boss_relics":[{"not_picked":["Tiny House","Eternal Feather"],"picked":"Black Star"}],"items_purged_floors":[],"is_endless":false,"potions_floor_spawned":[1,5,7,14,18],"killed_by":"Book of Stabbing","ascension_level":8}