{"gold_per_floor":[117,34,34,46,59,59,86,105,132,132,132,142,142,122,122,200,200,211,226,239,239],"floor_reached":21,"playtime":51182,"items_purged":[],"score":344,"play_id":"d2fd01a5-e15e-4be3-b242-03aedb91e2d5","local_time":"20190714121102","is_ascension_mode":true,"campfire_choices":[{"data":"Chaos","floor":6.0,"key":"SMITH"},{"floor":11.0,"key":"REST"},{"floor":15,"key":"REST"}],"neow_cost":"NONE","seed_source_timestamp":0,"circlet_count":0,"master_deck":["AscendersBane","Zap+1","Dualcast","Cold Snap","Sunder","Chaos+1","Self Repair","Coolheaded","Melter","Compile Driver","Go for the Eyes","Stack","Multi-Cast","Defragment","Coolheaded","Core Surge","Storm","White Noise","Heatsinks","Ball Lightning","Conserve Battery","Recycle+1"],"special_seed":0,"relics":["Cracked Core","Smiling Mask","Dream Catcher","Pandora\u0027s Box"],"potions_floor_usage":[16,20],"damage_taken":[{"damage":5.0,"enemies":"2 Louse","floor":1.0,"turns":2.0},{"damage":1.0,"enemies":"Cultist","floor":4.0,"turns":3.0},{"damage":5.0,"enemies":"Jaw Worm","floor":5.0,"turns":3.0},{"damage":38.0,"enemies":"Gremlin Nob","floor":7.0,"turns":4.0},{"damage":0.0,"enemies":"3 Louse","floor":8.0,"turns":2.0},{"damage":21.0,"enemies":"Lots of Slimes","floor":12.0,"turns":4.0},{"damage":38,"enemies":"Hexaghost","floor":16,"turns":13},{"damage":27,"enemies":"Shell Parasite","floor":18,"turns":4},{"damage":17,"enemies":"2 Thieves","floor":19,"turns":4},{"damage":16,"enemies":"Snake Plant","floor":20,"turns":3},{"damage":25,"enemies":"Cultist and Chosen","floor":21,"turns":3}],"seed_played":"-3675684925781162444","potions_obtained":[{"floor":4.0,"key":"SkillPotion"},{"floor":5.0,"key":"FairyPotion"},{"floor":7.0,"key":"SteroidPotion"},{"floor":12.0,"key":"Swift Potion"},{"floor":16,"key":"Strength Potion"},{"floor":19,"key":"SkillPotion"},{"floor":20,"key":"FocusPotion"}],"is_trial":false,"path_per_floor":["M","$","?","M","M","R","E","M","T","?","R","M","?","?","R","B",null,"M","M","M","M"],"character_chosen":"DEFECT","items_purchased":["Sunder"],"campfire_rested":2,"item_purchase_floors":[2],"current_hp_per_floor":[59,59,59,58,53,53,22,22,22,22,43,29,22,22,43,12,56,29,19,10,0],"gold":239,"neow_bonus":"UPGRADE_CARD","is_prod":false,"is_daily":false,"chose_seed":false,"campfire_upgraded":1,"win_rate":0,"timestamp":1563131462,"path_taken":["M","$","?","M","M","R","E","?","T","?","R","M","?","?","R","BOSS","M","M","M","?"],"build_version":"2019-07-05","purchased_purges":0,"victory":false,"max_hp_per_floor":[71,71,71,71,71,71,71,71,71,71,71,71,71,71,71,71,71,71,71,71,71],"card_choices":[{"not_picked":["Rebound","Storm"],"picked":"Cold Snap","floor":1.0},{"not_picked":["Steam","FTL"],"picked":"Chaos","floor":4.0},{"not_picked":["Rip and Tear","Skim"],"picked":"Self Repair","floor":5.0},{"not_picked":["Storm","Redo"],"picked":"Coolheaded","floor":7.0},{"not_picked":["Leap","Beam Cell"],"picked":"Melter","floor":8.0},{"not_picked":["Recycle","Hyperbeam"],"picked":"Compile Driver","floor":11.0},{"not_picked":["Leap","Double Energy"],"picked":"Go for the Eyes","floor":12.0},{"not_picked":["Leap","Self Repair"],"picked":"Stack","floor":15},{"not_picked":["Meteor Strike","Seek"],"picked":"Multi-Cast","floor":16},{"not_picked":["Redo","Coolheaded"],"picked":"Ball Lightning","floor":18},{"not_picked":["Steam+1","Beam Cell+1"],"picked":"Conserve Battery","floor":19},{"not_picked":["Sunder+1","Chill"],"picked":"Recycle+1","floor":20}],"player_experience":2083425,"relics_obtained":[{"floor":7.0,"key":"Smiling Mask"},{"floor":9.0,"key":"Dream Catcher"}],"event_choices":[{"cards_removed":["Strike_B"],"damage_healed":0.0,"max_hp_gain":0.0,"max_hp_loss":0.0,"gold_gain":0.0,"event_name":"Purifier","player_choice":"Purged","floor":3.0,"gold_loss":0.0,"damage_taken":0.0},{"damage_healed":0.0,"max_hp_gain":0.0,"max_hp_loss":0.0,"gold_gain":0.0,"event_name":"Scrap Ooze","player_choice":"Fled","floor":10.0,"gold_loss":0.0,"damage_taken":0.0},{"cards_removed":["Strike_B"],"damage_healed":0.0,"max_hp_gain":0.0,"max_hp_loss":0.0,"gold_gain":0.0,"event_name":"Golden Wing","player_choice":"Card Removal","floor":13.0,"gold_loss":0.0,"damage_taken":7.0},{"damage_healed":0.0,"max_hp_gain":0.0,"max_hp_loss":0.0,"gold_gain":0.0,"event_name":"The Woman in Blue","player_choice":"Bought 1 Potion","floor":14.0,"gold_loss":0.0,"damage_taken":0.0}],"is_beta":false,"boss_relics":[{"not_picked":["Runic Dome","Calling Bell"],"picked":"Pandora\u0027s Box"}],"items_purged_floors":[],"is_endless":false,"potions_floor_spawned":[4,5,7,12,16,19,20],"killed_by":"Cultist and Chosen","ascension_level":18}