{"gold_per_floor":[119,134,134,145,155,155,190,190,190,200,216,216,228,228,228,228],"floor_reached":16,"playtime":3317,"items_purged":[],"score":135,"play_id":"e7596085-1c12-4fd8-874f-7e29d6187542","local_time":"20180805122342","is_ascension_mode":true,"campfire_choices":[{"data":"Hologram","floor":6,"key":"SMITH"},{"data":"Zap","floor":8,"key":"SMITH"},{"floor":15,"key":"REST"}],"neow_cost":"","seed_source_timestamp":1516005243132,"circlet_count":0,"master_deck":["Strike_B","Strike_B","Strike_B","Strike_B","Defend_B","Defend_B","Defend_B","Defend_B","Zap+1","Cold Snap","Sunder","Hologram+1","Ball Lightning"],"relics":["Cracked Core","Unceasing Top","Turnip","Emotion Chip"],"potions_floor_usage":[7,11],"damage_taken":[{"damage":1,"enemies":"Cultist","floor":1,"turns":3},{"damage":0,"enemies":"Jaw Worm","floor":2,"turns":4},{"damage":0,"enemies":"Small Slimes","floor":4,"turns":3},{"damage":5,"enemies":"Gremlin Gang","floor":5,"turns":4},{"damage":21,"enemies":"Lagavulin","floor":7,"turns":7},{"damage":0,"enemies":"Large Slime","floor":10,"turns":4},{"damage":4,"enemies":"Exordium Thugs","floor":11,"turns":2},{"damage":0,"enemies":"3 Louse","floor":13,"turns":2},{"damage":27,"enemies":"The Guardian","floor":16,"turns":12}],"seed_played":"8758766546349701199","potions_obtained":[{"floor":2,"key":"FearPotion"},{"floor":4,"key":"EssenceOfSteel"},{"floor":7,"key":"Explosive Potion"},{"floor":11,"key":"Weak Potion"}],"is_trial":false,"path_per_floor":["M","M","?","M","M","R","E","R","T","M","M","?","M","$","R"],"character_chosen":"DEFECT","items_purchased":[],"campfire_rested":1,"item_purchase_floors":[],"current_hp_per_floor":[67,67,67,67,62,62,41,41,41,41,37,4,4,4,26,0],"gold":228,"neow_bonus":"","is_prod":false,"is_daily":false,"chose_seed":false,"campfire_upgraded":2,"win_rate":0,"timestamp":1533497022,"path_taken":["M","M","?","M","M","R","E","R","T","?","M","?","M","$","R","BOSS"],"build_version":"2018-08-02","purchased_purges":0,"victory":false,"max_hp_per_floor":[75,75,75,75,75,75,75,75,75,75,75,75,75,75,75,75],"card_choices":[{"not_picked":["Barrage","Melter"],"picked":"Cold Snap","floor":1},{"not_picked":["Double Energy","Compile Driver","Rebound"],"picked":"SKIP","floor":2},{"not_picked":["Gash","Sweeping Beam"],"picked":"Sunder","floor":4},{"not_picked":["Sweeping Beam","Streamline"],"picked":"Hologram","floor":5},{"not_picked":["Streamline","Cold Snap","Turbo"],"picked":"SKIP","floor":7},{"not_picked":["Recycle","Reboot","Coolheaded"],"picked":"SKIP","floor":10},{"not_picked":["Reprogram","Compile Driver","Gash"],"picked":"SKIP","floor":11},{"not_picked":["Storm","Turbo"],"picked":"Ball Lightning","floor":13}],"player_experience":579549,"relics_obtained":[{"floor":7,"key":"Unceasing Top"},{"floor":9,"key":"Turnip"}],"event_choices":[{"event_name":"Living Wall","player_choice":"Forget","floor":3,"damage_taken":0},{"event_name":"Scrap Ooze","player_choice":"success","floor":12,"damage_taken":33}],"is_beta":false,"boss_relics":[],"items_purged_floors":[],"is_endless":false,"potions_floor_spawned":[2,4,7,11],"killed_by":"The Guardian","ascension_level":6}