{"gold_per_floor":[13,13,26,44,54,54,86,105,105,105,105,125,144,158,158,256,256,270,204,72,90,110,110,120,120,146,146,161,180,193,212,212,315,315,329,38,48,48,66,66,95,95,95,95,95,111,142,191,191,191],"floor_reached":51,"playtime":4036,"items_purged":[],"score":815,"play_id":"99504784-5549-4370-ae5e-cdc15cc51622","local_time":"20180910223532","is_ascension_mode":true,"campfire_choices":[{"data":"Neutralize","floor":6,"key":"SMITH"},{"floor":10,"key":"REST"},{"floor":15,"key":"REST"},{"floor":23,"key":"REST"},{"data":"A Thousand Cuts","floor":25,"key":"SMITH"},{"data":"Accuracy","floor":27,"key":"SMITH"},{"floor":32,"key":"REST"},{"floor":40,"key":"REST"},{"floor":42,"key":"REST"},{"floor":44,"key":"REST"},{"floor":49,"key":"REST"}],"neow_cost":"NO_GOLD","seed_source_timestamp":383129384589914,"circlet_count":0,"master_deck":["Defend_G","Defend_G","Defend_G","Defend_G","Defend_G","Strike_G","Strike_G","Strike_G","Strike_G","Survivor","Neutralize+1","Blade Dance","Cloak And Dagger","Dagger Spray","Escape Plan","Bullet Time+1","Flying Knee","Dagger Throw","Accuracy+1","Sucker Punch","Burst+1","PiercingWail+1","Leg Sweep+1","Dodge and Roll+1","Blade Dance+1","Prepared+1","A Thousand Cuts+1","Well Laid Plans+1","Deflect+1","Slice","PiercingWail+1","Storm of Steel+1","Setup+1","Choke","Backflip+1","Dagger Throw+1","Dark Shackles+1","Deflect+1","Slice","PiercingWail+1","Infinite Blades+1","PiercingWail+1","Malaise+1","Flying Knee","Deflect+1","Dagger Throw+1","Slice","Escape Plan+1"],"relics":["Ring of the Serpent","Ice Cream","Toxic Egg 2","Blue Candle","Regal Pillow","Dream Catcher","Runic Dome","HandDrill","Dead Branch","Mummified Hand","Omamori","Prayer Wheel"],"potions_floor_usage":[16,21,22,29,33,33,39,48,48],"damage_taken":[{"damage":7,"enemies":"Jaw Worm","floor":1,"turns":6},{"damage":0,"enemies":"Small Slimes","floor":3,"turns":3},{"damage":0,"enemies":"Cultist","floor":4,"turns":4},{"damage":3,"enemies":"Exordium Wildlife","floor":5,"turns":3},{"damage":37,"enemies":"Gremlin Nob","floor":7,"turns":6},{"damage":0,"enemies":"Lots of Slimes","floor":8,"turns":2},{"damage":3,"enemies":"Looter","floor":12,"turns":3},{"damage":0,"enemies":"Red Slaver","floor":13,"turns":4},{"damage":1,"enemies":"2 Fungi Beasts","floor":14,"turns":4},{"damage":51,"enemies":"Slime Boss","floor":16,"turns":13},{"damage":27,"enemies":"Spheric Guardian","floor":18,"turns":7},{"damage":12,"enemies":"Chosen","floor":21,"turns":8},{"damage":9,"enemies":"3 Cultists","floor":22,"turns":7},{"damage":3,"enemies":"Chosen and Byrds","floor":24,"turns":8},{"damage":6,"enemies":"Centurion and Healer","floor":28,"turns":6},{"damage":6,"enemies":"Snake Plant","floor":29,"turns":6},{"damage":5,"enemies":"Cultist and Chosen","floor":30,"turns":6},{"damage":33,"enemies":"Chosen and Byrds","floor":31,"turns":5},{"damage":28,"enemies":"Collector","floor":33,"turns":11},{"damage":11,"enemies":"3 Darklings","floor":35,"turns":5},{"damage":17,"enemies":"Orb Walker","floor":37,"turns":4},{"damage":16,"enemies":"Transient","floor":39,"turns":5},{"damage":40,"enemies":"Nemesis","floor":41,"turns":7},{"damage":0,"enemies":"Reptomancer","floor":46,"turns":6},{"damage":19,"enemies":"Giant Head","floor":47,"turns":8},{"damage":14,"enemies":"Mysterious Sphere","floor":48,"turns":5},{"damage":16,"enemies":"Awakened One","floor":50,"turns":12}],"seed_played":"-7150124189012027257","potions_obtained":[{"floor":3,"key":"LiquidBronze"},{"floor":5,"key":"FairyPotion"},{"floor":16,"key":"Explosive Potion"},{"floor":21,"key":"Block Potion"},{"floor":22,"key":"FearPotion"},{"floor":28,"key":"Dexterity Potion"},{"floor":31,"key":"EssenceOfSteel"},{"floor":33,"key":"GhostInAJar"},{"floor":35,"key":"EssenceOfSteel"},{"floor":37,"key":"Block Potion"},{"floor":39,"key":"AttackPotion"}],"is_trial":false,"path_per_floor":["M","?","M","M","M","R","E","M","T","R","?","M","M","M","R","B",null,"M","?","$","M","M","R","M","R","T","R","M","M","M","M","R","B",null,"M","$","M","?","M","R","E","R","T","R","?","M","E","?","R","B"],"character_chosen":"THE_SILENT","items_purchased":["Leg Sweep+1","Dodge and Roll+1","Choke","Backflip+1","HandDrill"],"campfire_rested":8,"item_purchase_floors":[20,20,36,36,36],"current_hp_per_floor":[63,68,68,68,65,65,28,28,28,50,50,47,47,46,68,17,75,48,48,48,36,27,64,61,61,61,61,55,49,44,11,48,20,75,64,64,47,47,31,68,28,65,65,75,75,75,56,42,75,59],"gold":191,"neow_bonus":"ONE_RARE_RELIC","is_prod":false,"is_daily":false,"chose_seed":false,"campfire_upgraded":3,"win_rate":0,"timestamp":1536644132,"path_taken":["M","?","M","M","M","R","E","M","T","R","?","M","M","?","R","BOSS","M","?","$","M","M","R","M","R","T","R","M","M","?","M","R","BOSS","M","$","M","?","?","R","E","R","T","R","?","?","E","?","R","BOSS"],"build_version":"2018-09-06","purchased_purges":0,"victory":true,"max_hp_per_floor":[70,75,75,75,75,75,75,75,75,75,75,75,75,75,75,75,75,75,75,75,75,75,75,75,75,75,75,75,75,75,75,75,75,75,75,75,75,75,75,75,75,75,75,75,75,75,75,75,75,75],"card_choices":[{"not_picked":["Deflect","Endless Agony"],"picked":"Blade Dance","floor":1},{"not_picked":["Dagger Throw","Poisoned Stab"],"picked":"Cloak And Dagger","floor":3},{"not_picked":["Blade Dance","Deflect"],"picked":"Dagger Spray","floor":4},{"not_picked":["Flying Knee","Backflip"],"picked":"Escape Plan","floor":5},{"not_picked":["Dash","Blade Dance"],"picked":"Bullet Time","floor":7},{"not_picked":["Deadly Poison+1","Acrobatics+1"],"picked":"Flying Knee","floor":8},{"not_picked":["Catalyst+1","Flying Knee"],"picked":"Dagger Throw","floor":12},{"not_picked":["Outmaneuver+1","Bane"],"picked":"Accuracy","floor":13},{"not_picked":["Slice","Grand Finale"],"picked":"Sucker Punch","floor":14},{"not_picked":["Corpse Explosion+1","Wraith Form v2"],"picked":"Burst+1","floor":16},{"not_picked":["Flying Knee","Dagger Spray"],"picked":"PiercingWail+1","floor":18},{"not_picked":["Outmaneuver+1","Slice"],"picked":"Blade Dance+1","floor":21},{"not_picked":["Dagger Spray+1","Underhanded Strike"],"picked":"Prepared+1","floor":22},{"not_picked":["Deadly Poison+1","Sucker Punch"],"picked":"A Thousand Cuts","floor":24},{"not_picked":["Poisoned Stab","Backflip+1"],"picked":"Well Laid Plans+1","floor":28},{"not_picked":["Underhanded Strike","Dodge and Roll+1"],"picked":"Deflect+1","floor":29},{"not_picked":["Endless Agony+1","Well Laid Plans"],"picked":"Slice","floor":30},{"not_picked":["Accuracy","Skewer"],"picked":"PiercingWail+1","floor":31},{"not_picked":["Phantasmal Killer+1","Malaise+1"],"picked":"Storm of Steel+1","floor":33},{"not_picked":["Prepared+1","Slice"],"picked":"Setup+1","floor":35},{"not_picked":["Acrobatics+1","Quick Slash"],"picked":"Dagger Throw+1","floor":37},{"not_picked":["Blind+1","Swift Strike"],"picked":"Dark Shackles+1","floor":38},{"not_picked":["Skewer","Calculated Gamble+1"],"picked":"Deflect+1","floor":39},{"not_picked":["Riddle With Holes","Noxious Fumes+1"],"picked":"Slice","floor":40},{"not_picked":["Dagger Spray","Accuracy"],"picked":"PiercingWail+1","floor":41},{"not_picked":["Caltrops+1","Quick Slash+1"],"picked":"Infinite Blades+1","floor":42},{"not_picked":["Expertise+1","Venomology+1"],"picked":"PiercingWail+1","floor":44},{"not_picked":["Bane+1","Deadly Poison+1"],"picked":"Deflect+1","floor":46},{"not_picked":["Deflect+1","Dodge and Roll+1"],"picked":"Dagger Throw+1","floor":47},{"not_picked":["Underhanded Strike+1","Outmaneuver+1"],"picked":"Slice","floor":48},{"not_picked":["Bouncing Flask+1","Catalyst+1"],"picked":"Escape Plan+1","floor":49}],"player_experience":360690,"relics_obtained":[{"floor":7,"key":"Toxic Egg 2"},{"floor":9,"key":"Blue Candle"},{"floor":26,"key":"Dream Catcher"},{"floor":41,"key":"Dead Branch"},{"floor":43,"key":"Mummified Hand"},{"floor":47,"key":"Omamori"},{"floor":48,"key":"Prayer Wheel"}],"event_choices":[{"event_name":"Big Fish","player_choice":"Donut","floor":2,"damage_taken":0},{"event_name":"Purifier","player_choice":"One Purge","floor":11,"damage_taken":0},{"event_name":"WeMeetAgain","player_choice":"Gold","floor":19,"damage_taken":0},{"event_name":"SensoryStone","player_choice":"Memory 1","floor":38,"damage_taken":0},{"event_name":"Match and Keep!","player_choice":"2 cards matched","floor":45,"damage_taken":0},{"event_name":"Mysterious Sphere","player_choice":"Fight","floor":48,"damage_taken":0}],"is_beta":false,"boss_relics":[{"not_picked":["Empty Cage","Black Star"],"picked":"Ring of the Serpent"},{"not_picked":["Velvet Choker","Astrolabe"],"picked":"Runic Dome"}],"items_purged_floors":[],"is_endless":false,"potions_floor_spawned":[3,5,16,21,22,28,31,33,35,37,39,46],"ascension_level":3}