{"gold_per_floor":[111,122,133,133,153,188,188,201,201,201,232,46,46,46,46,150,150,161,161,161,5,73,99,114,146,146,210,245,245,261,340,340,445,445,463,513,663,678,30,59,59,126,206,218,247,259,321,663,675,687],"floor_reached":51,"playtime":2867,"items_purged":["Strike_R"],"score":800,"play_id":"e9dc16e9-ff36-4f4e-a3e6-33bdc8b7c50a","local_time":"20191011000749","is_ascension_mode":false,"campfire_choices":[{"data":"Armaments","floor":7.0,"key":"SMITH"},{"floor":13.0,"key":"REST"},{"floor":15.0,"key":"REST"},{"data":"Juggernaut","floor":29,"key":"SMITH"},{"data":"Uppercut","floor":32,"key":"SMITH"},{"data":"1","floor":41,"key":"LIFT"},{"floor":44,"key":"REST"},{"data":"2","floor":46,"key":"LIFT"},{"floor":49,"key":"REST"}],"neow_cost":"NONE","seed_source_timestamp":0,"circlet_count":0,"master_deck":["Strike_R","Strike_R","Defend_R","Defend_R","Defend_R","Defend_R","Bash+1","Juggernaut+1","Armaments+1","Rage","Iron Wave+1","Carnage","Uppercut+1","Shrug It Off","Reaper","Inflame+1","Rampage","Clothesline","Offering","Anger","Flex+1","Fire Breathing+1","Flame Barrier","Seeing Red","Anger+1","Twin Strike","Pommel Strike","Perfected Strike","Demon Form+1","Rage","Shrug It Off","Clash+1","Sadistic Nature+1","Perfected Strike","Spot Weakness","Warcry+1","Sentinel+1"],"special_seed":0,"relics":["Burning Blood","Whetstone","Self Forming Clay","Frozen Egg 2","Bottled Flame","Mark of Pain","Potion Belt","SsserpentHead","PreservedInsect","Letter Opener","Bottled Lightning","Bronze Scales","Matryoshka","Red Mask","Sozu","Girya","Shuriken","Mummified Hand","Lantern","MawBank","Toxic Egg 2","Old Coin"],"potions_floor_usage":[33,33,33,50],"damage_taken":[{"damage":6.0,"enemies":"Jaw Worm","floor":1.0,"turns":5.0},{"damage":6.0,"enemies":"Cultist","floor":2.0,"turns":4.0},{"damage":5.0,"enemies":"Small Slimes","floor":3.0,"turns":4.0},{"damage":15.0,"enemies":"3 Louse","floor":5.0,"turns":4.0},{"damage":40.0,"enemies":"3 Sentries","floor":6.0,"turns":7.0},{"damage":7.0,"enemies":"Exordium Thugs","floor":8.0,"turns":6.0},{"damage":31.0,"enemies":"Gremlin Nob","floor":11.0,"turns":5.0},{"damage":8.0,"enemies":"Lots of Slimes","floor":14.0,"turns":4.0},{"damage":18.0,"enemies":"The Guardian","floor":16.0,"turns":12.0},{"damage":11.0,"enemies":"Shell Parasite","floor":18.0,"turns":4.0},{"damage":15.0,"enemies":"3 Byrds","floor":22.0,"turns":5.0},{"damage":32.0,"enemies":"Gremlin Leader","floor":23.0,"turns":8.0},{"damage":15.0,"enemies":"Sentry and Sphere","floor":24.0,"turns":5.0},{"damage":18.0,"enemies":"Book of Stabbing","floor":25.0,"turns":4.0},{"damage":14.0,"enemies":"Centurion and Healer","floor":27.0,"turns":7.0},{"damage":26.0,"enemies":"Slavers","floor":28.0,"turns":3.0},{"damage":22,"enemies":"Snecko","floor":30,"turns":6},{"damage":6,"enemies":"Masked Bandits","floor":31,"turns":4},{"damage":68,"enemies":"Collector","floor":33,"turns":7},{"damage":4,"enemies":"Orb Walker","floor":35,"turns":3},{"damage":15,"enemies":"Mind Bloom Boss Battle","floor":37,"turns":6},{"damage":16,"enemies":"3 Shapes","floor":38,"turns":3},{"damage":49,"enemies":"Reptomancer","floor":40,"turns":5},{"damage":15,"enemies":"Jaw Worm Horde","floor":42,"turns":3},{"damage":21,"enemies":"Spire Growth","floor":45,"turns":5},{"damage":11,"enemies":"Nemesis","floor":48,"turns":5},{"damage":78,"enemies":"Donu and Deca","floor":50,"turns":8}],"seed_played":"-3577890526200583750","potions_obtained":[{"floor":3.0,"key":"Explosive Potion"},{"floor":11.0,"key":"Strength Potion"},{"floor":14.0,"key":"SteroidPotion"},{"floor":23.0,"key":"LiquidBronze"},{"floor":24.0,"key":"Poison Potion"},{"floor":27.0,"key":"Swift Potion"}],"is_trial":false,"path_per_floor":["M","M","M","?","M","E","R","M","T","T","E","$","R","M","R","B",null,"M","?","?","$","M","E","M","E","T","M","E","R","M","?","R","B",null,"M","?","?","M","$","E","R","M","T","R","M","R","?","E","R","B",null],"character_chosen":"IRONCLAD","items_purchased":["Inflame+1","Rampage","PreservedInsect","Shuriken","Mummified Hand","Sadistic Nature+1"],"campfire_rested":4,"item_purchase_floors":[12,12,21,39,39,39],"current_hp_per_floor":[80,80,80,80,71,37,37,36,36,36,11,11,35,42,66,54,80,75,75,75,75,70,65,70,68,68,77,60,60,51,80,80,18,80,80,80,77,67,67,43,43,34,34,58,53,53,53,58,80,30],"gold":699,"neow_bonus":"ONE_RANDOM_RARE_CARD","is_prod":false,"is_daily":false,"chose_seed":false,"campfire_upgraded":3,"win_rate":0.0,"timestamp":1570777669,"path_taken":["M","M","M","?","M","E","R","M","T","?","E","?","R","?","R","BOSS","M","?","?","$","?","E","M","E","T","?","E","R","M","?","R","BOSS","M","?","?","M","$","E","R","?","T","R","M","R","?","E","R","BOSS"],"build_version":"2019-07-17","purchased_purges":1,"victory":true,"max_hp_per_floor":[80,80,80,80,80,80,80,80,80,80,80,80,80,80,80,80,80,80,80,80,80,80,80,80,80,80,80,80,80,80,80,80,80,80,80,80,80,80,80,80,80,80,80,80,80,80,80,80,80,80],"card_choices":[{"not_picked":["Clothesline","Heavy Blade"],"picked":"Armaments","floor":1.0},{"not_picked":["Wild Strike","Twin Strike"],"picked":"Rage","floor":2.0},{"not_picked":["Perfected Strike","Searing Blow"],"picked":"Iron Wave","floor":3.0},{"not_picked":["Cleave","Intimidate"],"picked":"Carnage","floor":5.0},{"not_picked":["Sword Boomerang","Armaments"],"picked":"Uppercut","floor":6.0},{"not_picked":["Searing Blow","Entrench"],"picked":"Shrug It Off","floor":8.0},{"not_picked":["Clothesline","Rupture+1"],"picked":"Reaper","floor":11.0},{"not_picked":["Havoc","Sword Boomerang"],"picked":"Clothesline","floor":14.0},{"not_picked":["Berserk+1","Fiend Fire"],"picked":"Offering","floor":16.0},{"not_picked":["Rampage","Clothesline"],"picked":"Anger","floor":18.0},{"not_picked":["Clothesline","Thunderclap+1"],"picked":"Flex+1","floor":22.0},{"not_picked":["Disarm","Wild Strike+1"],"picked":"Fire Breathing+1","floor":23.0},{"not_picked":["True Grit","Wild Strike"],"picked":"Flame Barrier","floor":24.0},{"not_picked":["Blood for Blood","Headbutt+1"],"picked":"Seeing Red","floor":25.0},{"not_picked":["Cleave","Shrug It Off"],"picked":"Anger+1","floor":27.0},{"not_picked":["Reaper","True Grit"],"picked":"Twin Strike","floor":28},{"not_picked":["Searing Blow","Sentinel+1"],"picked":"Pommel Strike","floor":30},{"not_picked":["Twin Strike","Pommel Strike"],"picked":"Perfected Strike","floor":31},{"not_picked":["Limit Break","Bludgeon"],"picked":"Demon Form+1","floor":33},{"not_picked":["Reckless Charge+1","Pommel Strike"],"picked":"Rage","floor":35},{"not_picked":["Thunderclap","Corruption+1"],"picked":"Shrug It Off","floor":37},{"not_picked":["Wild Strike+1","Perfected Strike+1"],"picked":"Clash+1","floor":38},{"not_picked":["Combust+1","Evolve+1"],"picked":"Perfected Strike","floor":40},{"not_picked":["Body Slam","Flex+1"],"picked":"Spot Weakness","floor":42},{"not_picked":["Wild Strike+1","Power Through+1"],"picked":"Warcry+1","floor":45},{"not_picked":["Perfected Strike","Anger"],"picked":"Sentinel+1","floor":48}],"player_experience":49997,"relics_obtained":[{"floor":6.0,"key":"Whetstone"},{"floor":9.0,"key":"Self Forming Clay"},{"floor":10.0,"key":"Frozen Egg 2"},{"floor":11.0,"key":"Bottled Flame"},{"floor":23.0,"key":"Letter Opener"},{"floor":25.0,"key":"Bottled Lightning"},{"floor":26.0,"key":"Bronze Scales"},{"floor":28,"key":"Matryoshka"},{"floor":31,"key":"Red Mask"},{"floor":37,"key":"Girya"},{"floor":40,"key":"Lantern"},{"floor":43,"key":"MawBank"},{"floor":43,"key":"Toxic Egg 2"},{"floor":48,"key":"Old Coin"}],"event_choices":[{"damage_healed":0.0,"max_hp_gain":0.0,"max_hp_loss":0.0,"gold_gain":0.0,"cards_transformed":["Strike_R"],"event_name":"Living Wall","player_choice":"Change","floor":4.0,"gold_loss":0.0,"damage_taken":0.0,"cards_obtained":["Pummel"]},{"damage_healed":0.0,"max_hp_gain":0.0,"max_hp_loss":0.0,"gold_gain":0.0,"event_name":"The Mausoleum","player_choice":"Opened","floor":19.0,"gold_loss":0.0,"damage_taken":0.0,"relics_obtained":["Potion Belt"]},{"damage_healed":0.0,"max_hp_gain":0.0,"max_hp_loss":0.0,"gold_gain":0.0,"event_name":"FaceTrader","player_choice":"Trade","floor":20.0,"gold_loss":0.0,"damage_taken":0.0,"relics_obtained":["SsserpentHead"]},{"damage_healed":0,"gold_gain":0,"player_choice":"Fought Bandits","damage_taken":0,"max_hp_gain":0,"max_hp_loss":0,"event_name":"Masked Bandits","floor":31,"gold_loss":0},{"cards_removed":["Pummel"],"damage_healed":0,"gold_gain":0,"player_choice":"Removed Attack","damage_taken":0,"max_hp_gain":0,"max_hp_loss":0,"event_name":"Falling","floor":36,"gold_loss":0},{"damage_healed":0,"gold_gain":0,"player_choice":"Fight","damage_taken":0,"max_hp_gain":0,"max_hp_loss":0,"event_name":"MindBloom","floor":37,"gold_loss":0},{"cards_removed":["Strike_R"],"damage_healed":0,"gold_gain":0,"player_choice":"Card Removal","damage_taken":0,"max_hp_gain":0,"max_hp_loss":0,"event_name":"Wheel of Change","floor":47,"gold_loss":0}],"is_beta":false,"boss_relics":[{"not_picked":["Astrolabe","Tiny House"],"picked":"Mark of Pain"},{"not_picked":["Cursed Key","Coffee Dripper"],"picked":"Sozu"}],"items_purged_floors":[12],"is_endless":false,"potions_floor_spawned":[3,11,14,16,23,24,27,30,37,42,45,48],"ascension_level":0}