{"gold_per_floor":[119,139,139,89,89,89,14,14,14,39,100,110,138,148,148,245,245,225,243,253,267,167,167,184,215,215,234,0,0],"floor_reached":29,"playtime":1885,"items_purged":["Normality","Strike_G"],"score":319,"play_id":"31899ec5-ac50-4e1e-addf-5f0de80ea243","local_time":"20191015144349","is_ascension_mode":true,"campfire_choices":[{"data":"Neutralize","floor":6.0,"key":"SMITH"},{"data":"Glass Knife","floor":8.0,"key":"SMITH"},{"data":"Noxious Fumes","floor":15.0,"key":"SMITH"},{"data":"Dagger Spray","floor":23.0,"key":"SMITH"}],"neow_cost":"CURSE","seed_source_timestamp":0,"circlet_count":0,"master_deck":["Strike_G","Strike_G","Strike_G","Defend_G","Defend_G+1","Defend_G+1","Defend_G","Defend_G","Survivor","Neutralize+1","Glass Knife+1","PiercingWail","Flying Knee","Noxious Fumes+1","Endless Agony","Backflip","After Image","Dagger Spray+1","Expertise","Well Laid Plans","Blade Dance","Prepared"],"special_seed":0,"relics":["Ring of the Snake","Ornamental Fan","Bottled Lightning","Pantograph","Art of War","Sozu","War Paint","Frozen Egg 2"],"potions_floor_usage":[],"damage_taken":[{"damage":5.0,"enemies":"Small Slimes","floor":1.0,"turns":3.0},{"damage":0.0,"enemies":"2 Louse","floor":2.0,"turns":2.0},{"damage":18.0,"enemies":"Lagavulin","floor":10.0,"turns":7.0},{"damage":1.0,"enemies":"Jaw Worm","floor":12.0,"turns":3.0},{"damage":13.0,"enemies":"3 Sentries","floor":13.0,"turns":7.0},{"damage":0.0,"enemies":"Blue Slaver","floor":14.0,"turns":2.0},{"damage":11.0,"enemies":"Hexaghost","floor":16.0,"turns":11.0},{"damage":1.0,"enemies":"2 Thieves","floor":18.0,"turns":4.0},{"damage":3.0,"enemies":"Chosen","floor":19.0,"turns":5.0},{"damage":6.0,"enemies":"Centurion and Healer","floor":20.0,"turns":7.0},{"damage":12.0,"enemies":"Cultist and Chosen","floor":21.0,"turns":6.0},{"damage":16.0,"enemies":"Shelled Parasite and Fungi","floor":24.0,"turns":6.0},{"damage":12.0,"enemies":"Slavers","floor":25.0,"turns":6.0},{"damage":0,"enemies":"Snake Plant","floor":27,"turns":4},{"damage":18,"enemies":"Snecko","floor":29,"turns":4}],"seed_played":"-2269710960656100549","potions_obtained":[{"floor":2.0,"key":"Weak Potion"},{"floor":13.0,"key":"Regen Potion"},{"floor":16.0,"key":"Energy Potion"}],"is_trial":false,"path_per_floor":["M","M","?","?","?","R","$","R","T","E","?","M","E","M","R","B",null,"M","M","M","M","$","R","M","E","T","M","?","M"],"character_chosen":"THE_SILENT","items_purchased":[],"campfire_rested":0,"item_purchase_floors":[],"current_hp_per_floor":[65,65,47,47,47,47,47,47,47,29,29,28,15,15,15,44,64,63,60,54,42,42,42,26,14,14,14,14,0],"gold":0,"neow_bonus":"THREE_RARE_CARDS","is_prod":false,"is_daily":false,"chose_seed":false,"campfire_upgraded":4,"win_rate":0,"timestamp":1571165029,"path_taken":["M","M","?","?","?","R","$","R","T","E","?","?","E","M","R","BOSS","M","M","M","M","$","R","M","E","T","M","?","M"],"build_version":"2019-07-17","purchased_purges":2,"victory":false,"max_hp_per_floor":[70,70,70,70,70,70,70,70,70,70,70,70,70,70,70,70,70,70,70,70,70,70,70,70,70,70,70,70,70],"card_choices":[{"not_picked":["Bullet Time","Unload"],"picked":"Glass Knife","floor":0.0},{"not_picked":["Outmaneuver","Bane"],"picked":"PiercingWail","floor":1.0},{"not_picked":["Poisoned Stab","Masterful Stab"],"picked":"Flying Knee","floor":2.0},{"not_picked":["Setup","Backstab"],"picked":"Noxious Fumes","floor":10.0},{"not_picked":["Bane","Flying Knee"],"picked":"Endless Agony","floor":12.0},{"not_picked":["Catalyst","Eviscerate"],"picked":"Backflip","floor":13.0},{"not_picked":["Flying Knee","Sucker Punch","Acrobatics"],"picked":"SKIP","floor":14.0},{"not_picked":["Die Die Die","Glass Knife"],"picked":"After Image","floor":16.0},{"not_picked":["Sucker Punch+1","Quick Slash+1"],"picked":"Dagger Spray","floor":18.0},{"not_picked":["Dagger Spray","PiercingWail"],"picked":"Expertise","floor":19.0},{"not_picked":["Sucker Punch","Prepared"],"picked":"Well Laid Plans","floor":20.0},{"not_picked":["Outmaneuver","Deflect"],"picked":"Blade Dance","floor":21.0},{"not_picked":["Sucker Punch","Quick Slash","Slice+1"],"picked":"SKIP","floor":24.0},{"not_picked":["Backflip","Well Laid Plans"],"picked":"Prepared","floor":25},{"not_picked":["Noxious Fumes+1","Dodge and Roll","Predator"],"picked":"SKIP","floor":27}],"player_experience":389849,"relics_obtained":[{"floor":9.0,"key":"Bottled Lightning"},{"floor":10.0,"key":"Pantograph"},{"floor":13.0,"key":"Art of War"},{"floor":25,"key":"War Paint"},{"floor":26,"key":"Frozen Egg 2"}],"event_choices":[{"damage_healed":0.0,"max_hp_gain":0.0,"max_hp_loss":0.0,"gold_gain":0.0,"event_name":"Scrap Ooze","player_choice":"Success","floor":3.0,"gold_loss":0.0,"damage_taken":18.0,"relics_obtained":["Ornamental Fan"]},{"cards_removed":["Strike_G"],"damage_healed":0.0,"max_hp_gain":0.0,"max_hp_loss":0.0,"gold_gain":0.0,"event_name":"The Cleric","player_choice":"Card Removal","floor":4.0,"gold_loss":50.0,"damage_taken":0.0},{"damage_healed":0.0,"max_hp_gain":0.0,"max_hp_loss":0.0,"gold_gain":0.0,"event_name":"Liars Game","player_choice":"Ignored","floor":5.0,"gold_loss":0.0,"damage_taken":0.0},{"damage_healed":0.0,"max_hp_gain":0.0,"max_hp_loss":0.0,"gold_gain":61.0,"event_name":"Golden Wing","player_choice":"Gained Gold","floor":11.0,"gold_loss":0.0,"damage_taken":0.0},{"damage_healed":0,"gold_gain":0,"player_choice":"Paid Fearfully","damage_taken":0,"max_hp_gain":0,"max_hp_loss":0,"event_name":"Masked Bandits","floor":28,"gold_loss":234}],"is_beta":false,"boss_relics":[{"not_picked":["Philosopher\u0027s Stone","Astrolabe"],"picked":"Sozu"}],"items_purged_floors":[7,22],"is_endless":false,"potions_floor_spawned":[2,13,16,19,24],"killed_by":"Snecko","ascension_level":5}