{"gold_per_floor":[111,124,124,135,20,20,54,54,54,88,88,118,135,149,149,251,251,263,43,43,60,74,100,100,128,128,32,43,68,80,96,96,196,196,208,108,123,135,145,180,99,134,134,152,177,196,222,237,237,237,237,237,90,123,123],"floor_reached":55,"playtime":3750,"items_purged":["Defend_B","Strike_B"],"score":929,"play_id":"633d6bee-7033-44b6-aadb-4cd2490dde31","local_time":"20190825212724","is_ascension_mode":true,"campfire_choices":[{"data":"Zap","floor":6,"key":"SMITH"},{"data":"Hologram","floor":8,"key":"SMITH"},{"data":"Dualcast","floor":11,"key":"SMITH"},{"data":"Gash","floor":15,"key":"SMITH"},{"data":"Go for the Eyes","floor":24,"key":"SMITH"},{"data":"Machine Learning","floor":32,"key":"SMITH"},{"floor":49,"key":"RECALL"},{"data":"Beam Cell","floor":52,"key":"SMITH"}],"neow_cost":"CURSE","seed_source_timestamp":254144474948500,"circlet_count":0,"master_deck":["Strike_B","Strike_B","Strike_B","Defend_B","Defend_B","Defend_B","Zap+1","Dualcast+1","Gash+1","Ball Lightning","Hologram+1","Self Repair","Steam","BootSequence","Go for the Eyes+1","Machine Learning+1","Steam","Gash","Go for the Eyes","Gash+1","Skim+1","Flash of Steel","Gash+1","Rip and Tear","Hologram+1","Beam Cell+1","Defragment+1","FTL","Coolheaded","Chill+1","Coolheaded+1","Beam Cell+1"],"relics":["FrozenCore","Torii","Ornamental Fan","Matryoshka","Dodecahedron","Tiny Chest","Gremlin Horn","Nuclear Battery","Blood Vial","Mercury Hourglass","Shuriken","PreservedInsect","Symbiotic Virus","Anchor","Bottled Flame","Meat on the Bone","Pear","Regal Pillow","Mummified Hand","Oddly Smooth Stone","Pantograph"],"potions_floor_usage":[7,10,21,23,28,33,45,50,50,55],"damage_taken":[{"damage":1,"enemies":"Small Slimes","floor":1,"turns":3},{"damage":6,"enemies":"Jaw Worm","floor":2,"turns":2},{"damage":1,"enemies":"Cultist","floor":4,"turns":3},{"damage":18,"enemies":"3 Sentries","floor":7,"turns":8},{"damage":10,"enemies":"Lagavulin","floor":10,"turns":6},{"damage":0,"enemies":"Lots of Slimes","floor":13,"turns":3},{"damage":0,"enemies":"Red Slaver","floor":14,"turns":3},{"damage":29,"enemies":"The Guardian","floor":16,"turns":11},{"damage":1,"enemies":"Spheric Guardian","floor":18,"turns":4},{"damage":0,"enemies":"2 Thieves","floor":21,"turns":3},{"damage":9,"enemies":"Snake Plant","floor":22,"turns":5},{"damage":33,"enemies":"Gremlin Leader","floor":23,"turns":7},{"damage":12,"enemies":"Slavers","floor":25,"turns":4},{"damage":0,"enemies":"Cultist and Chosen","floor":28,"turns":4},{"damage":12,"enemies":"Book of Stabbing","floor":29,"turns":4},{"damage":2,"enemies":"Centurion and Healer","floor":30,"turns":5},{"damage":0,"enemies":"Shelled Parasite and Fungi","floor":31,"turns":3},{"damage":9,"enemies":"Collector","floor":33,"turns":7},{"damage":9,"enemies":"3 Darklings","floor":35,"turns":4},{"damage":0,"enemies":"Orb Walker","floor":37,"turns":3},{"damage":1,"enemies":"Transient","floor":38,"turns":5},{"damage":18,"enemies":"Jaw Worm Horde","floor":39,"turns":4},{"damage":13,"enemies":"Nemesis","floor":40,"turns":5},{"damage":12,"enemies":"Giant Head","floor":42,"turns":6},{"damage":13,"enemies":"Writhing Mass","floor":44,"turns":6},{"damage":0,"enemies":"Reptomancer","floor":45,"turns":3},{"damage":17,"enemies":"Spire Growth","floor":46,"turns":4},{"damage":0,"enemies":"Nemesis","floor":47,"turns":5},{"damage":0,"enemies":"4 Shapes","floor":48,"turns":5},{"damage":59,"enemies":"Time Eater","floor":50,"turns":11},{"damage":34,"enemies":"Shield and Spear","floor":54,"turns":7},{"damage":96,"enemies":"The Heart","floor":55,"turns":6}],"seed_played":"-7437337550382403490","potions_obtained":[{"floor":2,"key":"Dexterity Potion"},{"floor":7,"key":"EssenceOfSteel"},{"floor":10,"key":"FearPotion"},{"floor":18,"key":"Swift Potion"},{"floor":25,"key":"Swift Potion"},{"floor":31,"key":"Explosive Potion"},{"floor":38,"key":"LiquidBronze"},{"floor":40,"key":"Fire Potion"},{"floor":47,"key":"Energy Potion"},{"floor":48,"key":"SkillPotion"}],"is_trial":false,"path_per_floor":["M","M","?","M","$","R","E","R","T","E","R","T","M","M","R","B",null,"M","$","T","M","M","E","R","E","T","$","M","E","M","M","R","B",null,"M","$","M","M","M","E","$","E","T","M","E","M","E","M","R","B",null,"R","$","E","B"],"character_chosen":"DEFECT","items_purchased":["Hologram","Self Repair","Blood Vial","Flash of Steel","FTL","Oddly Smooth Stone"],"campfire_rested":0,"item_purchase_floors":[5,5,19,27,41,53],"current_hp_per_floor":[74,68,61,60,60,60,49,49,49,46,46,46,46,53,53,31,75,75,75,75,75,73,49,49,46,46,46,55,52,59,68,68,68,75,73,73,75,75,64,60,60,57,67,63,72,64,73,75,75,37,85,85,85,58,0],"gold":123,"neow_bonus":"ONE_RARE_RELIC","is_prod":false,"is_daily":false,"chose_seed":false,"campfire_upgraded":7,"win_rate":0,"timestamp":1566793644,"path_taken":["M","M","?","M","$","R","E","R","T","E","R","?","M","M","R","BOSS","M","$","?","M","M","E","R","E","T","$","M","E","M","M","R","BOSS","M","?","M","M","M","E","$","E","T","M","E","M","E","M","R","BOSS","R","$","E","BOSS"],"build_version":"2019-08-23","purchased_purges":2,"victory":false,"max_hp_per_floor":[75,75,75,75,75,75,75,75,75,75,75,75,75,75,75,75,75,75,75,75,75,75,75,75,75,75,75,75,75,75,75,75,75,75,75,75,75,75,75,75,75,75,85,85,85,85,85,85,85,85,85,85,85,85,85],"card_choices":[{"not_picked":["Recycle","Blizzard","Stack"],"picked":"SKIP","floor":1},{"not_picked":["Go for the Eyes","Barrage"],"picked":"Gash","floor":2},{"not_picked":["Rainbow","Compile Driver"],"picked":"Ball Lightning","floor":4},{"not_picked":["Fission","Ball Lightning"],"picked":"Steam","floor":7},{"not_picked":["Scrape","Consume"],"picked":"BootSequence","floor":10},{"not_picked":["Leap","BootSequence"],"picked":"Go for the Eyes","floor":13},{"not_picked":["Compile Driver","Loop","Barrage"],"picked":"SKIP","floor":14},{"not_picked":["Thunder Strike","Creative AI"],"picked":"Machine Learning","floor":16},{"not_picked":["Consume","Genetic Algorithm"],"picked":"Steam","floor":18},{"not_picked":["Sunder","Coolheaded"],"picked":"Gash","floor":21},{"not_picked":["Defragment","Compile Driver"],"picked":"Go for the Eyes","floor":22},{"not_picked":["Conserve Battery","Cold Snap+1"],"picked":"Gash+1","floor":23},{"not_picked":["Compile Driver+1","Rainbow"],"picked":"Skim+1","floor":25},{"not_picked":["Stack","Capacitor","Cold Snap"],"picked":"SKIP","floor":28},{"not_picked":["Storm+1","Compile Driver"],"picked":"Gash+1","floor":29},{"not_picked":["Ball Lightning","Undo+1","Turbo+1"],"picked":"SKIP","floor":30},{"not_picked":["Loop","Darkness"],"picked":"Rip and Tear","floor":31},{"not_picked":["Barrage","Reinforced Body+1"],"picked":"Hologram+1","floor":35},{"not_picked":["Hello World","Scrape","Melter"],"picked":"SKIP","floor":37},{"not_picked":["Sweeping Beam+1","Sunder+1","Hologram"],"picked":"SKIP","floor":38},{"not_picked":["Steam+1","Rebound"],"picked":"Beam Cell","floor":39},{"not_picked":["Leap","Genetic Algorithm"],"picked":"Defragment+1","floor":40},{"not_picked":["Turbo","Sweeping Beam","Compile Driver"],"picked":"SKIP","floor":42},{"not_picked":["Cold Snap","Amplify"],"picked":"Coolheaded","floor":44},{"not_picked":["Sunder+1","Genetic Algorithm"],"picked":"Chill+1","floor":45},{"not_picked":["Cold Snap","Ball Lightning+1"],"picked":"Coolheaded+1","floor":46},{"not_picked":["Streamline+1","Reinforced Body+1"],"picked":"Beam Cell+1","floor":47},{"not_picked":["Barrage+1","Sunder","Sweeping Beam+1"],"picked":"SKIP","floor":48},{"not_picked":["Hyperbeam","Beam Cell+1","Redo"],"picked":"SKIP","floor":54}],"player_experience":1425660,"relics_obtained":[{"floor":7,"key":"Ornamental Fan"},{"floor":9,"key":"Matryoshka"},{"floor":10,"key":"Dodecahedron"},{"floor":12,"key":"Tiny Chest"},{"floor":12,"key":"Gremlin Horn"},{"floor":20,"key":"Mercury Hourglass"},{"floor":20,"key":"Shuriken"},{"floor":23,"key":"PreservedInsect"},{"floor":25,"key":"Symbiotic Virus"},{"floor":29,"key":"Anchor"},{"floor":40,"key":"Bottled Flame"},{"floor":42,"key":"Meat on the Bone"},{"floor":43,"key":"Pear"},{"floor":45,"key":"Regal Pillow"},{"floor":47,"key":"Mummified Hand"},{"floor":54,"key":"Pantograph"}],"event_choices":[{"cards_removed":["Shame"],"damage_healed":0,"gold_gain":0,"player_choice":"Card Removal","damage_taken":7,"max_hp_gain":0,"max_hp_loss":0,"event_name":"Golden Wing","floor":3,"gold_loss":0}],"is_beta":true,"boss_relics":[{"not_picked":["White Beast Statue","Ectoplasm"],"picked":"Nuclear Battery"},{"not_picked":["Velvet Choker","Snecko Eye"],"picked":"FrozenCore"}],"items_purged_floors":[19,36],"is_endless":false,"potions_floor_spawned":[2,7,10,18,25,31,38,40,47,48],"killed_by":"The Heart","ascension_level":1}