{"gold_per_floor":[110,130,149,6,26,60,60,90,145,18,34,34,34,48,48,48],"floor_reached":16,"playtime":894,"items_purged":["Strike_R"],"score":140,"play_id":"08176bb3-249a-4145-8c0b-a7296aeafa14","local_time":"20180829095803","is_ascension_mode":true,"campfire_choices":[{"data":"Barricade","floor":7,"key":"SMITH"},{"data":"Entrench","floor":15,"key":"SMITH"}],"neow_cost":"TEN_PERCENT_HP_LOSS","seed_source_timestamp":1136060187843984,"circlet_count":0,"master_deck":["Strike_R","Strike_R","Strike_R","Strike_R","Defend_R","Defend_R","Defend_R","Defend_R","Bash","Cleave","Flame Barrier","Headbutt","Rampage","Barricade+1","Berserk+1","Shrug It Off","Thunderclap","Entrench+1"],"relics":["Burning Blood","Thread and Needle","Orichalcum","Mummified Hand","Gremlin Horn","Regal Pillow"],"potions_floor_usage":[11,16],"damage_taken":[{"damage":0,"enemies":"2 Louse","floor":1,"turns":3},{"damage":0,"enemies":"Small Slimes","floor":2,"turns":3},{"damage":1,"enemies":"Cultist","floor":3,"turns":4},{"damage":6,"enemies":"Gremlin Gang","floor":5,"turns":4},{"damage":16,"enemies":"3 Sentries","floor":6,"turns":7},{"damage":2,"enemies":"Gremlin Nob","floor":8,"turns":4},{"damage":10,"enemies":"Large Slime","floor":11,"turns":6},{"damage":0,"enemies":"2 Fungi Beasts","floor":14,"turns":3},{"damage":69,"enemies":"Hexaghost","floor":16,"turns":11}],"seed_played":"-9141864711407005392","potions_obtained":[{"floor":1,"key":"LiquidBronze"},{"floor":6,"key":"SpeedPotion"},{"floor":11,"key":"SpeedPotion"}],"is_trial":false,"path_per_floor":["M","M","M","$","M","E","R","E","T","$","M","?","?","M","R"],"character_chosen":"IRONCLAD","items_purchased":["Orichalcum","Shrug It Off"],"campfire_rested":0,"item_purchase_floors":[4,10],"current_hp_per_floor":[72,72,72,72,72,62,62,66,66,66,62,62,62,68,68,0],"gold":48,"neow_bonus":"ONE_RARE_RELIC","is_prod":false,"is_daily":false,"chose_seed":false,"campfire_upgraded":2,"win_rate":0,"timestamp":1535561883,"path_taken":["M","M","M","$","M","E","R","E","T","$","M","?","?","M","R","BOSS"],"build_version":"2018-08-23v2","purchased_purges":1,"victory":false,"max_hp_per_floor":[72,72,72,72,72,72,72,72,72,72,72,72,72,72,72,72],"card_choices":[{"not_picked":["Whirlwind","Heavy Blade"],"picked":"Cleave","floor":1},{"not_picked":["Inflame","Thunderclap"],"picked":"Flame Barrier","floor":2},{"not_picked":["Sword Boomerang","True Grit"],"picked":"Headbutt","floor":3},{"not_picked":["Infernal Blade","Power Through"],"picked":"Rampage","floor":5},{"not_picked":["Body Slam","Berserk"],"picked":"Barricade","floor":6},{"not_picked":["Disarm","Second Wind"],"picked":"Berserk","floor":8},{"not_picked":["Cleave","Twin Strike"],"picked":"Thunderclap","floor":11},{"not_picked":["Whirlwind","Pommel Strike"],"picked":"Entrench","floor":14}],"player_experience":308599,"relics_obtained":[{"floor":6,"key":"Mummified Hand"},{"floor":8,"key":"Gremlin Horn"},{"floor":9,"key":"Regal Pillow"}],"event_choices":[{"event_name":"Scrap Ooze","player_choice":"unsuccessful","floor":12,"damage_taken":0},{"event_name":"Living Wall","player_choice":"Grow","floor":13,"damage_taken":0}],"is_beta":false,"boss_relics":[],"items_purged_floors":[10],"is_endless":false,"potions_floor_spawned":[1,6,11],"killed_by":"Hexaghost","ascension_level":5}