{"gold_per_floor":[116,135,135,149,149,179,192,225,225,225,28,48,48,63,63,161,161,177,188,208,219,233,233,248,267,318,318,352,352,452,480,480,480],"floor_reached":33,"playtime":1653,"items_purged":[],"score":301,"play_id":"91423796-00f9-49a4-9d38-4a3350e690bf","local_time":"20191006210917","is_ascension_mode":false,"campfire_choices":[{"floor":10,"key":"REST"},{"floor":13,"key":"REST"},{"data":"Flex","floor":15,"key":"SMITH"},{"floor":23,"key":"REST"},{"data":"Feed","floor":27,"key":"SMITH"},{"floor":29,"key":"REST"},{"floor":32,"key":"REST"}],"neow_cost":"PERCENT_DAMAGE","seed_source_timestamp":114574616355300,"circlet_count":0,"master_deck":["Strike_R","Strike_R","Strike_R","Strike_R","Strike_R","Defend_R","Defend_R","Defend_R","Defend_R","Bash","Blood for Blood","Metallicize","Twin Strike","Feed+1","Flex+1","Shrug It Off","Whirlwind","Bandage Up","Feel No Pain","Anger","Clothesline","Bludgeon","Twin Strike+1","Sever Soul+1","Metallicize","Thunderclap","Battle Trance","Iron Wave","Pommel Strike","Pommel Strike","Heavy Blade"],"relics":["Black Blood","Champion Belt","Bronze Scales","Shuriken","Gambling Chip","Red Skull","StoneCalendar","Bag of Preparation"],"potions_floor_usage":[6,8,16,28],"damage_taken":[{"damage":1,"enemies":"Cultist","floor":1,"turns":4},{"damage":2,"enemies":"2 Louse","floor":2,"turns":4},{"damage":3,"enemies":"Small Slimes","floor":4,"turns":4},{"damage":67,"enemies":"3 Sentries","floor":6,"turns":11},{"damage":4,"enemies":"2 Fungi Beasts","floor":7,"turns":3},{"damage":29,"enemies":"Lagavulin","floor":8,"turns":6},{"damage":13,"enemies":"Blue Slaver","floor":12,"turns":4},{"damage":18,"enemies":"Exordium Thugs","floor":14,"turns":4},{"damage":28,"enemies":"Hexaghost","floor":16,"turns":8},{"damage":15,"enemies":"Spheric Guardian","floor":18,"turns":5},{"damage":12,"enemies":"3 Byrds","floor":19,"turns":2},{"damage":18,"enemies":"Snake Plant","floor":20,"turns":4},{"damage":29,"enemies":"Shelled Parasite and Fungi","floor":21,"turns":7},{"damage":44,"enemies":"Sentry and Sphere","floor":22,"turns":7},{"damage":19,"enemies":"Snake Plant","floor":24,"turns":5},{"damage":20,"enemies":"Centurion and Healer","floor":25,"turns":7},{"damage":30,"enemies":"Slavers","floor":28,"turns":4},{"damage":52,"enemies":"Gremlin Leader","floor":31,"turns":7},{"damage":47,"enemies":"Collector","floor":33,"turns":3}],"seed_played":"2803995868140790031","potions_obtained":[{"floor":1,"key":"BloodPotion"},{"floor":4,"key":"Swift Potion"},{"floor":6,"key":"BloodPotion"},{"floor":12,"key":"Weak Potion"},{"floor":16,"key":"Fire Potion"},{"floor":22,"key":"EntropicBrew"},{"floor":28,"key":"Regen Potion"}],"is_trial":false,"path_per_floor":["M","M","?","M","?","E","M","E","T","R","$","M","R","M","R","B",null,"M","M","M","M","M","R","M","M","T","R","E","R","?","E","R","B"],"character_chosen":"IRONCLAD","items_purchased":["Whirlwind","Bandage Up","Feel No Pain"],"campfire_rested":5,"item_purchase_floors":[11,11,11],"current_hp_per_floor":[61,65,65,68,68,27,32,29,29,53,53,50,74,69,69,51,86,81,83,75,63,33,59,54,48,48,48,32,58,58,20,46,0],"gold":480,"neow_bonus":"ONE_RARE_RELIC","is_prod":false,"is_daily":false,"chose_seed":false,"campfire_upgraded":2,"win_rate":0.0,"timestamp":1570421357,"path_taken":["M","?","?","M","?","E","M","E","T","R","$","M","R","M","R","BOSS","M","M","M","M","M","R","M","M","T","R","E","R","?","E","R","BOSS"],"build_version":"2019-07-17","purchased_purges":0,"victory":false,"max_hp_per_floor":[80,80,80,80,80,80,83,83,83,83,83,83,83,86,86,86,86,86,86,86,89,89,89,89,89,89,89,89,89,89,89,89,89],"card_choices":[{"not_picked":["Rage","Warcry"],"picked":"Blood for Blood","floor":1},{"not_picked":["Sword Boomerang","Dropkick"],"picked":"Metallicize","floor":2},{"not_picked":["Rage","Clothesline"],"picked":"Twin Strike","floor":4},{"not_picked":["Power Through","Anger"],"picked":"Feed","floor":6},{"not_picked":["Headbutt","Uppercut"],"picked":"Flex","floor":7},{"not_picked":["True Grit","Twin Strike"],"picked":"Shrug It Off","floor":8},{"not_picked":["Warcry","Flame Barrier"],"picked":"Anger","floor":12},{"not_picked":["Thunderclap","Barricade"],"picked":"Clothesline","floor":14},{"not_picked":["Brutality","Reaper"],"picked":"Bludgeon","floor":16},{"not_picked":["Cleave","Shrug It Off"],"picked":"Twin Strike+1","floor":18},{"not_picked":["Burning Pact+1","Thunderclap"],"picked":"Sever Soul+1","floor":19},{"not_picked":["Twin Strike","Warcry"],"picked":"Metallicize","floor":20},{"not_picked":["Whirlwind","Pommel Strike"],"picked":"Thunderclap","floor":21},{"not_picked":["Dual Wield","Anger+1"],"picked":"Battle Trance","floor":22},{"not_picked":["Power Through+1","Clothesline+1"],"picked":"Iron Wave","floor":24},{"not_picked":["Iron Wave","Clash"],"picked":"Pommel Strike","floor":25},{"not_picked":["True Grit","Battle Trance"],"picked":"Pommel Strike","floor":28},{"not_picked":["Corruption","Seeing Red"],"picked":"Heavy Blade","floor":31}],"player_experience":12009,"relics_obtained":[{"floor":6,"key":"Bronze Scales"},{"floor":8,"key":"Shuriken"},{"floor":9,"key":"Gambling Chip"},{"floor":26,"key":"Red Skull"},{"floor":28,"key":"StoneCalendar"},{"floor":31,"key":"Bag of Preparation"}],"event_choices":[{"damage_healed":0,"gold_gain":0,"player_choice":"Leave","damage_taken":0,"max_hp_gain":0,"max_hp_loss":0,"event_name":"The Cleric","floor":3,"gold_loss":0},{"damage_healed":0,"gold_gain":0,"player_choice":"Ignored","damage_taken":0,"max_hp_gain":0,"max_hp_loss":0,"event_name":"Purifier","floor":5,"gold_loss":0},{"damage_healed":0,"gold_gain":100,"player_choice":"Pray","damage_taken":0,"max_hp_gain":0,"max_hp_loss":0,"event_name":"Golden Shrine","floor":30,"gold_loss":0}],"is_beta":false,"boss_relics":[{"not_picked":["Philosopher\u0027s Stone","Cursed Key"],"picked":"Black Blood"}],"items_purged_floors":[],"is_endless":false,"potions_floor_spawned":[1,4,6,12,16,22,25,28],"killed_by":"Collector","ascension_level":0}