{"gold_per_floor":[117,117,131,81,106,139,154,181,208,208,224,224,70,70,70,194,194,211,211,225,236,249,249],"floor_reached":23,"playtime":1148,"items_purged":[],"score":231,"play_id":"238bf1ef-55b6-48a5-a2ba-7d6f7b5eaf1a","local_time":"20181221010855","is_ascension_mode":true,"campfire_choices":[{"floor":10,"key":"REST"},{"floor":12,"key":"REST"},{"data":"1","floor":15,"key":"LIFT"}],"neow_cost":"NONE","seed_source_timestamp":25655480209940,"circlet_count":0,"master_deck":["Strike_B+1","Strike_B","Strike_B","Defend_B","Defend_B","Defend_B","Defend_B","Zap+1","Dualcast","Sweeping Beam","Barrage","Melter","Leap","Streamline+1","All For One","Magnetism","Seek","Steam","Turbo","Electrodynamics","Reinforced Body+1"],"relics":["Cracked Core","Blood Vial","Girya","The Courier","Whetstone","Sozu"],"potions_floor_usage":[20,23],"damage_taken":[{"damage":3,"enemies":"2 Louse","floor":1,"turns":2},{"damage":2,"enemies":"Jaw Worm","floor":3,"turns":3},{"damage":38,"enemies":"Gremlin Nob","floor":6,"turns":4},{"damage":1,"enemies":"Cultist","floor":7,"turns":3},{"damage":21,"enemies":"3 Sentries","floor":8,"turns":7},{"damage":8,"enemies":"Blue Slaver","floor":11,"turns":2},{"damage":34,"enemies":"The Guardian","floor":16,"turns":11},{"damage":0,"enemies":"Spheric Guardian","floor":18,"turns":1},{"damage":10,"enemies":"3 Byrds","floor":20,"turns":5},{"damage":38,"enemies":"Centurion and Healer","floor":21,"turns":6},{"damage":20,"enemies":"Cultist and Chosen","floor":22,"turns":6},{"damage":16,"enemies":"Slavers","floor":23,"turns":2}],"seed_played":"-9204707262445838607","potions_obtained":[{"floor":3,"key":"Energy Potion"},{"floor":8,"key":"SneckoOil"},{"floor":11,"key":"Dexterity Potion"},{"floor":16,"key":"Weak Potion"}],"is_trial":false,"path_per_floor":["M","?","M","?","T","E","M","E","T","R","M","R","$","?","R","B",null,"M","?","M","M","M","E"],"character_chosen":"DEFECT","items_purchased":["Magnetism"],"campfire_rested":2,"item_purchase_floors":[13],"current_hp_per_floor":[72,72,70,70,70,34,35,16,16,38,32,54,54,75,75,41,75,75,75,65,29,11,0],"gold":249,"neow_bonus":"THREE_CARDS","is_prod":false,"is_daily":false,"chose_seed":false,"campfire_upgraded":0,"win_rate":0,"timestamp":1545383335,"path_taken":["M","?","M","?","?","E","M","E","T","R","?","R","$","?","R","BOSS","M","?","M","M","M","E"],"build_version":"2018-12-20","purchased_purges":0,"victory":false,"max_hp_per_floor":[75,75,75,75,75,75,75,75,75,75,75,75,75,75,75,75,75,75,75,75,75,75,75],"card_choices":[{"not_picked":["Skim","Compile Driver"],"picked":"Sweeping Beam","floor":0},{"not_picked":["Hologram","Blizzard"],"picked":"Barrage","floor":1},{"not_picked":["Static Discharge","Gash"],"picked":"Melter","floor":3},{"not_picked":["Go for the Eyes","Sweeping Beam"],"picked":"Leap","floor":6},{"not_picked":["Glacier","Cold Snap"],"picked":"Streamline","floor":7},{"not_picked":["Cold Snap","Darkness"],"picked":"All For One","floor":8},{"not_picked":["Cold Snap","Coolheaded"],"picked":"Genetic Algorithm","floor":11},{"not_picked":["Multi-Cast","Core Surge"],"picked":"Seek","floor":16},{"not_picked":["Rebound","Force Field"],"picked":"Steam","floor":18},{"not_picked":["Ball Lightning","Coolheaded"],"picked":"Turbo","floor":20},{"not_picked":["Steam Power","Hello World"],"picked":"Electrodynamics","floor":21},{"not_picked":["Turbo","Compile Driver"],"picked":"Reinforced Body+1","floor":22}],"player_experience":544811,"relics_obtained":[{"floor":5,"key":"Blood Vial"},{"floor":6,"key":"Girya"},{"floor":8,"key":"The Courier"},{"floor":9,"key":"Whetstone"}],"event_choices":[{"damage_healed":0,"gold_gain":0,"player_choice":"Grow","damage_taken":0,"max_hp_gain":0,"max_hp_loss":0,"event_name":"Living Wall","floor":2,"gold_loss":0,"cards_upgraded":["Zap"]},{"cards_removed":["Strike_B"],"damage_healed":0,"gold_gain":0,"player_choice":"Card Removal","damage_taken":0,"max_hp_gain":0,"max_hp_loss":0,"event_name":"The Cleric","floor":4,"gold_loss":50},{"cards_removed":["Genetic Algorithm"],"damage_healed":21,"gold_gain":0,"player_choice":"Offered Uncommon","damage_taken":0,"max_hp_gain":0,"max_hp_loss":0,"event_name":"Bonfire Elementals","floor":14,"gold_loss":0},{"damage_healed":0,"gold_gain":0,"player_choice":"Ignored","damage_taken":0,"max_hp_gain":0,"max_hp_loss":0,"event_name":"The Mausoleum","floor":19,"gold_loss":0}],"is_beta":false,"boss_relics":[{"not_picked":["Runic Dome","Calling Bell"],"picked":"Sozu"}],"items_purged_floors":[],"is_endless":false,"potions_floor_spawned":[3,8,11,16,21],"killed_by":"Slavers","ascension_level":3}