{"gold_per_floor":[112,112,1,21,41,76,91,119,119,119,139,149,180,255,255,353,353,368,124,141,155,155,155,165,193,245,257,13,24,24,58,58,159,159,173,193,68,81,97,128,128,145,145,158,172,200,250,278,278,278,278,278,5,37,37],"floor_reached":56,"playtime":4101,"items_purged":["Pain","Writhe","Strike_R"],"score":1354,"play_id":"37a3088c-7d4d-4cff-9572-f2a0db9aa40a","local_time":"20190813224315","is_ascension_mode":true,"campfire_choices":[{"data":"Searing Blow","floor":10,"key":"SMITH"},{"data":"Searing Blow+1","floor":15,"key":"SMITH"},{"data":"Searing Blow+2","floor":23,"key":"SMITH"},{"data":"Searing Blow+3","floor":30,"key":"SMITH"},{"floor":32,"key":"REST"},{"floor":41,"key":"RECALL"},{"floor":49,"key":"REST"},{"data":"Searing Blow+4","floor":52,"key":"SMITH"}],"neow_cost":"CURSE","seed_source_timestamp":911985758870900,"circlet_count":0,"master_deck":["Strike_R","Strike_R","Strike_R","Strike_R","Defend_R","Defend_R","Defend_R","Defend_R","Bash","Thunderclap","Flame Barrier","Warcry","Uppercut","Feel No Pain","Searing Blow+5","Dropkick","Armaments","Impervious","True Grit","Demon Form+1","True Grit+1","True Grit+1","Pummel+1","Enlightenment","Armaments","Inflame+1","Dark Embrace+1","Seeing Red+1","Pommel Strike","Pommel Strike+1","Heavy Blade+1","Shrug It Off+1","Panache+1","Battle Trance","Shrug It Off"],"relics":["Burning Blood","FossilizedHelix","WarpedTongs","Bag of Marbles","Orichalcum","Frozen Egg 2","Sozu","Centennial Puzzle","PreservedInsect","Pen Nib","Magic Flower","Cursed Key","Omamori","Self Forming Clay","Peace Pipe","Mango","Regal Pillow","Champion Belt"],"potions_floor_usage":[13,16,18,33],"damage_taken":[{"damage":9,"enemies":"Jaw Worm","floor":1,"turns":4},{"damage":1,"enemies":"Cultist","floor":4,"turns":4},{"damage":0,"enemies":"2 Louse","floor":5,"turns":2},{"damage":26,"enemies":"Gremlin Nob","floor":6,"turns":5},{"damage":2,"enemies":"Large Slime","floor":7,"turns":4},{"damage":16,"enemies":"Lagavulin","floor":8,"turns":9},{"damage":0,"enemies":"3 Louse","floor":11,"turns":3},{"damage":0,"enemies":"Looter","floor":12,"turns":2},{"damage":4,"enemies":"3 Sentries","floor":13,"turns":7},{"damage":25,"enemies":"Slime Boss","floor":16,"turns":12},{"damage":1,"enemies":"2 Thieves","floor":18,"turns":3},{"damage":17,"enemies":"Spheric Guardian","floor":20,"turns":4},{"damage":3,"enemies":"Snake Plant","floor":21,"turns":4},{"damage":0,"enemies":"Snecko","floor":24,"turns":4},{"damage":24,"enemies":"Gremlin Leader","floor":25,"turns":6},{"damage":19,"enemies":"Sentry and Sphere","floor":27,"turns":7},{"damage":6,"enemies":"Cultist and Chosen","floor":29,"turns":6},{"damage":4,"enemies":"Book of Stabbing","floor":31,"turns":4},{"damage":82,"enemies":"Automaton","floor":33,"turns":13},{"damage":5,"enemies":"3 Darklings","floor":35,"turns":6},{"damage":9,"enemies":"3 Shapes","floor":36,"turns":3},{"damage":0,"enemies":"Jaw Worm Horde","floor":38,"turns":3},{"damage":4,"enemies":"Writhing Mass","floor":39,"turns":5},{"damage":0,"enemies":"Nemesis","floor":40,"turns":5},{"damage":11,"enemies":"Sphere and 2 Shapes","floor":42,"turns":4},{"damage":0,"enemies":"Jaw Worm Horde","floor":44,"turns":3},{"damage":0,"enemies":"3 Darklings","floor":45,"turns":5},{"damage":47,"enemies":"Reptomancer","floor":46,"turns":7},{"damage":14,"enemies":"2 Orb Walkers","floor":47,"turns":5},{"damage":27,"enemies":"Nemesis","floor":48,"turns":5},{"damage":47,"enemies":"Time Eater","floor":50,"turns":10},{"damage":4,"enemies":"Shield and Spear","floor":54,"turns":4},{"damage":39,"enemies":"The Heart","floor":55,"turns":8}],"seed_played":"-986546430219639694","potions_obtained":[{"floor":4,"key":"GamblersBrew"},{"floor":6,"key":"BloodPotion"},{"floor":12,"key":"Explosive Potion"},{"floor":16,"key":"AttackPotion"}],"is_trial":false,"path_per_floor":["M","?","$","M","M","E","M","E","T","R","M","M","E","?","R","B",null,"M","$","M","M","?","R","M","E","T","M","$","M","R","E","R","B",null,"M","M","$","M","M","E","R","M","T","M","M","E","?","E","R","B",null,"R","$","E","B",null],"character_chosen":"IRONCLAD","items_purchased":["Flame Barrier","Demon Form+1","Pen Nib","Enlightenment","Panache+1","Battle Trance","Shrug It Off"],"campfire_rested":2,"item_purchase_floors":[3,19,28,28,53,53,53],"current_hp_per_floor":[77,77,77,80,80,60,64,54,54,54,60,66,68,57,57,38,80,80,80,69,72,72,72,78,60,60,47,47,47,47,49,73,30,80,80,80,80,80,80,80,80,78,78,80,80,42,51,33,76,38,94,94,94,94,64],"gold":37,"neow_bonus":"ONE_RARE_RELIC","is_prod":false,"is_daily":false,"chose_seed":false,"campfire_upgraded":5,"win_rate":0,"timestamp":1565761395,"path_taken":["M","?","$","M","?","E","M","E","T","R","M","M","E","?","R","BOSS","M","$","M","M","?","R","M","E","T","?","$","M","R","E","R","BOSS","M","M","$","M","M","E","R","M","T","M","M","E","?","E","R","BOSS","R","$","E","BOSS"],"build_version":"2019-07-18","purchased_purges":3,"victory":true,"max_hp_per_floor":[80,80,80,80,80,80,80,80,80,80,80,80,80,80,80,80,80,80,80,80,80,80,80,80,80,80,80,80,80,80,80,80,80,80,80,80,80,80,80,80,80,80,80,80,80,80,94,94,94,94,94,94,94,94,94],"card_choices":[{"not_picked":["Power Through","Blood for Blood"],"picked":"Thunderclap","floor":1},{"not_picked":["Corruption","Clash"],"picked":"Warcry","floor":4},{"not_picked":["Thunderclap","Warcry","Wild Strike"],"picked":"SKIP","floor":5},{"not_picked":["Wild Strike","Armaments"],"picked":"Uppercut","floor":6},{"not_picked":["Berserk","Hemokinesis"],"picked":"Feel No Pain","floor":7},{"not_picked":["Clash","Pommel Strike"],"picked":"Searing Blow","floor":8},{"not_picked":["Thunderclap","Clash"],"picked":"Dropkick","floor":11},{"not_picked":["Perfected Strike","Uppercut"],"picked":"Armaments","floor":12},{"not_picked":["Uppercut","Reaper","Twin Strike"],"picked":"SKIP","floor":13},{"not_picked":["Exhume","Bludgeon"],"picked":"Impervious","floor":16},{"not_picked":["Rampage","Cleave"],"picked":"True Grit","floor":18},{"not_picked":["Second Wind","Flex"],"picked":"True Grit+1","floor":20},{"not_picked":["Second Wind","Ghostly Armor","Thunderclap"],"picked":"SKIP","floor":21},{"not_picked":["Ghostly Armor","Body Slam"],"picked":"Pummel+1","floor":24},{"not_picked":["Ghostly Armor","Clothesline","Iron Wave+1"],"picked":"SKIP","floor":25},{"not_picked":["Entrench","Fire Breathing+1","Sever Soul"],"picked":"SKIP","floor":27},{"not_picked":["Wild Strike","Thunderclap+1"],"picked":"Armaments","floor":29},{"not_picked":["Clothesline+1","Wild Strike"],"picked":"Inflame+1","floor":31},{"not_picked":["Immolate","Impervious"],"picked":"Dark Embrace+1","floor":33},{"not_picked":["Heavy Blade+1","Iron Wave"],"picked":"Seeing Red+1","floor":35},{"not_picked":["Cleave+1","Anger"],"picked":"Pommel Strike","floor":36},{"not_picked":["Shockwave+1","Heavy Blade+1","Twin Strike+1"],"picked":"SKIP","floor":38},{"not_picked":["Clothesline+1","Clash+1","Flex"],"picked":"SKIP","floor":39},{"not_picked":["Feed","Twin Strike"],"picked":"Pommel Strike+1","floor":40},{"not_picked":["Power Through+1","Havoc+1"],"picked":"Heavy Blade+1","floor":42},{"not_picked":["Power Through","Fire Breathing+1","Armaments"],"picked":"SKIP","floor":44},{"not_picked":["Hemokinesis+1","Iron Wave","Infernal Blade"],"picked":"SKIP","floor":45},{"not_picked":["Warcry+1","Bloodletting"],"picked":"Shrug It Off+1","floor":46},{"not_picked":["Warcry","Headbutt","Infernal Blade+1"],"picked":"SKIP","floor":48},{"not_picked":["Clothesline","Metallicize+1","Pommel Strike+1"],"picked":"SKIP","floor":54}],"player_experience":1385519,"relics_obtained":[{"floor":6,"key":"Bag of Marbles"},{"floor":8,"key":"Orichalcum"},{"floor":13,"key":"Frozen Egg 2"},{"floor":25,"key":"Centennial Puzzle"},{"floor":26,"key":"PreservedInsect"},{"floor":31,"key":"Magic Flower"},{"floor":40,"key":"Omamori"},{"floor":43,"key":"Self Forming Clay"},{"floor":46,"key":"Peace Pipe"},{"floor":47,"key":"Mango"},{"floor":48,"key":"Regal Pillow"},{"floor":54,"key":"Champion Belt"}],"event_choices":[{"damage_healed":0,"gold_gain":0,"player_choice":"Rummage","damage_taken":0,"relics_obtained":["WarpedTongs"],"max_hp_gain":0,"max_hp_loss":0,"event_name":"Accursed Blacksmith","floor":2,"gold_loss":0,"cards_obtained":["Pain"]},{"damage_healed":0,"gold_gain":75,"player_choice":"Gather Gold","damage_taken":11,"max_hp_gain":0,"max_hp_loss":0,"event_name":"World of Goop","floor":14,"gold_loss":0},{"damage_healed":0,"gold_gain":0,"player_choice":"Copied","damage_taken":0,"max_hp_gain":0,"max_hp_loss":0,"event_name":"Duplicator","floor":22,"gold_loss":0,"cards_obtained":["True Grit"]},{"damage_healed":0,"gold_gain":0,"player_choice":"Fight","damage_taken":0,"max_hp_gain":0,"max_hp_loss":0,"event_name":"Mysterious Sphere","floor":47,"gold_loss":0}],"is_beta":true,"boss_relics":[{"not_picked":["Tiny House","White Beast Statue"],"picked":"Sozu"},{"not_picked":["Orrery","Runic Pyramid"],"picked":"Cursed Key"}],"items_purged_floors":[3,19,37],"is_endless":false,"potions_floor_spawned":[4,6,12,16,20,24,29,31,33,35,39,42,44,46,54],"ascension_level":1}