{"gold_per_floor":[119,136,136,136,155,155,39,39,110,145,162,162],"floor_reached":12,"playtime":473,"items_purged":["Strike_B"],"score":101,"play_id":"3a461d21-4b7d-4540-b07e-3d0b5b1f74d0","local_time":"20180629231924","is_ascension_mode":true,"campfire_choices":[{"data":"Zap","floor":6,"key":"SMITH"},{"data":"Defragment","floor":8,"key":"SMITH"}],"neow_cost":"NONE","seed_source_timestamp":21525721472425,"circlet_count":0,"master_deck":["Strike_B","Defend_B","Defend_B","Defend_B","Defend_B","Zap+1","Dualcast","Darkness","Beam Cell","Defragment+1","Hologram"],"relics":["Cracked Core","Shuriken","Ancient Tea Set"],"potions_floor_usage":[],"damage_taken":[{"damage":1,"enemies":"Cultist","floor":1,"turns":3},{"damage":1,"enemies":"Small Slimes","floor":2,"turns":3},{"damage":0,"enemies":"2 Louse","floor":5,"turns":2},{"damage":44,"enemies":"Gremlin Nob","floor":10,"turns":4},{"damage":7,"enemies":"2 Fungi Beasts","floor":11,"turns":3},{"damage":8,"enemies":"Exordium Thugs","floor":12,"turns":2}],"seed_played":"8059810744522621230","potions_obtained":[{"floor":5,"key":"Ancient Potion"},{"floor":10,"key":"PowerPotion"}],"is_trial":false,"path_per_floor":["M","M","?","?","M","R","$","R","T","E","M"],"character_chosen":"DEFECT","items_purchased":["Defragment"],"campfire_rested":0,"item_purchase_floors":[7],"current_hp_per_floor":[67,66,66,59,59,59,59,59,59,15,8,0],"gold":162,"neow_bonus":"REMOVE_CARD","is_prod":false,"is_daily":false,"chose_seed":false,"campfire_upgraded":2,"win_rate":0,"timestamp":1530339564,"path_taken":["M","?","?","?","?","R","$","R","T","E","M","M"],"build_version":"2018-06-28","purchased_purges":1,"victory":false,"max_hp_per_floor":[75,75,75,75,75,75,75,75,75,75,75,75],"card_choices":[{"not_picked":["Sweeping Beam","Scrape","Streamline"],"picked":"SKIP","floor":1},{"not_picked":["Reprogram","Redo"],"picked":"Darkness","floor":2},{"not_picked":["Ball Lightning","Steam"],"picked":"Beam Cell","floor":5},{"not_picked":["Go for the Eyes","Fission","Sweeping Beam"],"picked":"SKIP","floor":10},{"not_picked":["Scrape","Auto Shields"],"picked":"Hologram","floor":11}],"player_experience":573763,"relics_obtained":[{"floor":9,"key":"Shuriken"},{"floor":10,"key":"Ancient Tea Set"}],"event_choices":[{"event_name":"Golden Idol","player_choice":"Ignored","floor":3,"damage_taken":0},{"event_name":"Golden Wing","player_choice":"Card Removal","floor":4,"damage_taken":0}],"boss_relics":[],"items_purged_floors":[7],"is_endless":false,"potions_floor_spawned":[5,10],"killed_by":"Exordium Thugs","ascension_level":6}