{"gold_per_floor":[117,117,42,53,70,70,104,104,127,147,47,47,61,74,74,74],"floor_reached":16,"playtime":78655,"items_purged":["Pain","Dualcast"],"score":158,"play_id":"1a024154-2328-4682-9ba2-a8c0f757bcb9","local_time":"20190120104300","is_ascension_mode":true,"campfire_choices":[{"data":"Leap","floor":6,"key":"SMITH"},{"data":"Machine Learning","floor":8,"key":"SMITH"},{"data":"Sunder","floor":12,"key":"SMITH"},{"data":"Hologram","floor":15,"key":"SMITH"}],"neow_cost":"NONE","seed_source_timestamp":411785286162501,"circlet_count":0,"master_deck":["AscendersBane","Strike_B","Strike_B","Strike_B","Strike_B","Defend_B+1","Defend_B","Defend_B","Defend_B","Zap+1","Auto Shields","Cold Snap","Leap+1","Machine Learning+1","Sunder+1","Hologram+1"],"relics":["Cracked Core","War Paint","Pen Nib","Omamori"],"potions_floor_usage":[7,16],"damage_taken":[{"damage":7,"enemies":"2 Louse","floor":1,"turns":2},{"damage":0,"enemies":"Cultist","floor":4,"turns":3},{"damage":0,"enemies":"Jaw Worm","floor":5,"turns":2},{"damage":3,"enemies":"Lagavulin","floor":7,"turns":8},{"damage":14,"enemies":"Large Slime","floor":10,"turns":6},{"damage":11,"enemies":"Lots of Slimes","floor":13,"turns":4},{"damage":7,"enemies":"3 Louse","floor":14,"turns":3},{"damage":26,"enemies":"Hexaghost","floor":16,"turns":13}],"seed_played":"-8856800629943402489","potions_obtained":[{"floor":1,"key":"FearPotion"},{"floor":10,"key":"Swift Potion"},{"floor":14,"key":"Energy Potion"}],"is_trial":false,"path_per_floor":["M","?","$","M","M","R","E","R","T","M","$","R","M","M","R","B"],"character_chosen":"DEFECT","items_purchased":[],"campfire_rested":0,"item_purchase_floors":[],"current_hp_per_floor":[61,61,61,61,61,61,58,58,58,44,44,44,33,26,26,0],"gold":74,"neow_bonus":"RANDOM_COMMON_RELIC","is_prod":false,"is_daily":false,"chose_seed":false,"campfire_upgraded":4,"win_rate":0,"timestamp":1548009780,"path_taken":["M","?","$","M","M","R","E","R","T","M","$","R","M","?","R","BOSS"],"build_version":"2019-01-17v2","purchased_purges":2,"victory":false,"max_hp_per_floor":[75,75,75,75,75,75,75,75,75,75,75,75,75,75,75,75],"card_choices":[{"not_picked":["Compile Driver","Barrage","Streamline"],"picked":"SKIP","floor":1},{"not_picked":["Go for the Eyes","Ball Lightning"],"picked":"Cold Snap","floor":4},{"not_picked":["Streamline","Turbo"],"picked":"Leap","floor":5},{"not_picked":["Redo","Turbo"],"picked":"Machine Learning","floor":7},{"not_picked":["Darkness","Hologram"],"picked":"Sunder","floor":10},{"not_picked":["Melter","Beam Cell","Rip and Tear"],"picked":"SKIP","floor":13},{"not_picked":["Cold Snap","Gash"],"picked":"Hologram","floor":14}],"player_experience":764059,"relics_obtained":[{"floor":7,"key":"Pen Nib"},{"floor":9,"key":"Omamori"}],"event_choices":[{"damage_healed":0,"gold_gain":0,"player_choice":"2 cards matched","damage_taken":0,"max_hp_gain":0,"max_hp_loss":0,"event_name":"Match and Keep!","floor":2,"gold_loss":0,"cards_obtained":["Pain","Auto Shields"]}],"is_beta":false,"boss_relics":[],"items_purged_floors":[3,11],"is_endless":false,"potions_floor_spawned":[1,10,14],"killed_by":"Hexaghost","ascension_level":11}