{"path_per_floor":["M","M","$","?","$","M","R","E","T","M","R","?","R","M","R","B",null,"M","?","$","?","M","R","?","R","T","R","$","M","M","$","R"],"character_chosen":"DEFECT","items_purchased":["Loop","Emotion Chip"],"gold_per_floor":[110,121,47,47,47,59,59,89,160,175,175,175,175,188,188,291,291,305,305,13,13,30,30,30,30,30,30,30,49,61,61,61,61],"floor_reached":33,"campfire_rested":1,"playtime":1666,"item_purchase_floors":[],"current_hp_per_floor":[68,68,68,68,68,68,68,60,60,59,59,52,52,59,59,56,70,72,58,58,58,55,55,49,49,49,49,49,48,33,33,57,0],"items_purged":[],"gold":61,"score":304,"play_id":"c9b4931f-b3b9-4e44-8af2-5493cc4139b6","local_time":"20180616171517","is_prod":false,"is_daily":false,"chose_seed":false,"is_ascension_mode":true,"campfire_upgraded":7,"win_rate":0,"timestamp":1529194517,"campfire_choices":[{"data":"Zap","floor":7.0,"key":"SMITH"},{"data":"Rainbow","floor":11.0,"key":"SMITH"},{"data":"Loop","floor":13.0,"key":"SMITH"},{"data":"Glacier","floor":15.0,"key":"SMITH"},{"data":"Streamline","floor":23,"key":"SMITH"},{"data":"RitualDagger","floor":25,"key":"SMITH"},{"data":"Self Repair","floor":27,"key":"SMITH"},{"floor":32,"key":"REST"}],"path_taken":["M","M","$","?","$","M","R","E","T","?","R","?","R","M","R","BOSS","M","?","$","?","M","R","?","R","T","R","?","M","M","$","R","BOSS"],"build_version":"2018-06-14v2","seed_source_timestamp":0,"purchased_purges":0,"victory":false,"master_deck":["Strike_B","Defend_B","Defend_B","Defend_B","Defend_B","Zap+1","Rainbow+1","Glacier+1","Loop+1","Streamline+1","Self Repair+1","Hologram+1","Fusion+1","Turbo+1","RitualDagger+1","Coolheaded+1","Hologram+1"],"max_hp_per_floor":[75,75,75,75,75,75,75,75,75,75,75,75,75,75,75,75,75,75,80,80,80,80,80,80,80,80,80,80,80,80,80,80,80],"special_seed":0,"relics":["Cracked Core","Dream Catcher","Toxic Egg 2","Empty Cage","Emotion Chip","Symbiotic Virus"],"card_choices":[{"not_picked":["Lockon","Redo","Gash"],"picked":"SKIP","floor":1.0},{"not_picked":["Gash","Hello World"],"picked":"Glacier","floor":2.0},{"not_picked":["Recycle","Barrage"],"picked":"Streamline","floor":6.0},{"not_picked":["Redo","Rebound"],"picked":"Self Repair","floor":8.0},{"not_picked":["Sweeping Beam","Lockon","Compile Driver"],"picked":"SKIP","floor":10.0},{"not_picked":["Streamline","Turbo+1"],"picked":"Hologram+1","floor":14.0},{"not_picked":["Chill+1","Streamline"],"picked":"Fusion+1","floor":18},{"not_picked":["Leap+1","White Noise+1"],"picked":"Turbo+1","floor":22},{"not_picked":["Fusion+1","Rip and Tear+1","Chaos+1"],"picked":"SKIP","floor":29},{"not_picked":["FTL+1","Melter"],"picked":"Coolheaded+1","floor":30},{"not_picked":["Compile Driver+1","Sweeping Beam"],"picked":"Hologram+1","floor":32}],"player_experience":532683,"potions_floor_usage":[],"damage_taken":[{"damage":7.0,"enemies":"Jaw Worm","floor":1.0,"turns":3.0},{"damage":0.0,"enemies":"2 Louse","floor":2.0,"turns":3.0},{"damage":0.0,"enemies":"Small Slimes","floor":6.0,"turns":3.0},{"damage":8.0,"enemies":"Lagavulin","floor":8.0,"turns":7.0},{"damage":8.0,"enemies":"Gremlin Gang","floor":10.0,"turns":5.0},{"damage":0.0,"enemies":"Blue Slaver","floor":14.0,"turns":4.0},{"damage":10.0,"enemies":"Slime Boss","floor":16.0,"turns":10.0},{"damage":5,"enemies":"3 Byrds","floor":18,"turns":8},{"damage":10,"enemies":"Chosen","floor":22,"turns":5},{"damage":11,"enemies":"3 Cultists","floor":29,"turns":6},{"damage":25,"enemies":"Sentry and Sphere","floor":30,"turns":4},{"damage":57,"enemies":"Champ","floor":33,"turns":9}],"relics_obtained":[{"floor":8.0,"key":"Dream Catcher"},{"floor":9.0,"key":"Toxic Egg 2"},{"floor":26,"key":"Symbiotic Virus"}],"event_choices":[{"event_name":"Living Wall","player_choice":"Forget","floor":4.0,"damage_taken":0.0},{"event_name":"Golden Wing","player_choice":"Card Removal","floor":12.0,"damage_taken":0.0},{"event_name":"Forgotten Altar","player_choice":"Shed Blood","floor":19,"damage_taken":0},{"event_name":"The Mausoleum","player_choice":"No","floor":21,"damage_taken":0},{"event_name":"Nest","player_choice":"Joined the Cult","floor":24,"damage_taken":0}],"boss_relics":[{"not_picked":["Pandora\u0027s Box","Ectoplasm"],"picked":"Empty Cage"}],"items_purged_floors":[],"is_endless":false,"potions_floor_spawned":[1,2,22],"seed_played":"40270277600638136","killed_by":"Champ","ascension_level":5,"potions_obtained":[{"floor":1.0,"key":"SteroidPotion"},{"floor":2.0,"key":"Ancient Potion"},{"floor":22,"key":"GamblersBrew"}],"is_trial":false}