{"gold_per_floor":[114,64,64,81,6,66,66,96,96,171,171,182,5,5,5,135,135,150,168,168,168,168],"floor_reached":22,"playtime":1160,"items_purged":["Regret","Strike_R"],"score":333,"play_id":"cac6f2af-0352-4302-a160-ee58cf78eeed","local_time":"20191016013739","is_ascension_mode":true,"campfire_choices":[{"data":"Fiend Fire","floor":7.0,"key":"SMITH"},{"floor":11.0,"key":"REST"},{"data":"Rampage","floor":15.0,"key":"SMITH"}],"neow_cost":"NONE","seed_source_timestamp":0,"circlet_count":0,"master_deck":["AscendersBane","Strike_R","Strike_R","Defend_R","Defend_R","Defend_R","Defend_R","Bash","Heavy Blade","Fiend Fire+1","Feed","Burning Pact","Rampage+1","Injury","Limit Break","Inflame","Uppercut"],"special_seed":0,"relics":["Burning Blood","NeowsBlessing","Gremlin Horn","Tiny Chest","StoneCalendar","Pantograph","Bloody Idol","Sozu"],"potions_floor_usage":[],"damage_taken":[{"damage":0.0,"enemies":"2 Louse","floor":1.0,"turns":1.0},{"damage":0.0,"enemies":"Small Slimes","floor":4.0,"turns":1.0},{"damage":0.0,"enemies":"Gremlin Nob","floor":6.0,"turns":1.0},{"damage":68.0,"enemies":"Lagavulin","floor":8.0,"turns":8.0},{"damage":4.0,"enemies":"Jaw Worm","floor":12.0,"turns":3.0},{"damage":12.0,"enemies":"The Guardian","floor":16.0,"turns":7.0},{"damage":10.0,"enemies":"3 Byrds","floor":18.0,"turns":4.0},{"damage":51.0,"enemies":"Shell Parasite","floor":19.0,"turns":7.0},{"damage":40,"enemies":"Centurion and Healer","floor":22,"turns":3}],"seed_played":"-944634521819911160","potions_obtained":[{"floor":4.0,"key":"SmokeBomb"},{"floor":6.0,"key":"GamblersBrew"},{"floor":8.0,"key":"AttackPotion"},{"floor":12.0,"key":"FearPotion"}],"is_trial":false,"path_per_floor":["M","?","?","M","$","E","R","E","T","?","R","M","$","?","R","B",null,"M","M","?","?","M"],"character_chosen":"IRONCLAD","items_purchased":["Rampage"],"campfire_rested":1,"item_purchase_floors":[13],"current_hp_per_floor":[78,78,78,80,80,80,80,18,18,7,31,36,36,36,36,55,76,75,30,30,30,0],"gold":168,"neow_bonus":"THREE_ENEMY_KILL","is_prod":false,"is_daily":false,"chose_seed":false,"campfire_upgraded":2,"win_rate":0,"timestamp":1571204259,"path_taken":["M","?","?","?","$","E","R","E","T","?","R","M","$","?","R","BOSS","M","M","?","?","M"],"build_version":"2019-07-17","purchased_purges":2,"victory":false,"max_hp_per_floor":[80,80,80,80,80,80,80,80,80,80,80,83,83,83,83,83,83,86,86,86,86,86],"card_choices":[{"not_picked":["Flex","Iron Wave","Thunderclap"],"picked":"SKIP","floor":1.0},{"not_picked":["Twin Strike","Perfected Strike"],"picked":"Heavy Blade","floor":4.0},{"not_picked":["Pommel Strike","Twin Strike"],"picked":"Fiend Fire","floor":6.0},{"not_picked":["Entrench","Anger"],"picked":"Feed","floor":8.0},{"not_picked":["Pommel Strike","Twin Strike"],"picked":"Burning Pact","floor":12.0},{"not_picked":["Bludgeon","Double Tap"],"picked":"Limit Break","floor":16.0},{"not_picked":["Entrench","Clash+1"],"picked":"Inflame","floor":18.0},{"not_picked":["Clothesline","Body Slam"],"picked":"Uppercut","floor":19.0}],"player_experience":808101,"relics_obtained":[{"floor":6.0,"key":"Tiny Chest"},{"floor":8.0,"key":"StoneCalendar"},{"floor":9.0,"key":"Pantograph"}],"event_choices":[{"cards_removed":["Strike_R"],"damage_healed":0.0,"max_hp_gain":0.0,"max_hp_loss":0.0,"gold_gain":0.0,"event_name":"The Cleric","player_choice":"Card Removal","floor":2.0,"gold_loss":50.0,"damage_taken":0.0},{"damage_healed":0.0,"max_hp_gain":0.0,"max_hp_loss":0.0,"gold_gain":0.0,"event_name":"Big Fish","player_choice":"Box","floor":3.0,"gold_loss":0.0,"damage_taken":0.0,"relics_obtained":["Gremlin Horn"],"cards_obtained":["Regret"]},{"damage_healed":0.0,"max_hp_gain":0.0,"max_hp_loss":0.0,"gold_gain":75.0,"event_name":"World of Goop","player_choice":"Gather Gold","floor":10.0,"gold_loss":0.0,"damage_taken":11.0},{"damage_healed":0.0,"max_hp_gain":0.0,"max_hp_loss":0.0,"gold_gain":0.0,"event_name":"Golden Idol","player_choice":"Take Wound","floor":14.0,"gold_loss":0.0,"damage_taken":0.0,"relics_obtained":["Golden Idol"],"cards_obtained":["Injury"]},{"cards_removed":["Strike_R"],"damage_healed":0.0,"max_hp_gain":0.0,"max_hp_loss":0.0,"gold_gain":0.0,"event_name":"Back to Basics","player_choice":"Elegance","floor":20.0,"gold_loss":0.0,"damage_taken":0.0},{"damage_healed":0.0,"max_hp_gain":0.0,"max_hp_loss":0.0,"gold_gain":0.0,"event_name":"Forgotten Altar","player_choice":"Gave Idol","floor":21.0,"relics_lost":["Golden Idol"],"gold_loss":0.0,"damage_taken":0.0,"relics_obtained":["Bloody Idol"]}],"is_beta":false,"boss_relics":[{"not_picked":["Fusion Hammer","Mark of Pain"],"picked":"Sozu"}],"items_purged_floors":[5,13],"is_endless":false,"potions_floor_spawned":[4,6,8,12,18,19],"killed_by":"Centurion and Healer","ascension_level":11}