{"path_per_floor":["M","M","?","M","M","R","?","?","T","R","M","M","M","?","R","B",null,"M","?","$","M","M"],"character_chosen":"DEFECT","items_purchased":["Defragment","Fusion"],"gold_per_floor":[111,129,129,149,169,169,169,169,196,196,209,229,240,240,240,344,344,364,314,129,149,159,159],"floor_reached":23,"campfire_rested":1,"playtime":1421,"item_purchase_floors":[20,20],"current_hp_per_floor":[80,74,66,57,55,55,39,39,39,39,39,39,39,39,63,21,82,70,70,70,56,22,0],"items_purged":["Dualcast"],"gold":159,"score":185,"play_id":"07c31abc-05a0-4a17-ad49-8ddb8de6b200","local_time":"20180603183449","is_prod":false,"is_daily":false,"chose_seed":false,"is_ascension_mode":false,"campfire_upgraded":2,"win_rate":0.0,"timestamp":1528076089,"campfire_choices":[{"data":"Zap","floor":6,"key":"SMITH"},{"data":"Tempest","floor":10,"key":"SMITH"},{"floor":15,"key":"REST"}],"path_taken":["M","M","?","M","M","R","?","?","T","R","M","M","M","?","R","BOSS","M","?","$","M","M","E"],"build_version":"2018-05-31","seed_source_timestamp":23345620643829,"purchased_purges":1,"victory":false,"master_deck":["Strike_B","Strike_B","Strike_B+1","Strike_B","Defend_B","Defend_B","Defend_B","Defend_B","Zap+1","Leap","Streamline","Reinforced Body+1","Tempest+1","Darkness","Stack","Doom and Gloom","Rainbow","Chaos","Defragment","Fusion","Barrage","Barrage"],"max_hp_per_floor":[82,82,82,82,82,82,82,82,82,82,82,82,82,82,82,82,82,82,82,82,82,82,82],"relics":["Cracked Core","Omamori","Eternal Feather"],"card_choices":[{"not_picked":["Gash","Sweeping Beam"],"picked":"Leap","floor":1},{"not_picked":["Hologram","Double Energy"],"picked":"Streamline","floor":2},{"not_picked":["Go for the Eyes","Heatsinks"],"picked":"Reinforced Body","floor":4},{"not_picked":["Consume","Force Field"],"picked":"Tempest","floor":5},{"not_picked":["Steam Power","Biased Cognition"],"picked":"Darkness","floor":11},{"not_picked":["Barrage","Rebound"],"picked":"Stack","floor":12},{"not_picked":["Coolheaded","Heatsinks"],"picked":"Doom and Gloom","floor":13},{"not_picked":["All For One","Buffer"],"picked":"Rainbow","floor":16},{"not_picked":["Cold Snap","Rebound"],"picked":"Chaos","floor":18},{"not_picked":["Sweeping Beam","Streamline"],"picked":"Barrage","floor":21},{"not_picked":["Melter+1","Compile Driver"],"picked":"Barrage","floor":22}],"player_experience":342005,"potions_floor_usage":[],"damage_taken":[{"damage":2,"enemies":"2 Louse","floor":1,"turns":3},{"damage":6,"enemies":"Cultist","floor":2,"turns":3},{"damage":9,"enemies":"Jaw Worm","floor":4,"turns":4},{"damage":2,"enemies":"Blue Slaver","floor":5,"turns":5},{"damage":0,"enemies":"2 Fungi Beasts","floor":11,"turns":3},{"damage":0,"enemies":"Large Slime","floor":12,"turns":3},{"damage":0,"enemies":"Blue Slaver","floor":13,"turns":4},{"damage":42,"enemies":"Slime Boss","floor":16,"turns":10},{"damage":12,"enemies":"Spheric Guardian","floor":18,"turns":5},{"damage":14,"enemies":"Shell Parasite","floor":21,"turns":7},{"damage":34,"enemies":"Centurion and Healer","floor":22,"turns":6},{"damage":38,"enemies":"Gremlin Leader","floor":23,"turns":3}],"relics_obtained":[{"floor":9,"key":"Omamori"}],"event_choices":[{"event_name":"Wheel of Change","player_choice":"Damage","floor":3,"damage_taken":0},{"event_name":"Shining Light","player_choice":"Entered Light","floor":7,"damage_taken":0},{"event_name":"Dead Adventurer","player_choice":"Searched \u00270\u0027 times","floor":8,"damage_taken":0},{"event_name":"Liars Game","player_choice":"disagreed","floor":14,"damage_taken":0},{"event_name":"The Joust","player_choice":"Bet on Owner","floor":19,"damage_taken":0}],"boss_relics":[{"not_picked":["Inserter","Philosopher\u0027s Stone"],"picked":"Eternal Feather"}],"items_purged_floors":[20],"potions_floor_spawned":[4,5,11,12,13,22],"seed_played":"-5802131370392692975","killed_by":"Gremlin Leader","ascension_level":0,"potions_obtained":[{"floor":4,"key":"FearPotion"},{"floor":5,"key":"GamblersBrew"},{"floor":11,"key":"LiquidBronze"},{"floor":12,"key":"FairyPotion"},{"floor":13,"key":"LiquidBronze"},{"floor":22,"key":"Energy Potion"}],"is_trial":false}