{"path_per_floor":["M","M","T","M","M","R","E","R","T","R","?","M","M","M","R","B",null,"M","?","M","$","M","R","M","R","T","M","?","M","M","M","R","B",null,"M","?","M","M","M","R","$","?","T","R","M","?","$"],"character_chosen":"DEFECT","items_purchased":["Defragment","Mercury Hourglass","Self Repair"],"gold_per_floor":[110,123,147,158,172,172,199,199,271,271,271,289,305,324,324,420,420,432,432,450,58,69,69,80,80,80,97,97,117,136,147,147,248,248,259,259,269,282,295,295,126,0,0,0,15,15,15,15],"floor_reached":48,"campfire_rested":2,"playtime":7242,"item_purchase_floors":[21,21,41],"current_hp_per_floor":[74,73,73,73,70,70,48,48,48,48,33,33,33,33,55,33,65,49,49,41,41,40,40,40,40,40,40,32,30,18,18,40,17,61,55,55,55,42,41,41,41,41,41,41,31,31,31,0],"items_purged":["Strike_B","Strike_B"],"gold":15,"score":550,"play_id":"70b5b707-cbce-4ae5-8410-373916f82b23","local_time":"20180610220803","is_prod":false,"is_daily":false,"chose_seed":false,"is_ascension_mode":true,"campfire_upgraded":7,"win_rate":0,"timestamp":1528693683,"campfire_choices":[{"data":"Glacier","floor":6,"key":"SMITH"},{"data":"Beam Cell","floor":8,"key":"SMITH"},{"data":"Dualcast","floor":10,"key":"SMITH"},{"floor":15,"key":"REST"},{"data":"Loop","floor":23,"key":"SMITH"},{"data":"Defragment","floor":25,"key":"SMITH"},{"floor":32,"key":"REST"},{"data":"Hologram","floor":40,"key":"SMITH"},{"data":"Darkness","floor":44,"key":"SMITH"}],"path_taken":["M","M","?","M","M","R","E","R","T","R","?","M","M","M","R","BOSS","M","?","M","?","M","R","M","R","T","M","?","M","M","M","R","BOSS","M","?","M","M","M","R","$","?","T","R","?","?","$","M"],"build_version":"2018-06-07v3","seed_source_timestamp":107624421983523,"purchased_purges":2,"victory":false,"master_deck":["Strike_B","Strike_B+1","Defend_B","Defend_B","Defend_B","Defend_B","Zap+1","Dualcast+1","Beam Cell+1","Glacier+1","Tempest","Genetic Algorithm+1","Chill","Leap","Hologram+1","Electrodynamics","Darkness+1","Loop+1","Defragment+1","BootSequence","Barrage","Chill","Hologram+1","Master of Strategy","Glacier+1","Self Repair"],"max_hp_per_floor":[75,75,75,75,75,75,75,75,75,75,75,75,75,75,75,75,75,75,75,75,75,75,75,75,75,75,75,75,75,75,75,75,75,75,75,75,75,75,75,75,75,75,75,75,77,77,77,77],"relics":["Cracked Core","Bag of Preparation","Lantern","Dodecahedron","Inserter","Mercury Hourglass","Matryoshka","Nuclear Battery","Red Mask","Singing Bowl","Pantograph"],"card_choices":[{"not_picked":["Cold Snap","Coolheaded"],"picked":"Beam Cell","floor":1},{"not_picked":["Melter","Reprogram"],"picked":"Glacier","floor":2},{"not_picked":["Conserve Battery","Turbo"],"picked":"Tempest","floor":4},{"not_picked":["Streamline","Storm"],"picked":"Genetic Algorithm","floor":5},{"not_picked":["Ball Lightning","Reboot"],"picked":"Chill","floor":7},{"not_picked":["Beam Cell","White Noise"],"picked":"Leap","floor":12},{"not_picked":["Conserve Battery","Streamline","Sweeping Beam"],"picked":"SKIP","floor":13},{"not_picked":["Compile Driver","Skim"],"picked":"Hologram","floor":14},{"not_picked":["Hyperbeam","All For One"],"picked":"Electrodynamics","floor":16},{"not_picked":["Consume+1","Scrape"],"picked":"Darkness","floor":18},{"not_picked":["Hello World","Go for the Eyes+1","Streamline"],"picked":"SKIP","floor":20},{"not_picked":["Rebound","Compile Driver"],"picked":"BootSequence","floor":22},{"not_picked":["Turbo","White Noise"],"picked":"Barrage","floor":24},{"not_picked":["Compile Driver","Go for the Eyes","Redo+1"],"picked":"SKIP","floor":27},{"not_picked":["Double Energy","Steam+1"],"picked":"Chill","floor":29},{"not_picked":["Beam Cell","Undo","Redo+1"],"picked":"SKIP","floor":30},{"not_picked":["Auto Shields","Recycle+1","Gash+1"],"picked":"SKIP","floor":31},{"not_picked":["Steam+1","Gash+1"],"picked":"Hologram+1","floor":35},{"not_picked":["Dramatic Entrance","Flash of Steel"],"picked":"Master of Strategy","floor":36},{"not_picked":["Sweeping Beam","Beam Cell+1"],"picked":"Glacier+1","floor":37},{"not_picked":["Sunder","Reprogram+1","Conserve Battery+1"],"picked":"SKIP","floor":38},{"not_picked":["White Noise","Stack+1","Beam Cell"],"picked":"SKIP","floor":39},{"not_picked":["FTL","Steam+1","Stack"],"picked":"Singing Bowl","floor":45}],"player_experience":498016,"potions_floor_usage":[5,16,24,29,33,38,45],"damage_taken":[{"damage":1,"enemies":"Cultist","floor":1,"turns":3},{"damage":1,"enemies":"2 Louse","floor":2,"turns":2},{"damage":0,"enemies":"Small Slimes","floor":4,"turns":3},{"damage":3,"enemies":"3 Louse","floor":5,"turns":3},{"damage":22,"enemies":"3 Sentries","floor":7,"turns":7},{"damage":0,"enemies":"Exordium Wildlife","floor":12,"turns":2},{"damage":0,"enemies":"Blue Slaver","floor":13,"turns":2},{"damage":0,"enemies":"Lots of Slimes","floor":14,"turns":5},{"damage":22,"enemies":"Slime Boss","floor":16,"turns":15},{"damage":16,"enemies":"Chosen","floor":18,"turns":5},{"damage":8,"enemies":"Spheric Guardian","floor":20,"turns":4},{"damage":1,"enemies":"Centurion and Healer","floor":22,"turns":5},{"damage":0,"enemies":"3 Cultists","floor":24,"turns":5},{"damage":0,"enemies":"Sentry and Sphere","floor":27,"turns":3},{"damage":2,"enemies":"Cultist and Chosen","floor":29,"turns":5},{"damage":12,"enemies":"Centurion and Healer","floor":30,"turns":4},{"damage":0,"enemies":"Snecko","floor":31,"turns":4},{"damage":23,"enemies":"Automaton","floor":33,"turns":10},{"damage":6,"enemies":"3 Darklings","floor":35,"turns":5},{"damage":0,"enemies":"3 Shapes","floor":37,"turns":1},{"damage":13,"enemies":"Maw","floor":38,"turns":8},{"damage":1,"enemies":"3 Darklings","floor":39,"turns":4},{"damage":19,"enemies":"Sphere and 2 Shapes","floor":45,"turns":5},{"damage":35,"enemies":"Maw","floor":48,"turns":9}],"relics_obtained":[{"floor":3,"key":"Bag of Preparation"},{"floor":7,"key":"Lantern"},{"floor":9,"key":"Dodecahedron"},{"floor":26,"key":"Matryoshka"},{"floor":43,"key":"Singing Bowl"},{"floor":43,"key":"Pantograph"}],"event_choices":[{"event_name":"Shining Light","player_choice":"Entered Light","floor":11,"damage_taken":0},{"event_name":"The Library","player_choice":"Read","floor":19,"damage_taken":0},{"event_name":"Knowing Skull","player_choice":"","floor":28,"damage_taken":0},{"event_name":"SensoryStone","player_choice":"Memory 1","floor":36,"damage_taken":0},{"event_name":"Tomb of Lord Red Mask","player_choice":"Paid","floor":42,"damage_taken":0},{"event_name":"Mysterious Sphere","player_choice":"Ignore","floor":46,"damage_taken":0}],"boss_relics":[{"not_picked":["Astrolabe","Runic Pyramid"],"picked":"Inserter"},{"not_picked":["Eternal Feather","Orrery"],"picked":"Nuclear Battery"}],"items_purged_floors":[21,41],"potions_floor_spawned":[4,5,12,14,20,22,29,30,33,39],"seed_played":"8100610517228354065","killed_by":"Maw","ascension_level":5,"potions_obtained":[{"floor":4,"key":"Weak Potion"},{"floor":5,"key":"FearPotion"},{"floor":12,"key":"Strength Potion"},{"floor":14,"key":"GamblersBrew"},{"floor":20,"key":"Block Potion"},{"floor":22,"key":"SkillPotion"},{"floor":29,"key":"LiquidBronze"},{"floor":30,"key":"Block Potion"},{"floor":33,"key":"EssenceOfSteel"},{"floor":39,"key":"Block Potion"}],"is_trial":false}