{"path_per_floor":["M","M","$","M","M","R","E","R","T","M","R","M","$","M","R"],"character_chosen":"DEFECT","items_purchased":["Gremlin Horn"],"gold_per_floor":[212,222,147,167,184,184,219,219,243,260,260,273,20,39,39,39],"floor_reached":16,"campfire_rested":2,"playtime":2883,"item_purchase_floors":[13],"current_hp_per_floor":[74,68,68,68,45,67,39,39,39,29,29,28,28,14,38,38],"items_purged":["Strike_B"],"gold":39,"score":130,"play_id":"c72891ab-f8a4-4d08-ab92-2231b57873d1","local_time":"20180610161102","is_prod":false,"is_daily":false,"chose_seed":false,"is_ascension_mode":true,"campfire_upgraded":2,"win_rate":0,"timestamp":1528672262,"campfire_choices":[{"floor":6,"key":"REST"},{"data":"Zap","floor":8,"key":"SMITH"},{"data":"Hologram","floor":11,"key":"SMITH"},{"floor":15,"key":"REST"}],"path_taken":["M","M","$","M","M","R","E","R","T","M","R","M","?","M","R","BOSS"],"build_version":"2018-06-07v3","seed_source_timestamp":90576148787210,"purchased_purges":1,"victory":false,"master_deck":["Strike_B","Strike_B","Strike_B","Defend_B","Defend_B","Defend_B","Defend_B","Zap+1","Dualcast","Streamline","Auto Shields","White Noise","Hologram+1","Defragment"],"max_hp_per_floor":[75,75,75,75,75,75,75,75,75,75,75,75,75,80,80,80],"relics":["Cracked Core","Anchor","Lantern","Gremlin Horn"],"card_choices":[{"not_picked":["Beam Cell","Chaos"],"picked":"Streamline","floor":1},{"not_picked":["White Noise","Rebound"],"picked":"Auto Shields","floor":2},{"not_picked":["Rebound","Conserve Battery","Sweeping Beam"],"picked":"SKIP","floor":4},{"not_picked":["Compile Driver","Force Field"],"picked":"White Noise","floor":5},{"not_picked":["Double Energy","Barrage","Rebound"],"picked":"SKIP","floor":7},{"not_picked":["Coolheaded","Leap"],"picked":"Hologram","floor":10},{"not_picked":["Stack","Turbo","Hyperbeam"],"picked":"SKIP","floor":12},{"not_picked":["Ball Lightning","Leap"],"picked":"Defragment","floor":14}],"player_experience":482334,"potions_floor_usage":[5,7,12,14],"damage_taken":[{"damage":1,"enemies":"Cultist","floor":1,"turns":4},{"damage":6,"enemies":"Small Slimes","floor":2,"turns":3},{"damage":0,"enemies":"2 Louse","floor":4,"turns":2},{"damage":23,"enemies":"Exordium Thugs","floor":5,"turns":4},{"damage":28,"enemies":"3 Sentries","floor":7,"turns":7},{"damage":10,"enemies":"Gremlin Gang","floor":10,"turns":4},{"damage":1,"enemies":"2 Fungi Beasts","floor":12,"turns":3},{"damage":19,"enemies":"Exordium Thugs","floor":14,"turns":5},{"damage":0,"enemies":"Hexaghost","floor":16,"turns":1}],"relics_obtained":[{"floor":7,"key":"Anchor"},{"floor":9,"key":"Lantern"}],"event_choices":[],"boss_relics":[],"items_purged_floors":[3],"potions_floor_spawned":[2,5,7,12,14],"seed_played":"3960800508844678315","killed_by":"Hexaghost","ascension_level":5,"potions_obtained":[{"floor":2,"key":"FearPotion"},{"floor":5,"key":"Swift Potion"},{"floor":7,"key":"Weak Potion"},{"floor":12,"key":"Fruit Juice"},{"floor":14,"key":"SneckoOil"}],"is_trial":false}