{"gold_per_floor":[112,124,141,241,258,293,311,331,331,341,354,354,373,399,411,519,531,557,569,592,618,71,97,196,196,265,296,311,321,347,447,447,549,549,562,580,67,0,0,25,37,64,64,64,64,89,106,106,106,106,106,106,3,29,29],"floor_reached":56,"playtime":4294,"items_purged":[],"score":1517,"play_id":"5c83aafb-48a9-4e38-9215-9eab845115bc","local_time":"20190905212902","is_ascension_mode":true,"campfire_choices":[{"floor":12,"key":"REST"},{"data":"Zap","floor":15,"key":"SMITH"},{"data":"Seek","floor":25,"key":"SMITH"},{"floor":32,"key":"RECALL"},{"data":"White Noise","floor":44,"key":"SMITH"},{"data":"Double Energy","floor":49,"key":"SMITH"},{"data":"Go for the Eyes","floor":52,"key":"SMITH"}],"neow_cost":"NONE","seed_source_timestamp":221896860688100,"circlet_count":0,"master_deck":["Strike_B","Strike_B","Strike_B","Strike_B","Defend_B","Defend_B","Defend_B","Defend_B+1","Zap+1","Dualcast","Seek+1","Cold Snap","Sweeping Beam","Doom and Gloom","Coolheaded+1","Double Energy+1","Conserve Battery","Go for the Eyes+1","FTL","Coolheaded","Chill","Self Repair","Echo Form","White Noise+1","White Noise","Leap+1","Capacitor","White Noise+1","BootSequence+1","Beam Cell","Leap+1","Hologram+1","BootSequence+1","All For One","Coolheaded+1","Beam Cell+1","Stack+1","White Noise+1","Echo Form","Reinforced Body+1","Defragment","Stack+1","Hologram+1"],"relics":["FrozenCore","Pear","Lantern","MawBank","Bag of Preparation","Kunai","DataDisk","Toxic Egg 2","Pantograph","Dodecahedron","Inserter","Medical Kit","Ice Cream","Red Mask","War Paint","Mango","Ginger","Boot"],"potions_floor_usage":[2,6,10,14,18,21,30,33,42,42,55,55],"damage_taken":[{"damage":1,"enemies":"Cultist","floor":1,"turns":3},{"damage":0,"enemies":"2 Louse","floor":2,"turns":2},{"damage":1,"enemies":"Jaw Worm","floor":3,"turns":3},{"damage":7,"enemies":"Blue Slaver","floor":5,"turns":3},{"damage":25,"enemies":"Lagavulin","floor":6,"turns":8},{"damage":10,"enemies":"Red Slaver","floor":7,"turns":4},{"damage":5,"enemies":"2 Fungi Beasts","floor":8,"turns":3},{"damage":9,"enemies":"Large Slime","floor":10,"turns":4},{"damage":0,"enemies":"Exordium Wildlife","floor":11,"turns":2},{"damage":0,"enemies":"2 Fungi Beasts","floor":13,"turns":2},{"damage":17,"enemies":"Gremlin Nob","floor":14,"turns":4},{"damage":46,"enemies":"Hexaghost","floor":16,"turns":12},{"damage":7,"enemies":"Spheric Guardian","floor":18,"turns":5},{"damage":12,"enemies":"Shell Parasite","floor":20,"turns":6},{"damage":9,"enemies":"Centurion and Healer","floor":21,"turns":7},{"damage":34,"enemies":"Gremlin Leader","floor":23,"turns":7},{"damage":11,"enemies":"Slavers","floor":27,"turns":6},{"damage":0,"enemies":"Snake Plant","floor":28,"turns":5},{"damage":0,"enemies":"3 Cultists","floor":29,"turns":4},{"damage":0,"enemies":"Book of Stabbing","floor":30,"turns":6},{"damage":0,"enemies":"Collector","floor":33,"turns":14},{"damage":0,"enemies":"Orb Walker","floor":35,"turns":6},{"damage":6,"enemies":"3 Darklings","floor":36,"turns":7},{"damage":0,"enemies":"Nemesis","floor":40,"turns":9},{"damage":12,"enemies":"Spire Growth","floor":41,"turns":5},{"damage":16,"enemies":"Reptomancer","floor":42,"turns":10},{"damage":5,"enemies":"Nemesis","floor":46,"turns":9},{"damage":0,"enemies":"4 Shapes","floor":47,"turns":5},{"damage":43,"enemies":"Time Eater","floor":50,"turns":12},{"damage":16,"enemies":"Shield and Spear","floor":54,"turns":11},{"damage":47,"enemies":"The Heart","floor":55,"turns":13}],"seed_played":"6288167875863949749","potions_obtained":[{"floor":1,"key":"Fruit Juice"},{"floor":5,"key":"Poison Potion"},{"floor":8,"key":"Poison Potion"},{"floor":11,"key":"FairyPotion"},{"floor":13,"key":"Weak Potion"},{"floor":16,"key":"FocusPotion"},{"floor":18,"key":"EssenceOfSteel"},{"floor":23,"key":"LiquidBronze"},{"floor":27,"key":"Strength Potion"},{"floor":35,"key":"Dexterity Potion"},{"floor":40,"key":"AttackPotion"},{"floor":41,"key":"Weak Potion"},{"floor":54,"key":"Explosive Potion"}],"is_trial":false,"path_per_floor":["M","M","M","?","M","E","M","M","T","M","M","R","M","E","R","B",null,"M","?","M","M","$","E","?","R","T","E","M","M","E","?","R","B",null,"M","M","$","?","$","E","M","E","T","R","$","E","M","?","R","B",null,"R","$","E","B",null],"character_chosen":"DEFECT","items_purchased":["Capacitor","Bag of Preparation","Kunai","White Noise","Medical Kit","Ice Cream","Defragment","Stack+1"],"campfire_rested":1,"item_purchase_floors":[22,22,22,22,37,37,53,53],"current_hp_per_floor":[74,79,78,78,71,56,46,41,41,32,32,59,59,42,42,16,90,90,90,85,90,90,70,70,70,70,59,66,73,87,87,87,90,90,90,84,84,84,84,90,85,97,97,97,97,104,104,99,99,63,99,99,99,90,59],"gold":29,"neow_bonus":"ONE_RANDOM_RARE_CARD","is_prod":false,"is_daily":false,"chose_seed":false,"campfire_upgraded":5,"win_rate":0,"timestamp":1567744142,"path_taken":["M","M","M","?","?","E","M","M","T","M","M","R","M","E","R","BOSS","M","?","M","M","$","E","?","R","T","E","?","M","E","?","R","BOSS","M","M","$","?","$","E","M","E","T","R","$","E","M","?","R","BOSS","R","$","E","BOSS"],"build_version":"2019-08-26","purchased_purges":0,"victory":true,"max_hp_per_floor":[75,80,80,80,80,90,90,90,90,90,90,90,90,90,90,90,90,90,90,90,90,90,90,90,90,90,90,90,90,90,90,90,90,90,90,90,90,90,90,90,90,104,104,104,104,104,104,99,99,99,99,99,99,99,99],"card_choices":[{"not_picked":["Chaos","Doom and Gloom"],"picked":"Cold Snap","floor":1},{"not_picked":["Turbo","Aggregate"],"picked":"Sweeping Beam","floor":2},{"not_picked":["Compile Driver","Steam Power"],"picked":"Doom and Gloom","floor":3},{"not_picked":["Ball Lightning","Skim"],"picked":"Coolheaded","floor":5},{"not_picked":["Biased Cognition","Recycle"],"picked":"Double Energy","floor":6},{"not_picked":["Streamline","Beam Cell"],"picked":"Conserve Battery","floor":7},{"not_picked":["Beam Cell","Compile Driver"],"picked":"Go for the Eyes","floor":8},{"not_picked":["Cold Snap","Chaos"],"picked":"FTL","floor":10},{"not_picked":["Sweeping Beam","Doom and Gloom"],"picked":"Coolheaded","floor":11},{"not_picked":["Rip and Tear","Redo"],"picked":"Chill","floor":13},{"not_picked":["FTL","Stack"],"picked":"Self Repair","floor":14},{"not_picked":["Hyperbeam","All For One"],"picked":"Echo Form","floor":16},{"not_picked":["Genetic Algorithm","BootSequence"],"picked":"White Noise+1","floor":18},{"not_picked":["Beam Cell","Reinforced Body"],"picked":"Leap+1","floor":20},{"not_picked":["Steam","Streamline+1","Blizzard"],"picked":"SKIP","floor":21},{"not_picked":["Barrage","Streamline"],"picked":"BootSequence+1","floor":23},{"not_picked":["Sweeping Beam","Barrage"],"picked":"Beam Cell","floor":27},{"not_picked":["Static Discharge","Redo+1"],"picked":"Leap+1","floor":28},{"not_picked":["Sweeping Beam","Streamline"],"picked":"Hologram+1","floor":29},{"not_picked":["Compile Driver","Streamline+1"],"picked":"BootSequence+1","floor":30},{"not_picked":["Multi-Cast+1","Amplify+1"],"picked":"All For One","floor":33},{"not_picked":["Sunder+1","Compile Driver+1"],"picked":"Coolheaded+1","floor":35},{"not_picked":["Steam+1","Aggregate+1"],"picked":"Beam Cell+1","floor":36},{"not_picked":["Hologram+1","Sweeping Beam"],"picked":"Stack+1","floor":40},{"not_picked":["Darkness+1","Scrape"],"picked":"White Noise+1","floor":41},{"not_picked":["Streamline+1","Steam+1","Melter"],"picked":"SKIP","floor":42},{"not_picked":["Gash","Tempest+1"],"picked":"Echo Form","floor":46},{"not_picked":["Streamline","Barrage+1"],"picked":"Reinforced Body+1","floor":47},{"not_picked":["Leap+1","Redo+1"],"picked":"Hologram+1","floor":54}],"player_experience":1468934,"relics_obtained":[{"floor":6,"key":"Pear"},{"floor":9,"key":"Lantern"},{"floor":14,"key":"MawBank"},{"floor":23,"key":"DataDisk"},{"floor":26,"key":"Toxic Egg 2"},{"floor":27,"key":"Pantograph"},{"floor":30,"key":"Dodecahedron"},{"floor":40,"key":"War Paint"},{"floor":42,"key":"Mango"},{"floor":46,"key":"Ginger"},{"floor":54,"key":"Boot"}],"event_choices":[{"damage_healed":0,"gold_gain":100,"player_choice":"Pray","damage_taken":0,"max_hp_gain":0,"max_hp_loss":0,"event_name":"Golden Shrine","floor":4,"gold_loss":0},{"damage_healed":0,"gold_gain":0,"player_choice":"Read","damage_taken":0,"max_hp_gain":0,"max_hp_loss":0,"event_name":"The Library","floor":19,"gold_loss":0,"cards_obtained":["White Noise"]},{"damage_healed":0,"gold_gain":99,"player_choice":"Stole From Cult","damage_taken":0,"max_hp_gain":0,"max_hp_loss":0,"event_name":"Nest","floor":24,"gold_loss":0},{"damage_healed":0,"gold_gain":100,"player_choice":"Pray","damage_taken":0,"max_hp_gain":0,"max_hp_loss":0,"event_name":"Golden Shrine","floor":31,"gold_loss":0},{"damage_healed":0,"gold_gain":0,"player_choice":"Paid","damage_taken":0,"relics_obtained":["Red Mask"],"max_hp_gain":0,"max_hp_loss":0,"event_name":"Tomb of Lord Red Mask","floor":38,"gold_loss":67},{"damage_healed":0,"gold_gain":0,"player_choice":"Max HP","damage_taken":0,"max_hp_gain":0,"max_hp_loss":5,"event_name":"Winding Halls","floor":48,"gold_loss":0}],"is_beta":true,"boss_relics":[{"not_picked":["Runic Dome","Lizard Tail"],"picked":"FrozenCore"},{"not_picked":["Empty Cage","Tiny House"],"picked":"Inserter"}],"items_purged_floors":[],"is_endless":false,"potions_floor_spawned":[1,5,8,11,13,16,18,23,27,35,40,41,54],"ascension_level":1}