{"gold_per_floor":[112,126,139,151,166,166,179,179,204,204,225,596,631,453,453,577,577,592,142,142,142,165,199,223,223,223,223,242,263,287,287,287,410,410,410,424,444,465,490,534,534,592,639,659,659,59,78,78,78,78],"floor_reached":50,"playtime":4318,"items_purged":["Injury"],"score":575,"play_id":"93d58a31-fcd4-41b8-91e8-b325ff0cf27d","local_time":"20180926222456","is_ascension_mode":false,"campfire_choices":[{"data":"Neutralize","floor":6,"key":"SMITH"},{"data":"Cloak And Dagger","floor":8,"key":"SMITH"},{"floor":15,"key":"REST"},{"data":"Choke","floor":27,"key":"SMITH"},{"data":"Bullet Time","floor":32,"key":"SMITH"},{"floor":41,"key":"REST"},{"data":"Adrenaline","floor":45,"key":"SMITH"},{"data":"Night Terror","floor":49,"key":"SMITH"}],"neow_cost":"NONE","seed_source_timestamp":319450502640223,"circlet_count":0,"master_deck":["Defend_G","Defend_G","Defend_G","Defend_G","Defend_G","Survivor+1","Neutralize+1","Bullet Time+1","Deflect","Choke+1","Sucker Punch","Heel Hook","PiercingWail","Cloak And Dagger+1","Well Laid Plans","Dagger Spray","Bandage Up","After Image","Heel Hook+1","Bandage Up","Prepared","Bite","Bite","Bite","Bite","Bite","Prepared+1","Leg Sweep","Leg Sweep","Neutralize+1","Burst","Deadly Poison","Adrenaline+1","Choke+1","Dagger Throw","Crippling Poison+1","Cloak And Dagger+1","Cloak And Dagger+1","Parasite","Reflex+1","Mind Blast","Night Terror+1","Panache","PiercingWail","The Bomb"],"relics":["Ring of the Snake","Oddly Smooth Stone","Golden Idol","Old Coin","Orichalcum","WristBlade","Tough Bandages","Potion Belt","PreservedInsect","War Paint","Cursed Key","Darkstone Periapt","Bird Faced Urn","Ancient Tea Set"],"potions_floor_usage":[12,12,16,23,33,33,35,37,38,38,50,50,50,50],"damage_taken":[{"damage":0,"enemies":"2 Louse","floor":1,"turns":4},{"damage":0,"enemies":"Small Slimes","floor":2,"turns":4},{"damage":0,"enemies":"Cultist","floor":3,"turns":3},{"damage":0,"enemies":"Looter","floor":4,"turns":4},{"damage":3,"enemies":"2 Fungi Beasts","floor":5,"turns":3},{"damage":0,"enemies":"3 Louse","floor":7,"turns":3},{"damage":0,"enemies":"Exordium Thugs","floor":11,"turns":3},{"damage":1,"enemies":"Gremlin Nob","floor":12,"turns":4},{"damage":21,"enemies":"3 Sentries","floor":13,"turns":9},{"damage":45,"enemies":"Slime Boss","floor":16,"turns":18},{"damage":3,"enemies":"Chosen","floor":18,"turns":5},{"damage":1,"enemies":"Shell Parasite","floor":22,"turns":6},{"damage":33,"enemies":"Gremlin Leader","floor":23,"turns":8},{"damage":3,"enemies":"Centurion and Healer","floor":24,"turns":6},{"damage":17,"enemies":"Cultist and Chosen","floor":28,"turns":9},{"damage":0,"enemies":"Snake Plant","floor":29,"turns":8},{"damage":3,"enemies":"Centurion and Healer","floor":30,"turns":10},{"damage":10,"enemies":"Colosseum Slavers","floor":31,"turns":6},{"damage":37,"enemies":"Collector","floor":33,"turns":14},{"damage":0,"enemies":"3 Darklings","floor":35,"turns":2},{"damage":0,"enemies":"Orb Walker","floor":36,"turns":5},{"damage":0,"enemies":"Spire Growth","floor":37,"turns":6},{"damage":2,"enemies":"3 Darklings","floor":38,"turns":6},{"damage":25,"enemies":"Sphere and 2 Shapes","floor":39,"turns":6},{"damage":12,"enemies":"2 Orb Walkers","floor":40,"turns":6},{"damage":19,"enemies":"Mysterious Sphere","floor":42,"turns":5},{"damage":13,"enemies":"Transient","floor":44,"turns":5},{"damage":4,"enemies":"Reptomancer","floor":47,"turns":5},{"damage":84,"enemies":"Time Eater","floor":50,"turns":13}],"seed_played":"8840596162161712782","potions_obtained":[{"floor":1,"key":"Ancient Potion"},{"floor":3,"key":"Fire Potion"},{"floor":7,"key":"PowerPotion"},{"floor":12,"key":"Dexterity Potion"},{"floor":16,"key":"Strength Potion"},{"floor":18,"key":"LiquidBronze"},{"floor":24,"key":"Ancient Potion"},{"floor":28,"key":"SmokeBomb"},{"floor":30,"key":"AttackPotion"},{"floor":36,"key":"Poison Potion"},{"floor":37,"key":"Poison Potion"},{"floor":44,"key":"Block Potion"},{"floor":47,"key":"Poison Potion"}],"is_trial":false,"path_per_floor":["M","M","M","M","M","R","M","R","T","?","M","?","E","$","R","B",null,"M","$","?","T","M","E","M","?","T","R","M","M","M","?","R","B",null,"M","M","M","M","M","E","R","?","T","M","R","$","M","?","R"],"character_chosen":"THE_SILENT","items_purchased":["Bandage Up","Tough Bandages","Bandage Up","Prepared","GhostInAJar","Mind Blast","EssenceOfSteel","Night Terror","Panache"],"campfire_rested":2,"item_purchase_floors":[14,19,19,19,46,46,46,46,46],"current_hp_per_floor":[70,70,70,70,67,67,67,67,67,67,67,66,45,45,66,25,70,67,67,49,49,49,42,49,49,49,49,40,49,49,49,49,35,49,49,49,49,49,30,30,44,33,39,44,44,44,54,54,54,0],"gold":78,"neow_bonus":"ONE_RANDOM_RARE_CARD","is_prod":false,"is_daily":false,"chose_seed":false,"campfire_upgraded":6,"win_rate":0,"timestamp":1538025896,"path_taken":["M","M","M","M","M","R","M","R","T","?","M","?","E","$","R","BOSS","M","$","?","?","?","E","M","?","T","R","M","M","M","?","R","BOSS","M","M","M","M","M","E","R","?","T","M","R","$","M","?","R","BOSS"],"build_version":"2018-09-20","purchased_purges":1,"victory":false,"max_hp_per_floor":[70,70,70,70,70,70,70,70,70,70,70,70,70,70,70,70,70,70,70,49,49,49,49,49,49,49,49,49,49,49,49,49,49,49,49,49,49,49,49,49,49,49,55,55,55,55,55,55,55,55],"card_choices":[{"not_picked":["Expertise","Bane"],"picked":"Deflect","floor":1},{"not_picked":["Sucker Punch","Dodge and Roll"],"picked":"Choke","floor":2},{"not_picked":["Dodge and Roll","Doppelganger"],"picked":"Sucker Punch","floor":3},{"not_picked":["Underhanded Strike","Dodge and Roll"],"picked":"Heel Hook","floor":4},{"not_picked":["Backstab","Envenom"],"picked":"PiercingWail","floor":5},{"not_picked":["Eviscerate","Prepared"],"picked":"Cloak And Dagger","floor":7},{"not_picked":["Acrobatics","Blade Dance"],"picked":"Well Laid Plans","floor":11},{"not_picked":["Reflex","Backflip"],"picked":"Dagger Spray","floor":12},{"not_picked":["Expertise","Acrobatics","Dodge and Roll"],"picked":"SKIP","floor":13},{"not_picked":["Tools of the Trade","Wraith Form v2"],"picked":"After Image","floor":16},{"not_picked":["Accuracy","Catalyst"],"picked":"Heel Hook+1","floor":18},{"not_picked":["Poisoned Stab","Deflect+1"],"picked":"Prepared","floor":22},{"not_picked":["Cloak And Dagger","Predator"],"picked":"Leg Sweep","floor":23},{"not_picked":["Skewer","Deflect"],"picked":"Leg Sweep","floor":24},{"not_picked":["Blade Dance","Poisoned Stab"],"picked":"Burst","floor":28},{"not_picked":["Backflip","Calculated Gamble"],"picked":"Deadly Poison","floor":29},{"not_picked":["Dodge and Roll","Quick Slash","Flying Knee"],"picked":"SKIP","floor":30},{"not_picked":["Venomology","Phantasmal Killer"],"picked":"Adrenaline","floor":33},{"not_picked":["Well Laid Plans+1","Acrobatics+1"],"picked":"Choke+1","floor":36},{"not_picked":["Well Laid Plans+1","Deadly Poison+1"],"picked":"Dagger Throw","floor":37},{"not_picked":["Quick Slash+1","Infinite Blades+1"],"picked":"Crippling Poison+1","floor":38},{"not_picked":["Sucker Punch+1","Endless Agony+1"],"picked":"Cloak And Dagger+1","floor":39},{"not_picked":["Tactician+1","Night Terror"],"picked":"Cloak And Dagger+1","floor":40},{"not_picked":["Masterful Stab+1","Cloak And Dagger+1"],"picked":"Reflex+1","floor":44},{"not_picked":["Dagger Spray+1","Escape Plan"],"picked":"PiercingWail","floor":47},{"not_picked":["Flash of Steel","Jack Of All Trades"],"picked":"The Bomb","floor":48}],"player_experience":402019,"relics_obtained":[{"floor":9,"key":"Oddly Smooth Stone"},{"floor":12,"key":"Old Coin"},{"floor":13,"key":"Orichalcum"},{"floor":21,"key":"Potion Belt"},{"floor":23,"key":"PreservedInsect"},{"floor":26,"key":"War Paint"},{"floor":40,"key":"Darkstone Periapt"},{"floor":42,"key":"Bird Faced Urn"},{"floor":43,"key":"Ancient Tea Set"}],"event_choices":[{"event_name":"Golden Idol","player_choice":"Take Wound","floor":10,"damage_taken":0},{"event_name":"Dead Adventurer","player_choice":"Searched \u00271\u0027 times","floor":12,"damage_taken":0},{"event_name":"Vampires","player_choice":"Became a vampire","floor":20,"damage_taken":0},{"event_name":"Duplicator","player_choice":"One dupe","floor":25,"damage_taken":0},{"event_name":"Colosseum","player_choice":"Fight","floor":31,"damage_taken":0},{"event_name":"Colosseum","player_choice":"Fled From Nobs","floor":31,"damage_taken":0},{"event_name":"Mysterious Sphere","player_choice":"Fight","floor":42,"damage_taken":0},{"event_name":"SensoryStone","player_choice":"Memory 1","floor":48,"damage_taken":0}],"is_beta":false,"boss_relics":[{"not_picked":["Coffee Dripper","Pandora\u0027s Box"],"picked":"WristBlade"},{"not_picked":["Runic Pyramid","Fusion Hammer"],"picked":"Cursed Key"}],"items_purged_floors":[14],"is_endless":false,"potions_floor_spawned":[1,3,7,11,12,16,18,24,28,30,31,36,37,44,47],"killed_by":"Time Eater","ascension_level":0}