{"gold_per_floor":[112,130,33,108,127,161,161,161,161,179,12,27,47,65,65,161,161,181,198,17,27,45,45],"floor_reached":23,"playtime":1438,"items_purged":[],"score":197,"play_id":"852e7a87-1336-4331-b765-cf5095137809","local_time":"20191007174604","is_ascension_mode":false,"campfire_choices":[{"data":"Corruption","floor":8,"key":"SMITH"},{"data":"Armaments","floor":15,"key":"SMITH"}],"neow_cost":"NONE","seed_source_timestamp":188993988334700,"circlet_count":0,"master_deck":["Strike_R","Strike_R","Strike_R","Strike_R","Strike_R","Defend_R","Defend_R","Defend_R","Defend_R","Bash+1","Corruption+1","Perfected Strike","Heavy Blade","Inflame+1","Armaments+1","Spot Weakness","Anger","Uppercut","Bandage Up","Clothesline","Limit Break","Warcry","Demon Form","Pommel Strike+1","Infernal Blade","Warcry","Twin Strike","Pommel Strike"],"relics":["Burning Blood","Kunai","Mummified Hand","Black Star","Vajra"],"potions_floor_usage":[16,16,23,23,23],"damage_taken":[{"damage":6,"enemies":"Jaw Worm","floor":1,"turns":4},{"damage":4,"enemies":"Cultist","floor":2,"turns":4},{"damage":5,"enemies":"Small Slimes","floor":5,"turns":4},{"damage":16,"enemies":"Lagavulin","floor":6,"turns":5},{"damage":9,"enemies":"Blue Slaver","floor":10,"turns":3},{"damage":0,"enemies":"Looter","floor":12,"turns":3},{"damage":23,"enemies":"Exordium Thugs","floor":13,"turns":4},{"damage":8,"enemies":"Gremlin Gang","floor":14,"turns":3},{"damage":27,"enemies":"Hexaghost","floor":16,"turns":8},{"damage":37,"enemies":"3 Byrds","floor":18,"turns":6},{"damage":29,"enemies":"Chosen","floor":19,"turns":6},{"damage":25,"enemies":"Sentry and Sphere","floor":21,"turns":4},{"damage":13,"enemies":"Snecko","floor":22,"turns":4},{"damage":27,"enemies":"Gremlin Leader","floor":23,"turns":2}],"seed_played":"-5856465280100980517","potions_obtained":[{"floor":1,"key":"AttackPotion"},{"floor":5,"key":"Block Potion"},{"floor":13,"key":"PowerPotion"},{"floor":21,"key":"Poison Potion"},{"floor":22,"key":"Dexterity Potion"}],"is_trial":false,"path_per_floor":["M","M","$","?","M","E","?","R","T","M","$","M","M","M","R","B",null,"M","M","$","M","M","E"],"character_chosen":"IRONCLAD","items_purchased":["Heavy Blade","Inflame","Uppercut","Bandage Up","Warcry","Vajra"],"campfire_rested":0,"item_purchase_floors":[3,3,11,11,20,20],"current_hp_per_floor":[80,80,80,69,70,60,60,60,60,57,57,67,54,56,56,41,80,53,34,34,21,18,0],"gold":45,"neow_bonus":"UPGRADE_CARD","is_prod":false,"is_daily":false,"chose_seed":false,"campfire_upgraded":2,"win_rate":0.0,"timestamp":1570495564,"path_taken":["M","M","$","?","M","E","?","R","T","M","$","M","M","M","R","BOSS","M","M","$","?","M","E"],"build_version":"2019-07-17","purchased_purges":0,"victory":false,"max_hp_per_floor":[80,80,80,80,80,80,80,80,80,80,80,80,80,80,80,80,80,80,80,80,80,80,80],"card_choices":[{"not_picked":["Spot Weakness","Perfected Strike"],"picked":"Corruption","floor":1},{"not_picked":["Headbutt","Wild Strike"],"picked":"Perfected Strike","floor":2},{"not_picked":["Thunderclap","Body Slam"],"picked":"Armaments","floor":5},{"not_picked":["True Grit","Offering"],"picked":"Spot Weakness","floor":6},{"not_picked":["Armaments","Wild Strike"],"picked":"Anger","floor":10},{"not_picked":["Bloodletting","Sword Boomerang"],"picked":"Clothesline","floor":12},{"not_picked":["Second Wind","Pummel"],"picked":"Limit Break","floor":13},{"not_picked":["Disarm","Clash"],"picked":"Warcry","floor":14},{"not_picked":["Impervious","Juggernaut"],"picked":"Demon Form","floor":16},{"not_picked":["Clash+1","Headbutt"],"picked":"Pommel Strike+1","floor":18},{"not_picked":["Armaments","Entrench+1"],"picked":"Infernal Blade","floor":19},{"not_picked":["Shrug It Off","Dropkick"],"picked":"Twin Strike","floor":21},{"not_picked":["Cleave+1","Reckless Charge"],"picked":"Pommel Strike","floor":22}],"player_experience":18662,"relics_obtained":[{"floor":6,"key":"Kunai"},{"floor":9,"key":"Mummified Hand"}],"event_choices":[{"damage_healed":0,"gold_gain":75,"player_choice":"Gather Gold","damage_taken":11,"max_hp_gain":0,"max_hp_loss":0,"event_name":"World of Goop","floor":4,"gold_loss":0},{"damage_healed":0,"gold_gain":0,"player_choice":"Upgraded","damage_taken":0,"max_hp_gain":0,"max_hp_loss":0,"event_name":"Upgrade Shrine","floor":7,"gold_loss":0,"cards_upgraded":["Inflame"]}],"is_beta":false,"boss_relics":[{"not_picked":["Orrery","Busted Crown"],"picked":"Black Star"}],"items_purged_floors":[],"is_endless":false,"potions_floor_spawned":[1,5,13,14,21,22],"killed_by":"Gremlin Leader","ascension_level":0}