{"gold_per_floor":[109,121,196,196,296,296,311,327,327,340,340,357,422,105,105,202,202,214,129,129],"floor_reached":20,"playtime":1129,"items_purged":["Strike_R"],"score":164,"play_id":"fcee855f-c2fd-4c2d-ad99-aad4ba107503","local_time":"20191010200537","is_ascension_mode":false,"campfire_choices":[{"floor":6,"key":"REST"},{"floor":11,"key":"REST"},{"floor":15,"key":"REST"}],"neow_cost":"NONE","seed_source_timestamp":7169172845200,"circlet_count":0,"master_deck":["Strike_R","Strike_R","Strike_R","Strike_R","Defend_R","Defend_R","Defend_R","Defend_R","Bash","Heavy Blade+1","Clothesline","Body Slam","Spot Weakness","Iron Wave+1","Pommel Strike+1","Reaper+1","Trip","Limit Break","Armaments+1"],"relics":["Burning Blood","Molten Egg 2","Bottled Flame","Black Star","Regal Pillow"],"potions_floor_usage":[16,20],"damage_taken":[{"damage":7,"enemies":"2 Louse","floor":1,"turns":3},{"damage":0,"enemies":"Small Slimes","floor":2,"turns":3},{"damage":6,"enemies":"Cultist","floor":7,"turns":4},{"damage":14,"enemies":"2 Fungi Beasts","floor":8,"turns":4},{"damage":14,"enemies":"Blue Slaver","floor":10,"turns":4},{"damage":25,"enemies":"Large Slime","floor":12,"turns":7},{"damage":46,"enemies":"Lagavulin Event","floor":13,"turns":7},{"damage":31,"enemies":"Hexaghost","floor":16,"turns":8},{"damage":73,"enemies":"Spheric Guardian","floor":18,"turns":8},{"damage":18,"enemies":"3 Byrds","floor":20,"turns":2}],"seed_played":"1267210123145927647","potions_obtained":[{"floor":0,"key":"Poison Potion"},{"floor":0,"key":"Fire Potion"},{"floor":0,"key":"Block Potion"},{"floor":7,"key":"Explosive Potion"}],"is_trial":false,"path_per_floor":["M","M","?","?","?","R","M","M","T","M","R","M","?","$","R","B",null,"M","?","M"],"character_chosen":"IRONCLAD","items_purchased":["Reaper+1","Trip"],"campfire_rested":3,"item_purchase_floors":[14,14],"current_hp_per_floor":[79,80,69,69,69,80,80,72,72,64,80,61,21,21,45,36,80,13,13,0],"gold":129,"neow_bonus":"THREE_SMALL_POTIONS","is_prod":false,"is_daily":false,"chose_seed":false,"campfire_upgraded":0,"win_rate":0.0,"timestamp":1570763137,"path_taken":["M","M","?","?","?","R","M","M","T","?","R","M","?","$","R","BOSS","M","?","M"],"build_version":"2019-07-17","purchased_purges":1,"victory":false,"max_hp_per_floor":[80,80,80,80,80,80,80,80,80,80,80,80,80,80,80,80,80,80,80,80],"card_choices":[{"not_picked":["Clothesline","True Grit"],"picked":"Heavy Blade","floor":1},{"not_picked":["Evolve","Warcry"],"picked":"Clothesline","floor":2},{"not_picked":["Clothesline","Thunderclap","Searing Blow"],"picked":"SKIP","floor":7},{"not_picked":["True Grit","Perfected Strike"],"picked":"Body Slam","floor":8},{"not_picked":["Dual Wield","Heavy Blade+1"],"picked":"Spot Weakness","floor":10},{"not_picked":["Second Wind","Uppercut+1"],"picked":"Iron Wave+1","floor":12},{"not_picked":["Pummel+1","Sword Boomerang+1"],"picked":"Pommel Strike+1","floor":13},{"not_picked":["Brutality","Fiend Fire+1"],"picked":"Limit Break","floor":16},{"not_picked":["Clash+1","Wild Strike+1"],"picked":"Armaments+1","floor":18}],"player_experience":43433,"relics_obtained":[{"floor":9,"key":"Molten Egg 2"},{"floor":13,"key":"Bottled Flame"}],"event_choices":[{"damage_healed":0,"gold_gain":75,"player_choice":"Gather Gold","damage_taken":11,"max_hp_gain":0,"max_hp_loss":0,"event_name":"World of Goop","floor":3,"gold_loss":0},{"damage_healed":0,"gold_gain":0,"player_choice":"Grow","damage_taken":0,"max_hp_gain":0,"max_hp_loss":0,"event_name":"Living Wall","floor":4,"gold_loss":0,"cards_upgraded":["Heavy Blade"]},{"damage_healed":0,"gold_gain":100,"player_choice":"Gold","damage_taken":0,"max_hp_gain":0,"max_hp_loss":0,"event_name":"Wheel of Change","floor":5,"gold_loss":0},{"damage_healed":0,"gold_gain":30,"player_choice":"Searched \u00273\u0027 times","damage_taken":0,"max_hp_gain":0,"max_hp_loss":0,"event_name":"Dead Adventurer","floor":13,"gold_loss":0},{"damage_healed":0,"gold_gain":0,"player_choice":"Obtained Relic","damage_taken":0,"relics_obtained":["Regal Pillow"],"max_hp_gain":0,"max_hp_loss":0,"event_name":"Addict","floor":19,"gold_loss":85}],"is_beta":false,"boss_relics":[{"not_picked":["Busted Crown","Fusion Hammer"],"picked":"Black Star"}],"items_purged_floors":[14],"is_endless":false,"potions_floor_spawned":[7,8,10,12],"killed_by":"3 Byrds","ascension_level":0}