{"path_per_floor":["M","M","?","$","M","R","M","R","T","R","M","T","M","M","R","B",null,"M","?","M","M","M","R","M","E","T","?","R","$","R","M","R"],"character_chosen":"DEFECT","items_purchased":["Self Repair","Loop","Shuriken","Coolheaded","Beam Cell"],"gold_per_floor":[118,135,85,9,24,24,41,41,41,41,60,84,95,106,106,202,202,218,368,378,391,408,408,428,458,508,508,508,13,13,30,30,30],"floor_reached":33,"campfire_rested":2,"playtime":2860,"item_purchase_floors":[4,29,29,29,29],"current_hp_per_floor":[75,64,64,64,70,70,75,75,75,75,75,75,75,75,75,68,73,62,62,55,50,22,44,33,30,30,30,30,30,30,25,66,0],"items_purged":["Strike_B+1"],"gold":30,"score":326,"play_id":"634626dc-0686-472b-b743-0eaf75b4f1f0","local_time":"20180609184931","is_prod":false,"is_daily":false,"chose_seed":false,"is_ascension_mode":true,"campfire_upgraded":6,"win_rate":0,"timestamp":1528595371,"campfire_choices":[{"data":"Zap","floor":6,"key":"SMITH"},{"data":"Hologram","floor":8,"key":"SMITH"},{"data":"Dualcast","floor":10,"key":"SMITH"},{"data":"Darkness","floor":15,"key":"SMITH"},{"floor":23,"key":"REST"},{"data":"Chill","floor":28,"key":"SMITH"},{"data":"Coolheaded","floor":30,"key":"SMITH"},{"floor":32,"key":"REST"}],"path_taken":["M","M","?","$","M","R","M","R","T","R","M","?","M","M","R","BOSS","M","?","M","M","M","R","M","E","T","?","R","$","R","?","R","BOSS"],"build_version":"2018-06-07v3","seed_source_timestamp":13709194802462,"purchased_purges":1,"victory":false,"master_deck":["Strike_B+1","Strike_B+1","Defend_B+1","Defend_B+1","Defend_B+1","Defend_B+1","Zap+1","Dualcast+1","Skim+1","Darkness+1","Hologram+1","Self Repair","Go for the Eyes","Reinforced Body","Leap","All For One","Loop+1","Conserve Battery","Chill+1","Multi-Cast","Loop","Coolheaded+1","Beam Cell","Gash+1"],"max_hp_per_floor":[75,75,75,75,75,75,75,75,75,75,75,75,75,75,75,75,75,75,75,75,75,75,75,75,89,89,89,89,89,89,89,89,89],"relics":["Cracked Core","Ginger","War Paint","White Beast Statue","Mango","Regal Pillow","Shuriken"],"card_choices":[{"not_picked":["Beam Cell","Aggregate"],"picked":"Skim","floor":0},{"not_picked":["Streamline","Leap"],"picked":"Darkness","floor":1},{"not_picked":["Gash","Sweeping Beam"],"picked":"Hologram","floor":2},{"not_picked":["Ball Lightning","Skim","Coolheaded"],"picked":"SKIP","floor":5},{"not_picked":["Steam","Tempest"],"picked":"Go for the Eyes","floor":7},{"not_picked":["Barrage","Cold Snap"],"picked":"Reinforced Body","floor":11},{"not_picked":["Go for the Eyes","Creative AI"],"picked":"Leap","floor":13},{"not_picked":["Leap","Streamline","Fusion"],"picked":"SKIP","floor":14},{"not_picked":["Buffer","Creative AI"],"picked":"All For One","floor":16},{"not_picked":["Hologram","Gash"],"picked":"Loop+1","floor":18},{"not_picked":["Barrage","Reprogram","Streamline"],"picked":"SKIP","floor":20},{"not_picked":["Storm","Redo"],"picked":"Conserve Battery","floor":21},{"not_picked":["Sweeping Beam","Rip and Tear"],"picked":"Chill","floor":22},{"not_picked":["Conserve Battery","Recycle+1","Hologram"],"picked":"SKIP","floor":24},{"not_picked":["Capacitor","Blizzard"],"picked":"Multi-Cast","floor":25},{"not_picked":["Compile Driver","Melter"],"picked":"Gash+1","floor":31}],"player_experience":408472,"potions_floor_usage":[18,18,20,21,24,24,24,25,33,33],"damage_taken":[{"damage":0,"enemies":"Small Slimes","floor":1,"turns":5},{"damage":11,"enemies":"2 Louse","floor":2,"turns":2},{"damage":1,"enemies":"Jaw Worm","floor":5,"turns":4},{"damage":0,"enemies":"Exordium Wildlife","floor":7,"turns":3},{"damage":4,"enemies":"Large Slime","floor":11,"turns":5},{"damage":3,"enemies":"Looter","floor":13,"turns":3},{"damage":4,"enemies":"Blue Slaver","floor":14,"turns":3},{"damage":14,"enemies":"The Guardian","floor":16,"turns":10},{"damage":18,"enemies":"3 Byrds","floor":18,"turns":4},{"damage":14,"enemies":"Spheric Guardian","floor":20,"turns":6},{"damage":5,"enemies":"Snake Plant","floor":21,"turns":6},{"damage":35,"enemies":"Cultist and Chosen","floor":22,"turns":9},{"damage":18,"enemies":"3 Cultists","floor":24,"turns":6},{"damage":17,"enemies":"Book of Stabbing","floor":25,"turns":6},{"damage":12,"enemies":"Snecko","floor":31,"turns":7},{"damage":73,"enemies":"Automaton","floor":33,"turns":8}],"relics_obtained":[{"floor":9,"key":"Ginger"},{"floor":12,"key":"War Paint"},{"floor":25,"key":"Mango"},{"floor":26,"key":"Regal Pillow"}],"event_choices":[{"event_name":"The Cleric","player_choice":"Card Removal","floor":3,"damage_taken":0},{"event_name":"Nest","player_choice":"Stole From Cult","floor":19,"damage_taken":0},{"event_name":"Back to Basics","player_choice":"Simplicity","floor":27,"damage_taken":0}],"boss_relics":[{"not_picked":["Ectoplasm","Philosopher\u0027s Stone"],"picked":"White Beast Statue"}],"items_purged_floors":[29],"potions_floor_spawned":[1,2,7,18,20,21,22,24,25,31],"seed_played":"443836179347485997","killed_by":"Automaton","ascension_level":5,"potions_obtained":[{"floor":1,"key":"EssenceOfSteel"},{"floor":2,"key":"Block Potion"},{"floor":7,"key":"SkillPotion"},{"floor":18,"key":"SkillPotion"},{"floor":20,"key":"EssenceOfSteel"},{"floor":21,"key":"LiquidBronze"},{"floor":22,"key":"PowerPotion"},{"floor":24,"key":"FocusPotion"},{"floor":25,"key":"PowerPotion"},{"floor":31,"key":"SpeedPotion"}],"is_trial":false}