{"gold_per_floor":[115,125,141,152,152,152,184,184,234,251,251],"floor_reached":11,"playtime":375,"items_purged":[],"score":116,"play_id":"8f4f2f48-cbcb-4f43-8ed5-a06a61a21b23","local_time":"20181231170820","is_ascension_mode":true,"campfire_choices":[{"data":"Bash","floor":6,"key":"SMITH"}],"neow_cost":"NONE","seed_source_timestamp":947977636081553,"circlet_count":0,"master_deck":["AscendersBane","Strike_R","Strike_R","Strike_R","Strike_R","Strike_R","Defend_R","Defend_R","Defend_R","Defend_R","Bash+1","Wild Strike","Wild Strike","Headbutt","Cleave","True Grit","Warcry"],"relics":["Burning Blood","Bottled Flame","Anchor"],"potions_floor_usage":[11],"damage_taken":[{"damage":8,"enemies":"2 Louse","floor":1,"turns":4},{"damage":7,"enemies":"Small Slimes","floor":2,"turns":4},{"damage":1,"enemies":"Cultist","floor":3,"turns":3},{"damage":28,"enemies":"Exordium Wildlife","floor":4,"turns":6},{"damage":16,"enemies":"Gremlin Nob","floor":7,"turns":3},{"damage":1,"enemies":"Looter","floor":10,"turns":3},{"damage":42,"enemies":"3 Sentries","floor":11,"turns":6}],"seed_played":"-1710453019063057481","potions_obtained":[{"floor":1,"key":"EssenceOfSteel"},{"floor":2,"key":"Weak Potion"}],"is_trial":false,"path_per_floor":["M","M","M","M","?","R","E","?","T","M","E"],"character_chosen":"IRONCLAD","items_purchased":[],"campfire_rested":0,"item_purchase_floors":[],"current_hp_per_floor":[70,69,74,52,45,45,35,35,35,40,0],"gold":251,"neow_bonus":"RANDOM_COLORLESS","is_prod":false,"is_daily":false,"chose_seed":false,"campfire_upgraded":1,"win_rate":0,"timestamp":1546304900,"path_taken":["M","M","M","M","?","R","E","?","T","M","E"],"build_version":"2018-12-20","purchased_purges":0,"victory":false,"max_hp_per_floor":[80,80,80,80,80,80,80,80,80,80,80],"card_choices":[{"not_picked":["Rampage","Sword Boomerang"],"picked":"Wild Strike","floor":1},{"not_picked":["Iron Wave","Headbutt"],"picked":"Wild Strike","floor":2},{"not_picked":["Dual Wield","Perfected Strike"],"picked":"Headbutt","floor":3},{"not_picked":["Ghostly Armor","Infernal Blade"],"picked":"Cleave","floor":4},{"not_picked":["Sentinel","Anger"],"picked":"True Grit","floor":7},{"not_picked":["Sword Boomerang","Barricade"],"picked":"Warcry","floor":10}],"player_experience":568174,"relics_obtained":[{"floor":7,"key":"Bottled Flame"},{"floor":9,"key":"Anchor"}],"event_choices":[{"cards_removed":["Purity"],"damage_healed":0,"gold_gain":0,"player_choice":"Card Removal","damage_taken":7,"max_hp_gain":0,"max_hp_loss":0,"event_name":"Golden Wing","floor":5,"gold_loss":0},{"damage_healed":0,"gold_gain":0,"player_choice":"Fled","damage_taken":0,"max_hp_gain":0,"max_hp_loss":0,"event_name":"Scrap Ooze","floor":8,"gold_loss":0}],"is_beta":false,"boss_relics":[],"items_purged_floors":[],"is_endless":false,"potions_floor_spawned":[1,2],"killed_by":"3 Sentries","ascension_level":11}