{"gold_per_floor":[210,210,223,236,249,249,275,275,321,336,368,378,222,236,236,236],"floor_reached":16,"playtime":930,"items_purged":[],"score":188,"play_id":"f95aae55-2bfe-4fb2-9092-e241a300c494","local_time":"20190305202311","is_ascension_mode":true,"campfire_choices":[{"data":"Whirlwind","floor":6,"key":"SMITH"},{"data":"Bash","floor":8,"key":"SMITH"},{"floor":15,"key":"REST"}],"neow_cost":"NONE","seed_source_timestamp":1623633652121349,"circlet_count":0,"master_deck":["AscendersBane","Strike_R","Strike_R","Strike_R","Strike_R","Defend_R","Defend_R","Defend_R","Defend_R","Bash+1","Sword Boomerang","Evolve","Pommel Strike","Whirlwind+1","Ghostly Armor","Shockwave","Feel No Pain","Reaper","Finesse","Wild Strike"],"relics":["Burning Blood","Kunai","Bag of Marbles","Smiling Mask"],"potions_floor_usage":[16],"damage_taken":[{"damage":1,"enemies":"Jaw Worm","floor":1,"turns":5},{"damage":6,"enemies":"Cultist","floor":3,"turns":3},{"damage":0,"enemies":"Small Slimes","floor":4,"turns":4},{"damage":7,"enemies":"2 Fungi Beasts","floor":5,"turns":4},{"damage":20,"enemies":"3 Sentries","floor":7,"turns":4},{"damage":6,"enemies":"Exordium Thugs","floor":10,"turns":4},{"damage":35,"enemies":"Lagavulin","floor":11,"turns":9},{"damage":18,"enemies":"Lots of Slimes","floor":12,"turns":4},{"damage":0,"enemies":"2 Fungi Beasts","floor":14,"turns":1},{"damage":69,"enemies":"The Guardian","floor":16,"turns":16}],"seed_played":"9195209623267324349","potions_obtained":[{"floor":3,"key":"SmokeBomb"},{"floor":5,"key":"Strength Potion"}],"is_trial":false,"path_per_floor":["M","?","M","M","M","R","E","R","T","M","E","M","$","M","R","B"],"character_chosen":"IRONCLAD","items_purchased":["Reaper","Finesse"],"campfire_rested":1,"item_purchase_floors":[13,13],"current_hp_per_floor":[77,77,77,80,79,79,65,65,65,65,36,24,24,30,54,0],"gold":236,"neow_bonus":"HUNDRED_GOLD","is_prod":false,"is_daily":false,"chose_seed":false,"campfire_upgraded":2,"win_rate":0,"timestamp":1551846191,"path_taken":["M","?","M","M","M","R","E","R","T","M","E","M","$","?","R","BOSS"],"build_version":"2019-01-23","purchased_purges":0,"victory":false,"max_hp_per_floor":[80,80,80,80,80,80,80,80,80,80,80,80,80,80,80,80],"card_choices":[{"not_picked":["Thunderclap","True Grit"],"picked":"Sword Boomerang","floor":1},{"not_picked":["Reckless Charge","Wild Strike"],"picked":"Evolve","floor":3},{"not_picked":["Dropkick","Rupture"],"picked":"Pommel Strike","floor":4},{"not_picked":["Sword Boomerang","Iron Wave"],"picked":"Whirlwind","floor":5},{"not_picked":["Headbutt","Body Slam"],"picked":"Ghostly Armor","floor":7},{"not_picked":["Warcry","Second Wind"],"picked":"Shockwave","floor":10},{"not_picked":["Sword Boomerang","Perfected Strike"],"picked":"Feel No Pain","floor":11},{"not_picked":["Warcry","Perfected Strike","Feel No Pain"],"picked":"SKIP","floor":12},{"not_picked":["Cleave","Fire Breathing"],"picked":"Wild Strike","floor":14}],"player_experience":616534,"relics_obtained":[{"floor":7,"key":"Kunai"},{"floor":9,"key":"Bag of Marbles"},{"floor":11,"key":"Smiling Mask"}],"event_choices":[{"cards_removed":["Strike_R"],"damage_healed":0,"gold_gain":0,"player_choice":"Purged","damage_taken":0,"max_hp_gain":0,"max_hp_loss":0,"event_name":"Purifier","floor":2,"gold_loss":0}],"is_beta":false,"boss_relics":[],"items_purged_floors":[],"is_endless":false,"potions_floor_spawned":[3,5,14],"killed_by":"The Guardian","ascension_level":13}