{"gold_per_floor":[115,133,151,169,183,183,211,223,261,294,306,334,358,380,392,506,518,541,568,609,97,113,113,127,155,155,166,19,82,7,21,21,118,118,138,138,151,170,270,270,283,283,283,314,536,23,23,43,43,43],"floor_reached":51,"playtime":4804,"items_purged":["Strike_G","Strike_G"],"score":1027,"play_id":"2aae623b-385d-4c90-88cb-4ea3ddf7f209","local_time":"20190710162036","is_ascension_mode":true,"campfire_choices":[{"data":"Cloak And Dagger","floor":6,"key":"SMITH"},{"data":"Envenom","floor":8,"key":"SMITH"},{"floor":15,"key":"REST"},{"floor":23,"key":"REST"},{"floor":32,"key":"REST"},{"floor":40,"key":"REST"},{"floor":42,"key":"REST"},{"floor":47,"key":"REST"},{"floor":49,"key":"REST"}],"neow_cost":"NONE","seed_source_timestamp":17261830897077,"circlet_count":0,"master_deck":["Strike_G","Strike_G","Defend_G","Defend_G","Defend_G","Defend_G","Survivor","Neutralize","Cloak And Dagger+1","Leg Sweep","Dagger Throw","Riddle With Holes","Cloak And Dagger","Envenom+1","Dagger Spray","Crippling Poison","Dodge and Roll","Dash","Malaise","Underhanded Strike","Infinite Blades","Prepared","Accuracy","Finisher","Burst","Slice+1","Acrobatics+1","PiercingWail","After Image","Accuracy","Heel Hook+1","Catalyst","Skewer","Dagger Spray","Malaise","Backflip"],"relics":["Ring of the Snake","Boot","MawBank","Orichalcum","Odd Mushroom","Fusion Hammer","Red Mask","Thread and Needle","Happy Flower","Letter Opener","Snake Skull","Tiny Chest","Sozu","Bird Faced Urn","Bag of Preparation","Kunai","Shuriken","Anchor"],"potions_floor_usage":[4,7,12,19,22,29,33,41,48],"damage_taken":[{"damage":6,"enemies":"Jaw Worm","floor":1,"turns":7},{"damage":0,"enemies":"Small Slimes","floor":2,"turns":5},{"damage":2,"enemies":"2 Louse","floor":3,"turns":3},{"damage":0,"enemies":"Large Slime","floor":4,"turns":5},{"damage":2,"enemies":"3 Louse","floor":5,"turns":5},{"damage":10,"enemies":"3 Sentries","floor":7,"turns":9},{"damage":0,"enemies":"The Mushroom Lair","floor":10,"turns":4},{"damage":3,"enemies":"Exordium Thugs","floor":12,"turns":2},{"damage":3,"enemies":"Large Slime","floor":13,"turns":4},{"damage":4,"enemies":"Red Slaver","floor":14,"turns":3},{"damage":2,"enemies":"Hexaghost","floor":16,"turns":9},{"damage":0,"enemies":"3 Byrds","floor":18,"turns":3},{"damage":3,"enemies":"2 Thieves","floor":19,"turns":4},{"damage":4,"enemies":"Masked Bandits","floor":20,"turns":3},{"damage":0,"enemies":"Snecko","floor":22,"turns":6},{"damage":0,"enemies":"Snake Plant","floor":24,"turns":5},{"damage":5,"enemies":"Book of Stabbing","floor":25,"turns":6},{"damage":8,"enemies":"Cultist and Chosen","floor":27,"turns":5},{"damage":0,"enemies":"Gremlin Leader","floor":29,"turns":5},{"damage":7,"enemies":"Centurion and Healer","floor":31,"turns":4},{"damage":22,"enemies":"Collector","floor":33,"turns":8},{"damage":12,"enemies":"3 Shapes","floor":35,"turns":7},{"damage":0,"enemies":"3 Darklings","floor":37,"turns":4},{"damage":15,"enemies":"Jaw Worm Horde","floor":38,"turns":5},{"damage":0,"enemies":"Mind Bloom Boss Battle","floor":39,"turns":5},{"damage":39,"enemies":"Transient","floor":41,"turns":5},{"damage":40,"enemies":"Reptomancer","floor":44,"turns":6},{"damage":0,"enemies":"Spire Growth","floor":48,"turns":5},{"damage":36,"enemies":"Time Eater","floor":50,"turns":10}],"seed_played":"7696326713847013072","potions_obtained":[{"floor":1,"key":"Fire Potion"},{"floor":2,"key":"SkillPotion"},{"floor":7,"key":"Fire Potion"},{"floor":10,"key":"Ancient Potion"},{"floor":14,"key":"Explosive Potion"},{"floor":16,"key":"Swift Potion"},{"floor":20,"key":"SpeedPotion"},{"floor":22,"key":"Strength Potion"},{"floor":24,"key":"SkillPotion"},{"floor":29,"key":"Ancient Potion"}],"is_trial":false,"path_per_floor":["M","M","M","M","M","R","E","R","T","?","?","M","M","M","R","B",null,"M","M","?","$","M","R","M","E","T","M","$","E","?","M","R","B",null,"M","?","M","M","?","R","M","R","T","E","?","$","R","M","R","B",null],"character_chosen":"THE_SILENT","items_purchased":["Thread and Needle","Accuracy","Finisher","Snake Skull","Shuriken","Anchor"],"campfire_rested":7,"item_purchase_floors":[21,21,21,28,46,46],"current_hp_per_floor":[57,57,55,55,53,53,43,43,43,43,43,40,37,33,54,52,66,66,63,59,59,59,70,70,65,65,57,57,57,57,50,70,48,65,53,53,53,38,38,59,24,45,45,13,13,13,34,40,61,33],"gold":43,"neow_bonus":"RANDOM_COMMON_RELIC","is_prod":false,"is_daily":false,"chose_seed":false,"campfire_upgraded":2,"win_rate":0,"timestamp":1562800836,"path_taken":["M","M","M","M","M","R","E","R","T","?","?","M","M","M","R","BOSS","M","M","?","$","M","R","M","E","T","M","$","E","?","M","R","BOSS","M","?","M","M","?","R","M","R","T","E","?","$","R","?","R","BOSS"],"build_version":"2019-07-05","purchased_purges":2,"victory":true,"max_hp_per_floor":[70,70,70,70,70,70,70,70,70,70,70,70,70,70,70,70,70,70,70,70,70,70,70,70,70,70,70,70,70,70,70,70,70,70,70,70,70,70,70,70,70,70,70,70,70,70,70,70,70,70],"card_choices":[{"not_picked":["Setup","Dagger Throw"],"picked":"Cloak And Dagger","floor":1},{"not_picked":["Deadly Poison","Deflect"],"picked":"Leg Sweep","floor":2},{"not_picked":["Dodge and Roll","Poisoned Stab"],"picked":"Dagger Throw","floor":3},{"not_picked":["Prepared","Underhanded Strike"],"picked":"Riddle With Holes","floor":4},{"not_picked":["Crippling Poison","Terror"],"picked":"Cloak And Dagger","floor":5},{"not_picked":["Setup","Crippling Poison"],"picked":"Envenom","floor":7},{"not_picked":["Crippling Poison","Dodge and Roll"],"picked":"Dagger Spray","floor":10},{"not_picked":["Underhanded Strike","Quick Slash"],"picked":"Crippling Poison","floor":12},{"not_picked":["Acrobatics","Flying Knee"],"picked":"Dodge and Roll","floor":13},{"not_picked":["Acrobatics","Masterful Stab"],"picked":"Dash","floor":14},{"not_picked":["Adrenaline","Glass Knife"],"picked":"Malaise","floor":16},{"not_picked":["Outmaneuver","Dagger Throw"],"picked":"Underhanded Strike","floor":18},{"not_picked":["Sucker Punch","Calculated Gamble"],"picked":"Infinite Blades","floor":19},{"not_picked":["Flying Knee","Dodge and Roll"],"picked":"Prepared","floor":20},{"not_picked":["Prepared","Outmaneuver","Bouncing Flask"],"picked":"SKIP","floor":22},{"not_picked":["Bane","Flying Knee","Outmaneuver"],"picked":"SKIP","floor":24},{"not_picked":["Flying Knee","Leg Sweep"],"picked":"Burst","floor":25},{"not_picked":["Dodge and Roll","Choke"],"picked":"Slice+1","floor":27},{"not_picked":["Deflect","Poisoned Stab"],"picked":"Acrobatics+1","floor":29},{"not_picked":["Terror","Distraction"],"picked":"PiercingWail","floor":31},{"not_picked":["Bullet Time","Adrenaline"],"picked":"After Image","floor":33},{"not_picked":["Dodge and Roll","Prepared+1"],"picked":"Accuracy","floor":35},{"not_picked":["Dodge and Roll","Flying Knee"],"picked":"Heel Hook+1","floor":37},{"not_picked":["Blur","Finisher+1"],"picked":"Catalyst","floor":38},{"not_picked":["Acrobatics+1","Poisoned Stab"],"picked":"Skewer","floor":39},{"not_picked":["Dodge and Roll+1","Blade Dance"],"picked":"Dagger Spray","floor":41},{"not_picked":["Flechettes+1","Quick Slash"],"picked":"Malaise","floor":44},{"not_picked":["Backstab+1","Outmaneuver+1"],"picked":"Backflip","floor":48}],"player_experience":659889,"relics_obtained":[{"floor":7,"key":"MawBank"},{"floor":9,"key":"Orichalcum"},{"floor":10,"key":"Odd Mushroom"},{"floor":20,"key":"Red Mask"},{"floor":25,"key":"Happy Flower"},{"floor":26,"key":"Letter Opener"},{"floor":29,"key":"Tiny Chest"},{"floor":39,"key":"Bird Faced Urn"},{"floor":43,"key":"Bag of Preparation"},{"floor":44,"key":"Kunai"}],"event_choices":[{"damage_healed":0,"gold_gain":0,"player_choice":"Fought Mushrooms","damage_taken":0,"max_hp_gain":0,"max_hp_loss":0,"event_name":"Mushrooms","floor":10,"gold_loss":0},{"damage_healed":0,"gold_gain":0,"player_choice":"Searched \u00270\u0027 times","damage_taken":0,"max_hp_gain":0,"max_hp_loss":0,"event_name":"Dead Adventurer","floor":11,"gold_loss":0},{"damage_healed":0,"gold_gain":0,"player_choice":"Fought Bandits","damage_taken":0,"max_hp_gain":0,"max_hp_loss":0,"event_name":"Masked Bandits","floor":20,"gold_loss":0},{"cards_removed":["Defend_G"],"damage_healed":0,"gold_gain":0,"player_choice":"Gave Gold","damage_taken":0,"max_hp_gain":0,"max_hp_loss":0,"event_name":"Beggar","floor":30,"gold_loss":75},{"cards_removed":["Strike_G"],"damage_healed":0,"gold_gain":0,"player_choice":"Removed Attack","damage_taken":0,"max_hp_gain":0,"max_hp_loss":0,"event_name":"Falling","floor":36,"gold_loss":0},{"damage_healed":0,"gold_gain":0,"player_choice":"Fight","damage_taken":0,"max_hp_gain":0,"max_hp_loss":0,"event_name":"MindBloom","floor":39,"gold_loss":0},{"damage_healed":0,"gold_gain":222,"player_choice":"Wore Mask","damage_taken":0,"max_hp_gain":0,"max_hp_loss":0,"event_name":"Tomb of Lord Red Mask","floor":45,"gold_loss":0}],"is_beta":false,"boss_relics":[{"not_picked":["Eternal Feather","Black Star"],"picked":"Fusion Hammer"},{"not_picked":["Velvet Choker","Empty Cage"],"picked":"Sozu"}],"items_purged_floors":[21,46],"is_endless":false,"potions_floor_spawned":[1,2,7,10,14,16,20,22,24,29,35,37,38,44],"ascension_level":8}