{"gold_per_floor":[115,128,128,141,155,188,204,204,204,216,244,256,283,295,307,424,436,436,436,436,436,436,436,436,436,436,13,13,13,13,13,13,13],"floor_reached":33,"playtime":996,"items_purged":[],"score":275,"play_id":"9f77f9a1-a53f-4edd-8c25-fb61987a913f","local_time":"20191009201749","is_ascension_mode":false,"campfire_choices":[{"floor":8,"key":"REST"},{"data":"Spot Weakness","floor":12,"key":"SMITH"},{"floor":15,"key":"REST"},{"floor":25,"key":"REST"},{"floor":28,"key":"REST"},{"data":"Limit Break","floor":30,"key":"SMITH"},{"floor":32,"key":"REST"}],"neow_cost":"NONE","seed_source_timestamp":66856575211000,"circlet_count":0,"master_deck":["Strike_R","Strike_R+1","Strike_R+1","Strike_R+1","Strike_R+1","Defend_R","Defend_R","Defend_R","Defend_R","Bash","Dropkick","Cleave","Perfected Strike","Whirlwind","Fire Breathing","Ghostly Armor","Spot Weakness+1","Anger","Body Slam","Juggernaut","Heavy Blade+1","RitualDagger","Clothesline+1","Limit Break+1","Clash","Double Tap","Pommel Strike","Trip","Warcry","Second Wind+1"],"relics":["Burning Blood","Whetstone","Bottled Flame","Bottled Lightning","MawBank","Ectoplasm","MutagenicStrength","Pantograph","Red Mask","Singing Bowl","PreservedInsect"],"potions_floor_usage":[16,16,24,33,33],"damage_taken":[{"damage":2,"enemies":"Small Slimes","floor":1,"turns":5},{"damage":0,"enemies":"2 Louse","floor":2,"turns":3},{"damage":8,"enemies":"Jaw Worm","floor":4,"turns":3},{"damage":9,"enemies":"Blue Slaver","floor":5,"turns":3},{"damage":14,"enemies":"Gremlin Nob","floor":6,"turns":3},{"damage":19,"enemies":"Large Slime","floor":7,"turns":5},{"damage":8,"enemies":"2 Fungi Beasts","floor":10,"turns":3},{"damage":21,"enemies":"3 Sentries","floor":11,"turns":6},{"damage":21,"enemies":"Exordium Wildlife","floor":13,"turns":4},{"damage":51,"enemies":"The Guardian","floor":16,"turns":8},{"damage":5,"enemies":"3 Byrds","floor":18,"turns":4},{"damage":10,"enemies":"Spheric Guardian","floor":20,"turns":3},{"damage":53,"enemies":"Gremlin Leader","floor":23,"turns":6},{"damage":16,"enemies":"Masked Bandits","floor":24,"turns":4},{"damage":31,"enemies":"3 Cultists","floor":31,"turns":4},{"damage":91,"enemies":"Champ","floor":33,"turns":7}],"seed_played":"2121779963540079646","potions_obtained":[{"floor":4,"key":"BloodPotion"},{"floor":6,"key":"Fire Potion"},{"floor":16,"key":"Fire Potion"},{"floor":24,"key":"Regen Potion"},{"floor":31,"key":"Strength Potion"}],"is_trial":false,"path_per_floor":["M","M","?","M","M","E","M","R","T","M","E","R","M","?","R","B",null,"M","?","M","?","?","E","?","R","T","$","R","$","R","M","R","B"],"character_chosen":"IRONCLAD","items_purchased":["PreservedInsect","Double Tap","Pommel Strike","Trip","Warcry"],"campfire_rested":5,"item_purchase_floors":[27,27,27,27,27],"current_hp_per_floor":[80,80,64,62,59,51,38,62,62,60,45,45,30,30,54,29,80,80,74,70,70,70,23,13,37,37,37,61,61,61,36,60,0],"gold":13,"neow_bonus":"RANDOM_COMMON_RELIC","is_prod":false,"is_daily":false,"chose_seed":false,"campfire_upgraded":2,"win_rate":0.0,"timestamp":1570677469,"path_taken":["M","M","?","M","M","E","M","R","T","M","E","R","M","?","R","BOSS","M","?","M","?","?","E","?","R","T","$","R","$","R","?","R","BOSS"],"build_version":"2019-07-17","purchased_purges":0,"victory":false,"max_hp_per_floor":[80,80,80,80,80,80,80,80,80,80,80,80,80,80,80,80,80,80,80,80,80,80,80,80,80,80,80,80,80,80,80,80,80],"card_choices":[{"not_picked":["Wild Strike","Feel No Pain"],"picked":"Dropkick","floor":1},{"not_picked":["Clothesline","Perfected Strike"],"picked":"Cleave","floor":2},{"not_picked":["Body Slam","Sword Boomerang"],"picked":"Perfected Strike","floor":4},{"not_picked":["Sword Boomerang","Searing Blow"],"picked":"Whirlwind","floor":5},{"not_picked":["True Grit","Warcry"],"picked":"Fire Breathing","floor":6},{"not_picked":["Headbutt","Intimidate"],"picked":"Ghostly Armor","floor":7},{"not_picked":["Iron Wave","Fire Breathing"],"picked":"Spot Weakness","floor":10},{"not_picked":["Wild Strike","Sword Boomerang"],"picked":"Anger","floor":11},{"not_picked":["Thunderclap","Fire Breathing"],"picked":"Body Slam","floor":13},{"not_picked":["Dark Embrace","Offering"],"picked":"Juggernaut","floor":16},{"not_picked":["Seeing Red","Combust"],"picked":"Heavy Blade+1","floor":18},{"not_picked":["Dual Wield+1","Warcry"],"picked":"Clothesline+1","floor":20},{"not_picked":["Body Slam+1","Warcry"],"picked":"Limit Break","floor":23},{"not_picked":["Thunderclap+1","Sentinel"],"picked":"Clash","floor":24},{"not_picked":["Clothesline","Warcry"],"picked":"Second Wind+1","floor":31}],"player_experience":41571,"relics_obtained":[{"floor":6,"key":"Bottled Flame"},{"floor":9,"key":"Bottled Lightning"},{"floor":11,"key":"MawBank"},{"floor":23,"key":"Pantograph"},{"floor":24,"key":"Red Mask"},{"floor":26,"key":"Singing Bowl"}],"event_choices":[{"damage_healed":0,"gold_gain":0,"player_choice":"Entered Light","damage_taken":16,"max_hp_gain":0,"max_hp_loss":0,"event_name":"Shining Light","floor":3,"gold_loss":0,"cards_upgraded":["Strike_R","Strike_R"]},{"damage_healed":0,"gold_gain":0,"player_choice":"Ignored","damage_taken":0,"max_hp_gain":0,"max_hp_loss":0,"event_name":"Golden Wing","floor":14,"gold_loss":0},{"damage_healed":0,"gold_gain":0,"player_choice":"Joined the Cult","damage_taken":6,"max_hp_gain":0,"max_hp_loss":0,"event_name":"Nest","floor":19,"gold_loss":0,"cards_obtained":["RitualDagger"]},{"damage_healed":0,"gold_gain":0,"player_choice":"Ignored","damage_taken":0,"max_hp_gain":0,"max_hp_loss":0,"event_name":"Ghosts","floor":21,"gold_loss":0},{"damage_healed":0,"gold_gain":0,"player_choice":"Inject Mutagens","damage_taken":0,"relics_obtained":["MutagenicStrength"],"max_hp_gain":0,"max_hp_loss":0,"event_name":"Drug Dealer","floor":22,"gold_loss":0},{"damage_healed":0,"gold_gain":0,"player_choice":"Fought Bandits","damage_taken":0,"max_hp_gain":0,"max_hp_loss":0,"event_name":"Masked Bandits","floor":24,"gold_loss":0}],"is_beta":false,"boss_relics":[{"not_picked":["Runic Pyramid","Snecko Eye"],"picked":"Ectoplasm"}],"items_purged_floors":[],"is_endless":false,"potions_floor_spawned":[4,6,16,24,31],"killed_by":"Champ","ascension_level":0}