{"gold_per_floor":[119,132,149,149,14,25,60,60,60,60,60,73,73,108,108,204,204,216,228,228,238,49,75,75,85,85,85,97,117,117,137,137,232,232,244,264,274,292,26,51,65,83,83,94,104,118,118,137,137,137],"floor_reached":51,"playtime":3808,"items_purged":["Pain"],"score":971,"play_id":"1d0b8264-5176-464a-98f4-126dbb9d27f2","local_time":"20181002212516","is_ascension_mode":true,"campfire_choices":[{"floor":8.0,"key":"REST"},{"data":"Flame Barrier","floor":13.0,"key":"SMITH"},{"data":"Heavy Blade","floor":15.0,"key":"SMITH"},{"data":"Armaments","floor":24.0,"key":"SMITH"},{"data":"Seeing Red","floor":27.0,"key":"SMITH"},{"data":"Limit Break","floor":30,"key":"SMITH"},{"floor":32,"key":"REST"},{"floor":49,"key":"REST"}],"neow_cost":"TEN_PERCENT_HP_LOSS","seed_source_timestamp":0,"circlet_count":0,"master_deck":["Strike_R","Strike_R","Strike_R","Strike_R","Strike_R+1","Defend_R","Defend_R","Defend_R","Defend_R","Bash+1","Perfected Strike","Thunderclap+1","Seeing Red+1","Demon Form","Sword Boomerang","Heavy Blade+1","Flame Barrier+1","Twin Strike","Limit Break+1","Spot Weakness+1","Armaments+1","Enlightenment","Perfected Strike+1","Transmutation","Armaments+1","Anger+1","Power Through+1","Impervious+1","Heavy Blade","Clothesline+1","True Grit+1","Writhe","Double Tap+1"],"special_seed":0,"relics":["Burning Blood","Du-Vu Doll","Magic Flower","Meat on the Bone","WarpedTongs","Gremlin Horn","Snecko Eye","Toxic Egg 2","Bronze Scales","Fusion Hammer","Lee\u0027s Waffle","Incense Burner","PreservedInsect"],"potions_floor_usage":[31,41,41,50],"damage_taken":[{"damage":18.0,"enemies":"Cultist","floor":1.0,"turns":6.0},{"damage":8.0,"enemies":"Jaw Worm","floor":2.0,"turns":4.0},{"damage":2.0,"enemies":"Small Slimes","floor":3.0,"turns":3.0},{"damage":11.0,"enemies":"Blue Slaver","floor":6.0,"turns":3.0},{"damage":20.0,"enemies":"Lagavulin","floor":7.0,"turns":5.0},{"damage":28.0,"enemies":"Exordium Thugs","floor":12.0,"turns":4.0},{"damage":15.0,"enemies":"3 Sentries","floor":14.0,"turns":6.0},{"damage":31.0,"enemies":"Hexaghost","floor":16.0,"turns":7.0},{"damage":14.0,"enemies":"Shell Parasite","floor":18.0,"turns":4.0},{"damage":29.0,"enemies":"2 Thieves","floor":19.0,"turns":3.0},{"damage":2.0,"enemies":"Sentry and Sphere","floor":21.0,"turns":3.0},{"damage":35.0,"enemies":"Slavers","floor":23.0,"turns":3.0},{"damage":4.0,"enemies":"3 Cultists","floor":25.0,"turns":4.0},{"damage":18.0,"enemies":"Snecko","floor":28.0,"turns":4.0},{"damage":20,"enemies":"Centurion and Healer","floor":29,"turns":5},{"damage":40,"enemies":"Snake Plant","floor":31,"turns":3},{"damage":29,"enemies":"Champ","floor":33,"turns":4},{"damage":35,"enemies":"3 Darklings","floor":35,"turns":6},{"damage":0,"enemies":"Orb Walker","floor":36,"turns":2},{"damage":10,"enemies":"Reptomancer","floor":37,"turns":4},{"damage":3,"enemies":"Maw","floor":38,"turns":5},{"damage":0,"enemies":"2 Orb Walkers","floor":40,"turns":3},{"damage":31,"enemies":"Transient","floor":41,"turns":5},{"damage":0,"enemies":"Reptomancer","floor":42,"turns":2},{"damage":0,"enemies":"Sphere and 2 Shapes","floor":44,"turns":3},{"damage":8,"enemies":"Spire Growth","floor":45,"turns":5},{"damage":49,"enemies":"Maw","floor":46,"turns":6},{"damage":16,"enemies":"Transient","floor":48,"turns":5},{"damage":28,"enemies":"Donu and Deca","floor":50,"turns":7}],"seed_played":"-2004421431811838188","potions_obtained":[{"floor":3.0,"key":"Weak Potion"},{"floor":7.0,"key":"Strength Potion"},{"floor":12.0,"key":"SkillPotion"},{"floor":16.0,"key":"EssenceOfSteel"},{"floor":18.0,"key":"Regen Potion"},{"floor":23.0,"key":"Dexterity Potion"},{"floor":29,"key":"Explosive Potion"},{"floor":31,"key":"FearPotion"},{"floor":36,"key":"EssenceOfSteel"},{"floor":37,"key":"Regen Potion"},{"floor":44,"key":"SteroidPotion"},{"floor":48,"key":"EssenceOfSteel"}],"is_trial":false,"path_per_floor":["M","M","M","?","$","M","E","R","T","?","?","M","R","E","R","B",null,"M","M","?","M","$","E","R","M","T","R","M","M","R","M","R","B",null,"M","M","M","M","$","E","M","M","T","M","M","M","?","M","R","B"],"character_chosen":"IRONCLAD","items_purchased":["Demon Form","Transmutation","Lee\u0027s Waffle"],"campfire_rested":3,"item_purchase_floors":[5,22,39],"current_hp_per_floor":[60,58,62,62,62,57,43,64,64,64,50,49,49,61,61,57,68,63,57,43,50,50,42,42,47,47,47,56,63,63,50,71,51,67,59,68,67,72,79,79,71,79,79,79,79,57,77,70,79,60],"gold":137,"neow_bonus":"ONE_RARE_RELIC","is_prod":false,"is_daily":false,"chose_seed":false,"campfire_upgraded":5,"win_rate":0,"timestamp":1538540716,"path_taken":["M","M","M","?","$","M","E","R","T","?","?","?","R","E","R","BOSS","M","M","?","M","$","E","R","M","T","R","M","?","R","M","R","BOSS","M","M","M","M","$","E","M","M","T","M","M","M","?","M","R","BOSS"],"build_version":"2018-09-27","purchased_purges":1,"victory":true,"max_hp_per_floor":[72,72,72,72,72,72,72,72,72,72,72,72,72,72,72,72,72,72,72,72,72,72,72,72,72,72,72,72,72,72,72,72,72,72,72,72,72,72,79,79,79,79,79,79,79,79,79,79,79,79],"card_choices":[{"not_picked":["Feel No Pain","Twin Strike"],"picked":"Perfected Strike","floor":1.0},{"not_picked":["Havoc","Heavy Blade"],"picked":"Thunderclap","floor":2.0},{"not_picked":["Flex","Clothesline"],"picked":"Seeing Red","floor":3.0},{"not_picked":["Second Wind","Pommel Strike"],"picked":"Sword Boomerang","floor":6.0},{"not_picked":["Iron Wave","Dark Embrace"],"picked":"Heavy Blade","floor":7.0},{"not_picked":["Fire Breathing","Wild Strike"],"picked":"Flame Barrier","floor":12.0},{"not_picked":["Infernal Blade","Shockwave"],"picked":"Twin Strike","floor":14.0},{"not_picked":["Bludgeon","Offering"],"picked":"Limit Break","floor":16.0},{"not_picked":["Hemokinesis+1","Headbutt+1"],"picked":"Spot Weakness+1","floor":18.0},{"not_picked":["Sword Boomerang+1","Clash"],"picked":"Armaments","floor":19.0},{"not_picked":["Fire Breathing+1","Body Slam"],"picked":"Perfected Strike+1","floor":21.0},{"not_picked":["Berserk","Sword Boomerang"],"picked":"Armaments","floor":23.0},{"not_picked":["Thunderclap","Pommel Strike+1"],"picked":"Anger+1","floor":25.0},{"not_picked":["Body Slam","Carnage","Wild Strike"],"picked":"SKIP","floor":28},{"not_picked":["Seeing Red+1","Rampage+1","Body Slam"],"picked":"SKIP","floor":29},{"not_picked":["Cleave","Havoc+1"],"picked":"Power Through+1","floor":31},{"not_picked":["Juggernaut","Reaper"],"picked":"Impervious+1","floor":33},{"not_picked":["Anger","Ghostly Armor+1"],"picked":"Heavy Blade","floor":35},{"not_picked":["Metallicize","Thunderclap"],"picked":"Clothesline+1","floor":36},{"not_picked":["Metallicize","Sentinel+1"],"picked":"True Grit+1","floor":37},{"not_picked":["Body Slam","Battle Trance+1","Rage+1"],"picked":"SKIP","floor":38},{"not_picked":["Pummel+1","Bloodletting+1","Reaper"],"picked":"SKIP","floor":40},{"not_picked":["Cleave","Iron Wave","Havoc+1"],"picked":"SKIP","floor":41},{"not_picked":["Iron Wave+1","Flex+1","Twin Strike+1"],"picked":"SKIP","floor":42},{"not_picked":["Searing Blow+1","Anger+1","Intimidate+1"],"picked":"SKIP","floor":44},{"not_picked":["Anger+1","Clash","Iron Wave"],"picked":"SKIP","floor":45},{"not_picked":["Warcry+1","Burning Pact+1","Thunderclap+1"],"picked":"SKIP","floor":46},{"not_picked":["Body Slam","Pommel Strike"],"picked":"Double Tap+1","floor":48}],"player_experience":415656,"relics_obtained":[{"floor":7.0,"key":"Magic Flower"},{"floor":9.0,"key":"Meat on the Bone"},{"floor":14.0,"key":"Gremlin Horn"},{"floor":23.0,"key":"Toxic Egg 2"},{"floor":26.0,"key":"Bronze Scales"},{"floor":40,"key":"Incense Burner"},{"floor":43,"key":"PreservedInsect"}],"event_choices":[{"event_name":"Upgrade Shrine","player_choice":"Upgraded","floor":4.0,"damage_taken":0.0},{"event_name":"Accursed Blacksmith","player_choice":"Rummage","floor":10.0,"damage_taken":0.0},{"event_name":"Shining Light","player_choice":"Entered Light","floor":11.0,"damage_taken":0.0},{"event_name":"Knowing Skull","player_choice":"CARD ","floor":20.0,"damage_taken":0.0},{"event_name":"Winding Halls","player_choice":"Writhe","floor":47,"damage_taken":0}],"is_beta":false,"boss_relics":[{"not_picked":["Eternal Feather","Black Blood"],"picked":"Snecko Eye"},{"not_picked":["Empty Cage","Runic Dome"],"picked":"Fusion Hammer"}],"items_purged_floors":[39],"is_endless":false,"potions_floor_spawned":[3,7,12,16,18,23,29,31,36,37,44,48],"ascension_level":7}