{"gold_per_floor":[114,114,124,124,49,79,79,92,138,138,170,184,184,194,194,268,268,278,478,490,507,87,113,131,165,165,165,165,185,185,196,196,271,271,290,300,300,313,40,40,67,79,79,110,120,120,138,164,164,164],"floor_reached":51,"playtime":3243,"items_purged":["Strike_R","Strike_R","Strike_R"],"score":1441,"play_id":"e49fad1a-bbab-4e18-aa7e-a00b56be1580","local_time":"20190822225450","is_ascension_mode":true,"campfire_choices":[{"data":"Rage","floor":7,"key":"SMITH"},{"data":"Bash","floor":10,"key":"SMITH"},{"data":"Defend_R","floor":13,"key":"SMITH"},{"data":"Defend_R","floor":15,"key":"SMITH"},{"data":"Feed","floor":27,"key":"SMITH"},{"floor":30,"key":"REST"},{"floor":32,"key":"REST"},{"data":"Pommel Strike","floor":40,"key":"SMITH"},{"data":"Cleave","floor":46,"key":"SMITH"},{"floor":49,"key":"REST"}],"neow_cost":"NONE","seed_source_timestamp":762773851578156,"circlet_count":0,"master_deck":["AscendersBane","Strike_R","Defend_R+1","Defend_R+1","Defend_R","Defend_R","Bash+1","Pommel Strike+1","Rage+1","Twin Strike","Shrug It Off+1","Spot Weakness+1","Limit Break+1","Feed+1","Dropkick","Shrug It Off+1","Battle Trance+1","Secret Technique+1","Shrug It Off+1","Flash of Steel","Spot Weakness+1","Sentinel+1","Clumsy","Feed+1","Reaper","Cleave+1","Warcry+1","Infernal Blade+1","Ghostly Armor+1","Shrug It Off+1","Writhe","Iron Wave+1","Heavy Blade+1","Battle Trance+1"],"relics":["Black Blood","NeowsBlessing","Happy Flower","Ancient Tea Set","Toxic Egg 2","Cursed Key","Lantern","Magic Flower","Turnip","Regal Pillow","Pen Nib","Molten Egg 2","Blue Candle","Self Forming Clay","Bottled Flame"],"potions_floor_usage":[11,16,16,25,33,33,35,36,44],"damage_taken":[{"damage":0,"enemies":"Jaw Worm","floor":1,"turns":1},{"damage":0,"enemies":"Small Slimes","floor":3,"turns":1},{"damage":0,"enemies":"Lagavulin","floor":6,"turns":1},{"damage":0,"enemies":"Cultist","floor":8,"turns":3},{"damage":12,"enemies":"Gremlin Nob","floor":11,"turns":3},{"damage":0,"enemies":"Looter","floor":12,"turns":3},{"damage":4,"enemies":"Lots of Slimes","floor":14,"turns":4},{"damage":32,"enemies":"Hexaghost","floor":16,"turns":9},{"damage":0,"enemies":"Shell Parasite","floor":18,"turns":3},{"damage":1,"enemies":"Spheric Guardian","floor":20,"turns":4},{"damage":28,"enemies":"Snake Plant","floor":21,"turns":4},{"damage":14,"enemies":"Book of Stabbing","floor":23,"turns":5},{"damage":1,"enemies":"Centurion and Healer","floor":24,"turns":5},{"damage":15,"enemies":"Slavers","floor":25,"turns":5},{"damage":23,"enemies":"Shelled Parasite and Fungi","floor":29,"turns":5},{"damage":18,"enemies":"Sentry and Sphere","floor":31,"turns":6},{"damage":35,"enemies":"Champ","floor":33,"turns":12},{"damage":19,"enemies":"3 Darklings","floor":35,"turns":4},{"damage":25,"enemies":"3 Shapes","floor":36,"turns":5},{"damage":12,"enemies":"Maw","floor":38,"turns":7},{"damage":49,"enemies":"Giant Head","floor":41,"turns":7},{"damage":28,"enemies":"Jaw Worm Horde","floor":42,"turns":4},{"damage":35,"enemies":"Nemesis","floor":44,"turns":7},{"damage":10,"enemies":"Sphere and 2 Shapes","floor":45,"turns":4},{"damage":4,"enemies":"Transient","floor":47,"turns":5},{"damage":62,"enemies":"Reptomancer","floor":48,"turns":6},{"damage":58,"enemies":"Donu and Deca","floor":50,"turns":7}],"seed_played":"-4544191733814421786","potions_obtained":[{"floor":1,"key":"EssenceOfSteel"},{"floor":11,"key":"GamblersBrew"},{"floor":14,"key":"PowerPotion"},{"floor":16,"key":"BloodPotion"},{"floor":20,"key":"SneckoOil"},{"floor":29,"key":"Weak Potion"},{"floor":31,"key":"Ancient Potion"},{"floor":33,"key":"EssenceOfSteel"},{"floor":35,"key":"FearPotion"},{"floor":36,"key":"Poison Potion"},{"floor":42,"key":"PowerPotion"},{"floor":45,"key":"SpeedPotion"},{"floor":48,"key":"FearPotion"}],"is_trial":false,"path_per_floor":["M","?","M","?","$","E","R","M","T","R","E","M","R","M","R","B",null,"M","?","M","M","$","E","M","E","T","R","?","M","R","M","R","B",null,"M","M","?","M","$","R","E","M","T","E","M","R","M","E","R","B",null],"character_chosen":"IRONCLAD","items_purchased":["Secret Technique+1","Shrug It Off+1","Flash of Steel","Pen Nib"],"campfire_rested":3,"item_purchase_floors":[22,22,22,39],"current_hp_per_floor":[74,74,75,75,75,75,75,75,75,75,69,75,75,75,75,49,69,78,78,81,59,59,54,62,56,56,56,56,48,76,73,98,72,92,94,98,98,101,101,101,106,105,105,85,118,118,118,77,122,85],"gold":164,"neow_bonus":"THREE_ENEMY_KILL","is_prod":false,"is_daily":false,"chose_seed":false,"campfire_upgraded":7,"win_rate":0,"timestamp":1566539690,"path_taken":["M","?","M","?","$","E","R","M","T","R","E","M","R","M","R","BOSS","M","?","M","M","$","E","?","E","T","R","?","?","R","?","R","BOSS","M","M","?","M","$","R","E","M","T","E","M","R","M","E","R","BOSS"],"build_version":"2019-07-17","purchased_purges":3,"victory":true,"max_hp_per_floor":[75,75,75,75,75,75,75,75,75,75,75,75,75,75,75,75,75,78,78,81,81,81,84,87,90,90,90,90,94,94,98,98,98,98,102,106,106,106,106,106,106,114,114,114,118,118,118,122,122,126],"card_choices":[{"not_picked":["Power Through","Perfected Strike"],"picked":"Pommel Strike","floor":1},{"not_picked":["Thunderclap","Flex"],"picked":"Rage","floor":3},{"not_picked":["Clash","Flex","Dark Embrace"],"picked":"SKIP","floor":6},{"not_picked":["Thunderclap","Anger"],"picked":"Twin Strike","floor":8},{"not_picked":["Ghostly Armor","Havoc"],"picked":"Shrug It Off","floor":11},{"not_picked":["Body Slam","Armaments+1"],"picked":"Spot Weakness+1","floor":12},{"not_picked":["Twin Strike","Sword Boomerang"],"picked":"Limit Break+1","floor":14},{"not_picked":["Bludgeon","Fiend Fire"],"picked":"Feed","floor":16},{"not_picked":["Clothesline","Combust"],"picked":"Dropkick","floor":18},{"not_picked":["Twin Strike","Perfected Strike"],"picked":"Shrug It Off+1","floor":20},{"not_picked":["Headbutt","Flex+1"],"picked":"Battle Trance+1","floor":21},{"not_picked":["Perfected Strike","Berserk"],"picked":"Spot Weakness+1","floor":23},{"not_picked":["Iron Wave","Dual Wield+1"],"picked":"Sentinel+1","floor":24},{"not_picked":["Wild Strike","Clothesline","Armaments+1"],"picked":"SKIP","floor":25},{"not_picked":["Combust","Headbutt","Uppercut"],"picked":"SKIP","floor":29},{"not_picked":["Pommel Strike","Clash","Sever Soul"],"picked":"SKIP","floor":31},{"not_picked":["Fiend Fire","Limit Break+1"],"picked":"Reaper","floor":33},{"not_picked":["Carnage","Clothesline+1"],"picked":"Cleave","floor":35},{"not_picked":["Cleave","Feel No Pain"],"picked":"Warcry+1","floor":36},{"not_picked":["Twin Strike+1","Sentinel+1"],"picked":"Infernal Blade+1","floor":38},{"not_picked":["Second Wind+1","Dual Wield+1"],"picked":"Ghostly Armor+1","floor":41},{"not_picked":["Bloodletting+1","Reckless Charge+1"],"picked":"Shrug It Off+1","floor":42},{"not_picked":["Flame Barrier+1","Rampage+1"],"picked":"Iron Wave+1","floor":44},{"not_picked":["Intimidate+1","Iron Wave+1"],"picked":"Heavy Blade+1","floor":45},{"not_picked":["Anger+1","Havoc+1"],"picked":"Battle Trance+1","floor":47},{"not_picked":["Evolve","Warcry+1","Wild Strike+1"],"picked":"SKIP","floor":48}],"player_experience":734499,"relics_obtained":[{"floor":6,"key":"Happy Flower"},{"floor":9,"key":"Ancient Tea Set"},{"floor":11,"key":"Toxic Egg 2"},{"floor":23,"key":"Lantern"},{"floor":25,"key":"Magic Flower"},{"floor":26,"key":"Turnip"},{"floor":41,"key":"Molten Egg 2"},{"floor":43,"key":"Blue Candle"},{"floor":44,"key":"Self Forming Clay"},{"floor":48,"key":"Bottled Flame"}],"event_choices":[{"cards_removed":["Strike_R"],"damage_healed":0,"gold_gain":0,"player_choice":"Forget","damage_taken":0,"max_hp_gain":0,"max_hp_loss":0,"event_name":"Living Wall","floor":2,"gold_loss":0},{"damage_healed":0,"gold_gain":0,"player_choice":"Ignored","damage_taken":0,"max_hp_gain":0,"max_hp_loss":0,"event_name":"Golden Idol","floor":4,"gold_loss":0},{"damage_healed":0,"gold_gain":250,"player_choice":"Bet on Owner","damage_taken":0,"max_hp_gain":0,"max_hp_loss":0,"event_name":"The Joust","floor":19,"gold_loss":50},{"damage_healed":0,"gold_gain":0,"player_choice":"Copied","damage_taken":0,"max_hp_gain":0,"max_hp_loss":0,"event_name":"Duplicator","floor":28,"gold_loss":0,"cards_obtained":["Feed"]},{"damage_healed":0,"gold_gain":0,"player_choice":"Gave Potion","damage_taken":0,"relics_obtained":["Regal Pillow"],"max_hp_gain":0,"max_hp_loss":0,"event_name":"WeMeetAgain","floor":37,"gold_loss":0}],"is_beta":false,"boss_relics":[{"not_picked":["Empty Cage","Orrery"],"picked":"Cursed Key"},{"not_picked":["Sozu","Runic Cube"],"picked":"Black Blood"}],"items_purged_floors":[5,22,39],"is_endless":false,"potions_floor_spawned":[1,11,14,16,20,24,29,31,33,35,36,42,45,48],"ascension_level":14}