{"gold_per_floor":[114,131,16,16,16,16,32,59,59,59,71,71,104,25,25,100,150,164,134,2,12,12,12,12],"floor_reached":24,"playtime":39162,"items_purged":[],"score":398,"play_id":"5374f0dc-3fff-4759-b72b-f2111e2cc4b0","local_time":"20190727101813","is_ascension_mode":true,"campfire_choices":[{"floor":6,"key":"REST"},{"floor":10,"key":"REST"},{"data":"Defragment","floor":12,"key":"SMITH"},{"floor":15,"key":"REST"},{"floor":23,"key":"REST"}],"neow_cost":"NONE","seed_source_timestamp":883838307912044,"circlet_count":0,"master_deck":["AscendersBane","Strike_B","Strike_B","Strike_B","Strike_B+1","Defend_B+1","Defend_B+1","Defend_B","Defend_B+1","Zap+1","Dualcast+1","Ball Lightning","Chill","Defragment+1","Cold Snap","Sweeping Beam","Chaos","Streamline","Go for the Eyes","White Noise","Multi-Cast","Darkness","Turbo","Capacitor","Capacitor","Fusion"],"relics":["Cracked Core","Omamori","Blue Candle","War Paint","Blood Vial","Tiny House","DataDisk"],"potions_floor_usage":[18,24],"damage_taken":[{"damage":10,"enemies":"Small Slimes","floor":1,"turns":4},{"damage":3,"enemies":"2 Louse","floor":2,"turns":3},{"damage":1,"enemies":"Jaw Worm","floor":7,"turns":3},{"damage":14,"enemies":"3 Sentries","floor":8,"turns":8},{"damage":1,"enemies":"Looter","floor":11,"turns":3},{"damage":40,"enemies":"Gremlin Nob","floor":13,"turns":5},{"damage":13,"enemies":"Slime Boss","floor":16,"turns":11},{"damage":5,"enemies":"Chosen","floor":18,"turns":5},{"damage":18,"enemies":"2 Thieves","floor":19,"turns":4},{"damage":36,"enemies":"Centurion and Healer","floor":21,"turns":9},{"damage":45,"enemies":"Gremlin Leader","floor":24,"turns":6}],"seed_played":"-8525063666494741221","potions_obtained":[{"floor":2,"key":"SmokeBomb"},{"floor":8,"key":"Block Potion"},{"floor":18,"key":"FocusPotion"}],"is_trial":false,"path_per_floor":["M","M","$","?","?","R","M","E","T","R","M","R","E","$","R","B",null,"M","M","$","M","?","R","E"],"character_chosen":"DEFECT","items_purchased":["Defragment","Cold Snap","White Noise","Capacitor","Fusion"],"campfire_rested":4,"item_purchase_floors":[3,3,14,20,20],"current_hp_per_floor":[54,51,51,30,30,51,50,36,36,57,56,56,16,16,37,26,65,62,46,46,12,12,34,0],"gold":12,"neow_bonus":"RANDOM_COMMON_RELIC","is_prod":false,"is_daily":false,"chose_seed":false,"campfire_upgraded":1,"win_rate":0,"timestamp":1564247893,"path_taken":["M","M","$","?","?","R","M","E","T","R","M","R","E","?","R","BOSS","M","M","$","M","?","R","E"],"build_version":"2019-07-17","purchased_purges":0,"victory":false,"max_hp_per_floor":[71,71,71,71,71,71,71,71,71,71,71,71,71,71,71,71,76,76,76,76,76,76,76,76],"card_choices":[{"not_picked":["Stack","Melter"],"picked":"Ball Lightning","floor":1},{"not_picked":["Storm","Hologram"],"picked":"Chill","floor":2},{"not_picked":["Barrage","Darkness"],"picked":"Sweeping Beam","floor":7},{"not_picked":["Barrage","Redo"],"picked":"Chaos","floor":8},{"not_picked":["Doom and Gloom","Ball Lightning"],"picked":"Streamline","floor":11},{"not_picked":["Meteor Strike","Rebound"],"picked":"Go for the Eyes","floor":13},{"not_picked":["Buffer","Meteor Strike"],"picked":"Multi-Cast","floor":16},{"not_picked":["Compile Driver","Force Field"],"picked":"Darkness","floor":17},{"not_picked":["Barrage","Leap"],"picked":"Turbo","floor":18},{"not_picked":["Stack","Rebound+1"],"picked":"Capacitor","floor":19},{"not_picked":["Chaos","Redo","Steam"],"picked":"SKIP","floor":21}],"player_experience":2335648,"relics_obtained":[{"floor":8,"key":"Blue Candle"},{"floor":9,"key":"War Paint"},{"floor":13,"key":"Blood Vial"}],"event_choices":[{"damage_healed":0,"gold_gain":0,"player_choice":"Entered Light","damage_taken":21,"max_hp_gain":0,"max_hp_loss":0,"event_name":"Shining Light","floor":4,"gold_loss":0,"cards_upgraded":["Strike_B","Defend_B"]},{"damage_healed":0,"gold_gain":0,"player_choice":"Grow","damage_taken":0,"max_hp_gain":0,"max_hp_loss":0,"event_name":"Living Wall","floor":5,"gold_loss":0,"cards_upgraded":["Zap"]},{"damage_healed":0,"gold_gain":0,"player_choice":"Opened","damage_taken":0,"relics_obtained":["DataDisk"],"max_hp_gain":0,"max_hp_loss":0,"event_name":"The Mausoleum","floor":22,"gold_loss":0,"cards_obtained":["Writhe"]}],"is_beta":false,"boss_relics":[{"not_picked":["Busted Crown","Ectoplasm"],"picked":"Tiny House"}],"items_purged_floors":[],"is_endless":false,"potions_floor_spawned":[2,8,13,18],"killed_by":"Gremlin Leader","ascension_level":19}