{"gold_per_floor":[113,133,148,148,148,174,174,190,258,285,285,315,330,345,345,448,448,461,481,481,492,492,523,533,558,582,131,146,174,174,17,17,116,116,126,3,23,23,37,37,72,48,48,66,83,94,111,136,148,160,172,184,18,53,53],"floor_reached":55,"playtime":4163,"items_purged":["Zap"],"score":898,"play_id":"e9075dee-4bdf-4327-b84c-c80fb5954025","local_time":"20190805172735","is_ascension_mode":true,"campfire_choices":[{"data":"Fusion","floor":7,"key":"SMITH"},{"data":"Dualcast","floor":11,"key":"SMITH"},{"data":"Machine Learning","floor":15,"key":"SMITH"},{"floor":30,"key":"REST"},{"data":"Double Energy","floor":32,"key":"SMITH"},{"floor":40,"key":"RECALL"},{"data":"Chill","floor":49,"key":"SMITH"},{"data":"Inflame","floor":52,"key":"SMITH"}],"neow_cost":"NONE","seed_source_timestamp":201782017257500,"circlet_count":0,"master_deck":["Dualcast+1","Chill+1","Cold Snap","Chill+1","Go for the Eyes","Fusion+1","Conserve Battery+1","Sweeping Beam+1","Sunder+1","Machine Learning+1","Seek","All For One+1","Ball Lightning+1","Reinforced Body","Coolheaded","Compile Driver+1","Hyperbeam+1","Core Surge+1","Go for the Eyes+1","White Noise","Coolheaded+1","Seek","Undo+1","Double Energy+1","Thunderclap+1","Beam Cell+1","Dramatic Entrance+1","Heatsinks","Trip","Deadly Poison","Gash+1","Inflame+1","Flame Barrier+1","Pommel Strike+1","Leap","White Noise"],"relics":["Cracked Core","Ice Cream","Strawberry","Molten Egg 2","Pocketwatch","Mercury Hourglass","Pandora\u0027s Box","Vajra","Oddly Smooth Stone","War Paint","Cables","PrismaticShard","Centennial Puzzle","Anchor","Inserter","Bag of Preparation","MawBank","DataDisk"],"potions_floor_usage":[6,10,12,16,23,24,28,33,50,50,50,54,55],"damage_taken":[{"damage":1,"enemies":"Jaw Worm","floor":1,"turns":4},{"damage":3,"enemies":"Small Slimes","floor":2,"turns":3},{"damage":0,"enemies":"Cultist","floor":3,"turns":3},{"damage":25,"enemies":"Gremlin Nob","floor":6,"turns":5},{"damage":0,"enemies":"Lots of Slimes","floor":8,"turns":6},{"damage":6,"enemies":"3 Sentries","floor":10,"turns":12},{"damage":9,"enemies":"Lagavulin","floor":12,"turns":6},{"damage":0,"enemies":"3 Louse","floor":13,"turns":2},{"damage":0,"enemies":"Gremlin Gang","floor":14,"turns":2},{"damage":0,"enemies":"Hexaghost","floor":16,"turns":8},{"damage":5,"enemies":"3 Byrds","floor":18,"turns":3},{"damage":15,"enemies":"2 Thieves","floor":19,"turns":3},{"damage":1,"enemies":"Chosen and Byrds","floor":21,"turns":4},{"damage":22,"enemies":"Slavers","floor":23,"turns":3},{"damage":10,"enemies":"Centurion and Healer","floor":24,"turns":3},{"damage":0,"enemies":"Gremlin Leader","floor":25,"turns":4},{"damage":0,"enemies":"Shelled Parasite and Fungi","floor":28,"turns":4},{"damage":6,"enemies":"Slavers","floor":29,"turns":3},{"damage":14,"enemies":"Automaton","floor":33,"turns":9},{"damage":2,"enemies":"3 Shapes","floor":35,"turns":2},{"damage":0,"enemies":"3 Darklings","floor":37,"turns":3},{"damage":0,"enemies":"Transient","floor":39,"turns":5},{"damage":0,"enemies":"Nemesis","floor":41,"turns":5},{"damage":7,"enemies":"Spire Growth","floor":44,"turns":3},{"damage":0,"enemies":"Jaw Worm Horde","floor":45,"turns":2},{"damage":17,"enemies":"Writhing Mass","floor":46,"turns":5},{"damage":0,"enemies":"4 Shapes","floor":47,"turns":1},{"damage":15,"enemies":"Awakened One","floor":50,"turns":12},{"damage":16,"enemies":"Shield and Spear","floor":54,"turns":6},{"damage":76,"enemies":"The Heart","floor":55,"turns":12}],"seed_played":"-1590285596164404380","potions_obtained":[{"floor":2,"key":"PowerPotion"},{"floor":8,"key":"Fire Potion"},{"floor":10,"key":"Strength Potion"},{"floor":12,"key":"Weak Potion"},{"floor":14,"key":"AttackPotion"},{"floor":18,"key":"PowerPotion"},{"floor":25,"key":"SkillPotion"},{"floor":28,"key":"Strength Potion"},{"floor":41,"key":"Strength Potion"},{"floor":44,"key":"SpeedPotion"},{"floor":45,"key":"AttackPotion"}],"is_trial":false,"path_per_floor":["M","M","M","?","?","E","R","M","T","E","R","E","M","M","R","B",null,"M","M","?","M","?","E","M","E","T","$","M","E","R","$","R","B",null,"M","$","M","?","M","R","E","$","T","M","M","M","M","T","R","B",null,"R","$","E","B"],"character_chosen":"DEFECT","items_purchased":["Cables","PrismaticShard","Anchor","Beam Cell+1","Gash+1","Leap","Ancient Potion","EssenceOfSteel"],"campfire_rested":1,"item_purchase_floors":[27,27,31,36,42,53,53,53],"current_hp_per_floor":[74,71,71,68,73,55,55,55,55,49,49,40,40,40,40,40,87,82,67,67,66,66,44,34,34,34,34,34,28,54,54,54,40,87,85,85,85,85,85,85,85,85,85,78,78,61,61,61,61,46,87,87,87,71,0],"gold":53,"neow_bonus":"THREE_CARDS","is_prod":false,"is_daily":false,"chose_seed":false,"campfire_upgraded":6,"win_rate":0,"timestamp":1565051255,"path_taken":["M","M","M","?","?","E","R","M","T","E","R","E","M","M","R","BOSS","M","M","?","M","?","E","M","E","T","$","?","E","R","$","R","BOSS","M","?","M","?","?","R","E","$","T","M","M","M","?","?","R","BOSS","R","$","E","BOSS"],"build_version":"2019-07-18","purchased_purges":1,"victory":false,"max_hp_per_floor":[75,75,75,75,80,87,87,87,87,87,87,87,87,87,87,87,87,87,87,87,87,87,87,87,87,87,87,87,87,87,87,87,87,87,87,87,87,87,87,87,87,87,87,87,87,87,87,87,87,87,87,87,87,87,87],"card_choices":[{"not_picked":["Undo","Tempest"],"picked":"Chill","floor":0},{"not_picked":["Conserve Battery","Coolheaded"],"picked":"Cold Snap","floor":1},{"not_picked":["Heatsinks","Auto Shields"],"picked":"Chill","floor":2},{"not_picked":["Redo","Steam Power"],"picked":"Go for the Eyes","floor":3},{"not_picked":["Hologram","Steam"],"picked":"Fusion","floor":6},{"not_picked":["Chill","Genetic Algorithm"],"picked":"Conserve Battery","floor":8},{"not_picked":["Cold Snap+1","Consume"],"picked":"Sweeping Beam+1","floor":10},{"not_picked":["Barrage+1","Gash+1","Rebound+1"],"picked":"SKIP","floor":12},{"not_picked":["Cold Snap+1","Auto Shields"],"picked":"Sunder+1","floor":13},{"not_picked":["Compile Driver+1","Stack"],"picked":"Machine Learning","floor":14},{"not_picked":["Biased Cognition","Amplify"],"picked":"Seek","floor":16},{"not_picked":["Turbo","Steam Power"],"picked":"Go for the Eyes+1","floor":18},{"not_picked":["Static Discharge","Force Field+1"],"picked":"White Noise","floor":19},{"not_picked":["Ball Lightning+1","Compile Driver+1"],"picked":"Coolheaded+1","floor":21},{"not_picked":["Cold Snap+1","Amplify","Loop"],"picked":"SKIP","floor":23},{"not_picked":["Cold Snap+1","Heatsinks"],"picked":"Undo+1","floor":24},{"not_picked":["Streamline+1","Hello World+1","All For One+1"],"picked":"SKIP","floor":25},{"not_picked":["True Grit","Discovery"],"picked":"Double Energy","floor":28},{"not_picked":["Steam+1","Sucker Punch+1"],"picked":"Thunderclap+1","floor":29},{"not_picked":["Streamline+1","Sword Boomerang+1","Melter+1"],"picked":"SKIP","floor":35},{"not_picked":["Masterful Stab+1","Flash of Steel+1"],"picked":"Dramatic Entrance+1","floor":37},{"not_picked":["Slice+1","Warcry"],"picked":"Trip","floor":39},{"not_picked":["Catalyst","Redo+1"],"picked":"Deadly Poison","floor":41},{"not_picked":["Conserve Battery+1","Sword Boomerang+1"],"picked":"Inflame","floor":44},{"not_picked":["Twin Strike+1","Clothesline+1"],"picked":"Flame Barrier+1","floor":45},{"not_picked":["Violence","Rebound+1"],"picked":"Pommel Strike+1","floor":46},{"not_picked":["Deadly Poison","Wild Strike+1","Corruption"],"picked":"SKIP","floor":47},{"not_picked":["Dodge and Roll","Clothesline+1"],"picked":"White Noise","floor":54}],"player_experience":1372067,"relics_obtained":[{"floor":6,"key":"Strawberry"},{"floor":9,"key":"Molten Egg 2"},{"floor":10,"key":"Pocketwatch"},{"floor":12,"key":"Mercury Hourglass"},{"floor":23,"key":"Vajra"},{"floor":25,"key":"Oddly Smooth Stone"},{"floor":26,"key":"War Paint"},{"floor":29,"key":"Centennial Puzzle"},{"floor":41,"key":"Bag of Preparation"},{"floor":48,"key":"MawBank"},{"floor":54,"key":"DataDisk"}],"event_choices":[{"damage_healed":0,"gold_gain":0,"player_choice":"Success","damage_taken":3,"relics_obtained":["Ice Cream"],"max_hp_gain":0,"max_hp_loss":0,"event_name":"Scrap Ooze","floor":4,"gold_loss":0},{"damage_healed":0,"gold_gain":0,"player_choice":"Donut","damage_taken":0,"max_hp_gain":5,"max_hp_loss":0,"event_name":"Big Fish","floor":5,"gold_loss":0},{"damage_healed":0,"gold_gain":0,"player_choice":"Ignored","damage_taken":0,"max_hp_gain":0,"max_hp_loss":0,"event_name":"Vampires","floor":20,"gold_loss":0},{"damage_healed":0,"gold_gain":0,"player_choice":"Copied","damage_taken":0,"max_hp_gain":0,"max_hp_loss":0,"event_name":"Duplicator","floor":22,"gold_loss":0,"cards_obtained":["Seek"]},{"damage_healed":0,"gold_gain":0,"cards_transformed":["Recycle"],"player_choice":"Transformed","damage_taken":0,"max_hp_gain":0,"max_hp_loss":0,"event_name":"Transmorgrifier","floor":38,"gold_loss":0,"cards_obtained":["Heatsinks"]}],"is_beta":true,"boss_relics":[{"not_picked":["Cursed Key","White Beast Statue"],"picked":"Pandora\u0027s Box"},{"not_picked":["FrozenCore","Nuclear Battery"],"picked":"Inserter"}],"items_purged_floors":[36],"is_endless":false,"potions_floor_spawned":[2,8,10,12,14,18,25,28,41,44,45],"killed_by":"The Heart","ascension_level":1}