{"gold_per_floor":[117,117,117,42,5,35,35,51,104,104,124,124,142,156,156,233,233,244,38,38,38,38,38,48,48,124,137,137,137,154,154,154,154],"floor_reached":33,"playtime":3691,"items_purged":["Strike_B"],"score":503,"play_id":"ad4df11c-e86b-4a1c-97c7-286cfeca34e5","local_time":"20190630142727","is_ascension_mode":true,"campfire_choices":[{"data":"Zap","floor":10,"key":"SMITH"},{"data":"Defragment","floor":12,"key":"SMITH"},{"data":"Hologram","floor":15,"key":"SMITH"},{"data":"Coolheaded","floor":23,"key":"SMITH"},{"data":"Defragment","floor":29,"key":"SMITH"},{"floor":32,"key":"REST"}],"neow_cost":"NONE","seed_source_timestamp":334096068994712,"circlet_count":0,"master_deck":["AscendersBane","Strike_B+1","Strike_B+1","Strike_B+1","Defend_B+1","Defend_B+1","Defend_B+1","Defend_B+1","Zap+1","Defragment+1","Capacitor","Defragment","Loop","Coolheaded+1","Hologram+1","Force Field","Cold Snap+1","Defragment+1","Conserve Battery","Undo","Recycle+1","Go for the Eyes+1"],"relics":["Cracked Core","NeowsBlessing","Molten Egg 2","Mango","Lantern","Velvet Choker","Kunai"],"potions_floor_usage":[31],"damage_taken":[{"damage":0,"enemies":"Cultist","floor":1,"turns":1},{"damage":0,"enemies":"3 Sentries","floor":6,"turns":1},{"damage":0,"enemies":"2 Louse","floor":8,"turns":1},{"damage":9,"enemies":"Small Slimes","floor":11,"turns":4},{"damage":16,"enemies":"Blue Slaver","floor":13,"turns":3},{"damage":9,"enemies":"Red Slaver","floor":14,"turns":4},{"damage":19,"enemies":"The Guardian","floor":16,"turns":9},{"damage":26,"enemies":"Chosen","floor":18,"turns":6},{"damage":7,"enemies":"2 Thieves","floor":20,"turns":4},{"damage":11,"enemies":"Snake Plant","floor":24,"turns":6},{"damage":0,"enemies":"Snecko","floor":27,"turns":10},{"damage":22,"enemies":"Shelled Parasite and Fungi","floor":30,"turns":7},{"damage":0,"enemies":"Snake Plant","floor":31,"turns":2},{"damage":31,"enemies":"Collector","floor":33,"turns":3}],"seed_played":"5050451933565185020","potions_obtained":[{"floor":8,"key":"SmokeBomb"},{"floor":11,"key":"FearPotion"},{"floor":14,"key":"SpeedPotion"}],"is_trial":false,"path_per_floor":["M","?","?","?","$","E","$","M","T","R","M","R","M","M","R","B",null,"M","$","M","?","?","R","M","$","T","M","?","R","M","M","R","B"],"character_chosen":"DEFECT","items_purchased":["Capacitor","Defragment","Conserve Battery"],"campfire_rested":1,"item_purchase_floors":[5,19,19],"current_hp_per_floor":[64,64,53,53,53,67,67,67,67,67,58,58,42,33,33,14,67,41,41,34,34,34,34,23,23,23,23,23,23,1,1,26,0],"gold":154,"neow_bonus":"THREE_ENEMY_KILL","is_prod":false,"is_daily":false,"chose_seed":false,"campfire_upgraded":5,"win_rate":0,"timestamp":1561930047,"path_taken":["M","?","?","?","$","E","?","M","T","R","M","R","?","M","R","BOSS","M","$","M","?","?","R","M","?","T","?","?","R","M","M","R","BOSS"],"build_version":"2019-01-23","purchased_purges":1,"victory":false,"max_hp_per_floor":[71,71,71,71,71,85,85,85,85,85,85,85,85,85,85,85,85,85,85,85,85,85,85,85,85,85,85,85,85,85,85,85,85],"card_choices":[{"not_picked":["Beam Cell","Blizzard"],"picked":"Defragment","floor":1},{"not_picked":["Beam Cell+1","Go for the Eyes+1"],"picked":"Defragment","floor":6},{"not_picked":["Fusion","Stack"],"picked":"Loop","floor":8},{"not_picked":["Reprogram","Barrage+1"],"picked":"Coolheaded","floor":11},{"not_picked":["Consume","Leap"],"picked":"Hologram","floor":13},{"not_picked":["Chaos","Redo"],"picked":"Force Field","floor":14},{"not_picked":["Hologram","White Noise"],"picked":"Cold Snap+1","floor":18},{"not_picked":["Coolheaded","Tempest"],"picked":"Undo","floor":20},{"not_picked":["Redo","Genetic Algorithm"],"picked":"Recycle+1","floor":24},{"not_picked":["Steam","Rebound+1"],"picked":"Go for the Eyes+1","floor":27},{"not_picked":["Fission","Go for the Eyes+1","Stack"],"picked":"SKIP","floor":30}],"player_experience":1557635,"relics_obtained":[{"floor":6,"key":"Mango"},{"floor":9,"key":"Lantern"},{"floor":26,"key":"Kunai"}],"event_choices":[{"damage_healed":0,"gold_gain":0,"player_choice":"Ignored","damage_taken":0,"max_hp_gain":0,"max_hp_loss":0,"event_name":"Liars Game","floor":2,"gold_loss":0},{"damage_healed":0,"gold_gain":0,"player_choice":"Success","damage_taken":11,"relics_obtained":["Molten Egg 2"],"max_hp_gain":0,"max_hp_loss":0,"event_name":"Scrap Ooze","floor":3,"gold_loss":0},{"cards_removed":["Dualcast"],"damage_healed":0,"gold_gain":0,"player_choice":"Card Removal","damage_taken":0,"max_hp_gain":0,"max_hp_loss":0,"event_name":"The Cleric","floor":4,"gold_loss":75},{"damage_healed":0,"gold_gain":0,"player_choice":"Ignored","damage_taken":0,"max_hp_gain":0,"max_hp_loss":0,"event_name":"Ghosts","floor":22,"gold_loss":0},{"damage_healed":0,"gold_gain":0,"player_choice":"Simplicity","damage_taken":0,"max_hp_gain":0,"max_hp_loss":0,"event_name":"Back to Basics","floor":28,"gold_loss":0,"cards_upgraded":["Strike_B","Strike_B","Strike_B","Defend_B","Defend_B","Defend_B","Defend_B"]}],"is_beta":false,"boss_relics":[{"not_picked":["FrozenCore","Pandora\u0027s Box"],"picked":"Velvet Choker"}],"items_purged_floors":[19],"is_endless":false,"potions_floor_spawned":[8,11,14,20,31],"killed_by":"Collector","ascension_level":17}