{"gold_per_floor":[114,124,143,155,155,189,189,215,240,240,269,269,285,298,298,400,400,418,418,432,451,46,74,5,5,86,100,100,112,112,127,127,127],"floor_reached":33,"playtime":1255,"items_purged":[],"score":364,"play_id":"f2f4baba-e437-4797-8fa4-5010afb7b48a","local_time":"20191006144214","is_ascension_mode":false,"campfire_choices":[{"data":"Whirlwind","floor":7,"key":"SMITH"},{"data":"Carnage","floor":10,"key":"SMITH"},{"data":"Cleave","floor":15,"key":"SMITH"},{"data":"Pommel Strike","floor":25,"key":"SMITH"},{"floor":30,"key":"REST"},{"data":"Flex","floor":32,"key":"SMITH"}],"neow_cost":"NONE","seed_source_timestamp":91749743120600,"circlet_count":0,"master_deck":["Strike_R","Strike_R","Strike_R","Strike_R+1","Defend_R","Defend_R","Defend_R","Bash","Flex+1","Anger+1","Cleave+1","Carnage+1","Whirlwind+1","Flex+1","Shockwave+1","Disarm+1","Flex+1","Uppercut","Impervious+1","Pommel Strike+1","Iron Wave","Spot Weakness+1","Perfected Strike+1","Ghostly Armor+1","Pommel Strike+1","Carnage+1","Battle Trance+1","Flex+1","Heavy Blade+1","Spot Weakness+1","Burning Pact+1","Clumsy","Heavy Blade+1","Limit Break+1"],"relics":["Black Blood","PreservedInsect","Toxic Egg 2","Whetstone","Pen Nib","Bag of Preparation","Molten Egg 2","Sundial","Pantograph"],"potions_floor_usage":[16,33,33],"damage_taken":[{"damage":13,"enemies":"Jaw Worm","floor":1,"turns":5},{"damage":7,"enemies":"2 Louse","floor":2,"turns":3},{"damage":0,"enemies":"Small Slimes","floor":3,"turns":2},{"damage":12,"enemies":"Exordium Thugs","floor":4,"turns":5},{"damage":0,"enemies":"Gremlin Nob","floor":6,"turns":2},{"damage":9,"enemies":"3 Sentries","floor":8,"turns":2},{"damage":0,"enemies":"Gremlin Nob","floor":11,"turns":2},{"damage":3,"enemies":"2 Fungi Beasts","floor":13,"turns":3},{"damage":0,"enemies":"Red Slaver","floor":14,"turns":1},{"damage":43,"enemies":"The Guardian","floor":16,"turns":5},{"damage":28,"enemies":"Shell Parasite","floor":18,"turns":5},{"damage":0,"enemies":"Spheric Guardian","floor":20,"turns":1},{"damage":6,"enemies":"Snecko","floor":21,"turns":4},{"damage":20,"enemies":"Slavers","floor":23,"turns":2},{"damage":14,"enemies":"Shelled Parasite and Fungi","floor":27,"turns":4},{"damage":18,"enemies":"Centurion and Healer","floor":29,"turns":5},{"damage":0,"enemies":"Chosen and Byrds","floor":31,"turns":3},{"damage":105,"enemies":"Automaton","floor":33,"turns":6}],"seed_played":"-6046913502472217331","potions_obtained":[{"floor":1,"key":"FearPotion"},{"floor":2,"key":"Ancient Potion"},{"floor":8,"key":"SkillPotion"},{"floor":16,"key":"BloodPotion"},{"floor":20,"key":"SteroidPotion"}],"is_trial":false,"path_per_floor":["M","M","M","M","?","E","R","E","T","R","E","?","M","M","R","B",null,"M","?","M","M","$","E","$","R","T","M","?","M","R","M","R","B"],"character_chosen":"IRONCLAD","items_purchased":["Molten Egg 2","Ghostly Armor+1","Pommel Strike+1","Carnage+1","Flex+1","Heavy Blade+1"],"campfire_rested":1,"item_purchase_floors":[22,22,22,22,24,24],"current_hp_per_floor":[73,72,78,72,72,78,78,75,75,75,80,80,80,80,80,43,80,62,62,72,76,76,66,66,66,66,62,62,54,78,80,80,0],"gold":127,"neow_bonus":"RANDOM_COMMON_RELIC","is_prod":false,"is_daily":false,"chose_seed":false,"campfire_upgraded":5,"win_rate":0.0,"timestamp":1570398134,"path_taken":["M","M","M","M","?","E","R","E","T","R","E","?","M","M","R","BOSS","M","?","M","M","$","E","?","R","T","M","?","M","R","M","R","BOSS"],"build_version":"2019-07-17","purchased_purges":0,"victory":false,"max_hp_per_floor":[80,80,80,80,80,80,80,80,80,80,80,80,80,80,80,80,80,80,80,80,80,80,80,80,80,80,80,80,80,80,80,80,80],"card_choices":[{"not_picked":["True Grit","Twin Strike"],"picked":"Flex","floor":1},{"not_picked":["Entrench","Shrug It Off"],"picked":"Anger","floor":2},{"not_picked":["Body Slam","Dropkick"],"picked":"Cleave","floor":3},{"not_picked":["Armaments","Ghostly Armor"],"picked":"Carnage","floor":4},{"not_picked":["Clothesline","Rampage"],"picked":"Whirlwind","floor":6},{"not_picked":["Pummel","Anger"],"picked":"Flex+1","floor":8},{"not_picked":["Carnage","Metallicize"],"picked":"Shockwave+1","floor":11},{"not_picked":["Hemokinesis","Entrench+1"],"picked":"Flex+1","floor":13},{"not_picked":["Juggernaut","Second Wind+1"],"picked":"Uppercut","floor":14},{"not_picked":["Offering+1","Brutality"],"picked":"Impervious+1","floor":16},{"not_picked":["Bloodletting+1","Entrench+1"],"picked":"Pommel Strike","floor":18},{"not_picked":["Thunderclap","Cleave+1"],"picked":"Spot Weakness+1","floor":20},{"not_picked":["Blood for Blood","Fire Breathing"],"picked":"Perfected Strike+1","floor":21},{"not_picked":["Thunderclap+1","Metallicize"],"picked":"Battle Trance+1","floor":23},{"not_picked":["Whirlwind+1","Ghostly Armor+1"],"picked":"Spot Weakness+1","floor":27},{"not_picked":["Clash+1","Headbutt+1"],"picked":"Heavy Blade+1","floor":29},{"not_picked":["Twin Strike+1","Body Slam+1"],"picked":"Limit Break+1","floor":31}],"player_experience":5304,"relics_obtained":[{"floor":6,"key":"Toxic Egg 2"},{"floor":8,"key":"Whetstone"},{"floor":9,"key":"Pen Nib"},{"floor":11,"key":"Bag of Preparation"},{"floor":23,"key":"Sundial"},{"floor":26,"key":"Pantograph"}],"event_choices":[{"damage_healed":0,"gold_gain":0,"player_choice":"Ignored","damage_taken":0,"max_hp_gain":0,"max_hp_loss":0,"event_name":"Golden Idol","floor":5,"gold_loss":0},{"damage_healed":0,"gold_gain":0,"cards_transformed":["Strike_R"],"player_choice":"Change","damage_taken":0,"max_hp_gain":0,"max_hp_loss":0,"event_name":"Living Wall","floor":12,"gold_loss":0,"cards_obtained":["Disarm"]},{"cards_removed":["Defend_R"],"damage_healed":0,"gold_gain":0,"player_choice":"Took Card","damage_taken":0,"max_hp_gain":0,"max_hp_loss":0,"event_name":"NoteForYourself","floor":19,"gold_loss":0,"cards_obtained":["Iron Wave"]},{"damage_healed":0,"gold_gain":0,"player_choice":"2 cards matched","damage_taken":0,"max_hp_gain":0,"max_hp_loss":0,"event_name":"Match and Keep!","floor":28,"gold_loss":0,"cards_obtained":["Burning Pact","Clumsy"]}],"is_beta":false,"boss_relics":[{"not_picked":["Runic Dome","Eternal Feather"],"picked":"Black Blood"}],"items_purged_floors":[],"is_endless":false,"potions_floor_spawned":[1,2,8,14,16,20,21,29,31],"killed_by":"Automaton","ascension_level":0}