{"gold_per_floor":[117,136,154,154,178,206,206,223,223,260,65,75,75,91,91,187,187,199,199,209,220,220],"floor_reached":22,"playtime":1256,"items_purged":[],"score":317,"play_id":"2802d175-52f9-495c-8e75-291c41a5d435","local_time":"20190303175657","is_ascension_mode":true,"campfire_choices":[{"data":"Bash","floor":7,"key":"SMITH"},{"floor":13,"key":"REST"},{"data":"Shrug It Off","floor":15,"key":"SMITH"}],"neow_cost":"NONE","seed_source_timestamp":1441733936632136,"circlet_count":0,"master_deck":["AscendersBane","Strike_R","Strike_R","Strike_R","Strike_R","Strike_R","Defend_R","Defend_R","Defend_R","Defend_R","Bash+1","Ghostly Armor","Clothesline","Spot Weakness+1","Whirlwind","Shrug It Off+1","Seeing Red","Heavy Blade","Impervious","Disarm","Writhe"],"relics":["Burning Blood","Bag of Preparation","Blood Vial","MawBank","Blue Candle","HandDrill","White Beast Statue","Turnip"],"potions_floor_usage":[20,21],"damage_taken":[{"damage":5,"enemies":"Cultist","floor":1,"turns":4},{"damage":13,"enemies":"Jaw Worm","floor":2,"turns":5},{"damage":0,"enemies":"Small Slimes","floor":3,"turns":3},{"damage":20,"enemies":"Lagavulin","floor":6,"turns":5},{"damage":0,"enemies":"2 Fungi Beasts","floor":8,"turns":2},{"damage":31,"enemies":"Gremlin Nob","floor":10,"turns":4},{"damage":16,"enemies":"Looter","floor":12,"turns":4},{"damage":10,"enemies":"Exordium Thugs","floor":14,"turns":5},{"damage":30,"enemies":"The Guardian","floor":16,"turns":15},{"damage":50,"enemies":"Spheric Guardian","floor":18,"turns":8},{"damage":22,"enemies":"Chosen","floor":20,"turns":6},{"damage":39,"enemies":"Snake Plant","floor":21,"turns":6},{"damage":18,"enemies":"Centurion and Healer","floor":22,"turns":5}],"seed_played":"3428776208975772593","potions_obtained":[{"floor":2,"key":"FairyPotion"},{"floor":6,"key":"BloodPotion"},{"floor":20,"key":"Regen Potion"},{"floor":21,"key":"SpeedPotion"}],"is_trial":false,"path_per_floor":["M","M","M","?","T","E","R","M","T","E","$","M","R","M","R","B",null,"M","?","M","M","M"],"character_chosen":"IRONCLAD","items_purchased":["HandDrill"],"campfire_rested":1,"item_purchase_floors":[11],"current_hp_per_floor":[81,74,80,80,80,66,66,74,74,51,51,43,69,67,67,45,77,35,35,29,7,3],"gold":220,"neow_bonus":"TEN_PERCENT_HP_BONUS","is_prod":false,"is_daily":false,"chose_seed":false,"campfire_upgraded":2,"win_rate":0,"timestamp":1551664617,"path_taken":["M","M","M","?","?","E","R","M","T","E","$","M","R","M","R","BOSS","M","?","M","M","M"],"build_version":"2019-01-23","purchased_purges":0,"victory":false,"max_hp_per_floor":[88,88,88,88,88,88,88,88,88,88,88,88,88,88,88,88,88,88,88,88,88,88],"card_choices":[{"not_picked":["Cleave","Body Slam"],"picked":"Ghostly Armor","floor":1},{"not_picked":["Havoc","Headbutt"],"picked":"Clothesline","floor":2},{"not_picked":["Wild Strike","Body Slam"],"picked":"Spot Weakness","floor":3},{"not_picked":["Anger","Dual Wield"],"picked":"Whirlwind","floor":6},{"not_picked":["Flex","Battle Trance"],"picked":"Shrug It Off","floor":8},{"not_picked":["Metallicize","Reaper"],"picked":"Seeing Red","floor":10},{"not_picked":["Clash","Perfected Strike"],"picked":"Heavy Blade","floor":12},{"not_picked":["Flex","Thunderclap","Rupture"],"picked":"SKIP","floor":14},{"not_picked":["Reaper","Offering"],"picked":"Impervious","floor":16},{"not_picked":["Uppercut+1","Rupture"],"picked":"Disarm","floor":18},{"not_picked":["Second Wind","Burning Pact","Fire Breathing"],"picked":"SKIP","floor":20},{"not_picked":["Warcry","Clash","Uppercut"],"picked":"SKIP","floor":21}],"player_experience":611892,"relics_obtained":[{"floor":5,"key":"Bag of Preparation"},{"floor":6,"key":"Blood Vial"},{"floor":9,"key":"MawBank"},{"floor":10,"key":"Blue Candle"}],"event_choices":[{"damage_healed":0,"gold_gain":0,"player_choice":"Grow","damage_taken":0,"max_hp_gain":0,"max_hp_loss":0,"event_name":"Living Wall","floor":4,"gold_loss":0,"cards_upgraded":["Spot Weakness"]},{"damage_healed":0,"gold_gain":0,"player_choice":"Opened","damage_taken":0,"relics_obtained":["Turnip"],"max_hp_gain":0,"max_hp_loss":0,"event_name":"The Mausoleum","floor":19,"gold_loss":0,"cards_obtained":["Writhe"]}],"is_beta":false,"boss_relics":[{"not_picked":["Calling Bell","Pandora\u0027s Box"],"picked":"White Beast Statue"}],"items_purged_floors":[],"is_endless":false,"potions_floor_spawned":[2,6,10,14,16,18,20,21],"killed_by":"Centurion and Healer","ascension_level":12}