{"gold_per_floor":[213,226,244,244,259,292,292,309,309,309,326,340,340,357,357,428,428,440,440,458,73,91,91,116,129,129,139,139,173,193,210,210,210],"floor_reached":33,"playtime":1705,"items_purged":["Strike_R"],"score":502,"play_id":"3d6e5080-cddf-41ad-bd64-5cff93a0e2da","local_time":"20190816223002","is_ascension_mode":true,"campfire_choices":[{"floor":7,"key":"REST"},{"floor":13,"key":"REST"},{"data":"Body Slam","floor":15,"key":"SMITH"},{"floor":23,"key":"REST"},{"floor":28,"key":"REST"},{"data":"Whirlwind","floor":32,"key":"SMITH"}],"neow_cost":"NONE","seed_source_timestamp":244443275254594,"circlet_count":0,"master_deck":["AscendersBane","Strike_R","Strike_R","Strike_R","Strike_R","Defend_R","Defend_R","Defend_R+1","Defend_R","Bash+1","Sword Boomerang","Cleave","Body Slam+1","Sword Boomerang","Seeing Red","Sword Boomerang","Reaper","Ghostly Armor","Whirlwind+1","Immolate","Cleave","Twin Strike","Feed","Sentinel+1","Feed","Evolve+1","Shrug It Off","Flame Barrier","Shrug It Off","Flame Barrier+1","True Grit","Flame Barrier"],"relics":["Burning Blood","Pantograph","Blue Candle","Prayer Wheel","Snecko Eye","FossilizedHelix","Oddly Smooth Stone","Paper Frog","Nunchaku"],"potions_floor_usage":[6,16,16,20,20,27,31],"damage_taken":[{"damage":11,"enemies":"2 Louse","floor":1,"turns":3},{"damage":11,"enemies":"Jaw Worm","floor":2,"turns":4},{"damage":6,"enemies":"Cultist","floor":3,"turns":4},{"damage":5,"enemies":"Large Slime","floor":5,"turns":5},{"damage":29,"enemies":"3 Sentries","floor":6,"turns":8},{"damage":15,"enemies":"Red Slaver","floor":8,"turns":3},{"damage":10,"enemies":"Exordium Wildlife","floor":11,"turns":3},{"damage":16,"enemies":"3 Louse","floor":12,"turns":4},{"damage":0,"enemies":"Lots of Slimes","floor":14,"turns":1},{"damage":28,"enemies":"Slime Boss","floor":16,"turns":8},{"damage":36,"enemies":"2 Thieves","floor":18,"turns":4},{"damage":3,"enemies":"Spheric Guardian","floor":20,"turns":3},{"damage":31,"enemies":"Snake Plant","floor":22,"turns":5},{"damage":29,"enemies":"Gremlin Leader","floor":24,"turns":7},{"damage":23,"enemies":"Snecko","floor":25,"turns":5},{"damage":13,"enemies":"Cultist and Chosen","floor":27,"turns":6},{"damage":36,"enemies":"Slavers","floor":29,"turns":5},{"damage":35,"enemies":"3 Cultists","floor":30,"turns":5},{"damage":28,"enemies":"Snake Plant","floor":31,"turns":5},{"damage":94,"enemies":"Automaton","floor":33,"turns":10}],"seed_played":"-4933507779884156981","potions_obtained":[{"floor":3,"key":"Dexterity Potion"},{"floor":6,"key":"LiquidBronze"},{"floor":8,"key":"SpeedPotion"},{"floor":14,"key":"Strength Potion"},{"floor":18,"key":"BloodPotion"},{"floor":19,"key":"Fire Potion"},{"floor":20,"key":"BloodPotion"},{"floor":25,"key":"Poison Potion"},{"floor":31,"key":"Ancient Potion"}],"is_trial":false,"path_per_floor":["M","M","M","?","M","E","R","M","T","T","M","M","R","M","R","B",null,"M","?","M","$","M","R","E","M","T","M","R","E","M","M","R","B"],"character_chosen":"IRONCLAD","items_purchased":["FossilizedHelix"],"campfire_rested":4,"item_purchase_floors":[21],"current_hp_per_floor":[63,58,58,43,44,21,43,34,34,34,30,32,54,60,60,61,72,42,42,67,67,48,71,60,49,49,45,69,60,42,48,48,0],"gold":210,"neow_bonus":"HUNDRED_GOLD","is_prod":false,"is_daily":false,"chose_seed":false,"campfire_upgraded":2,"win_rate":0,"timestamp":1566019802,"path_taken":["M","M","M","?","M","E","R","M","T","?","M","?","R","M","R","BOSS","M","?","M","$","M","R","E","?","T","M","R","E","M","M","R","BOSS"],"build_version":"2019-07-17","purchased_purges":1,"victory":false,"max_hp_per_floor":[75,75,75,75,75,75,75,75,75,75,75,75,75,75,75,75,75,75,75,75,75,78,78,78,78,78,81,81,87,90,93,93,93],"card_choices":[{"not_picked":["Thunderclap","Feel No Pain"],"picked":"Sword Boomerang","floor":1},{"not_picked":["Iron Wave","Armaments"],"picked":"Cleave","floor":2},{"not_picked":["Fire Breathing","Clash"],"picked":"Body Slam","floor":3},{"not_picked":["Warcry","Body Slam"],"picked":"Sword Boomerang","floor":5},{"not_picked":["Shockwave","Infernal Blade"],"picked":"Seeing Red","floor":6},{"not_picked":["Burning Pact","Warcry"],"picked":"Sword Boomerang","floor":8},{"not_picked":["Intimidate","Clothesline"],"picked":"Reaper","floor":11},{"not_picked":["Flex","Heavy Blade"],"picked":"Ghostly Armor","floor":11},{"not_picked":["Sword Boomerang","Body Slam"],"picked":"Whirlwind","floor":12},{"not_picked":["Battle Trance","Pummel"],"picked":"Immolate","floor":12},{"not_picked":["Bloodletting","Flex"],"picked":"Cleave","floor":14},{"not_picked":["Second Wind","Headbutt"],"picked":"Twin Strike","floor":14},{"not_picked":["Berserk","Immolate"],"picked":"Feed","floor":16},{"not_picked":["Thunderclap","Havoc"],"picked":"Sentinel+1","floor":18},{"not_picked":["Sever Soul","Havoc","Clash"],"picked":"SKIP","floor":18},{"not_picked":["Whirlwind","Sword Boomerang","Anger"],"picked":"SKIP","floor":20},{"not_picked":["Flex","Anger","Havoc"],"picked":"SKIP","floor":20},{"not_picked":["Disarm","Shrug It Off"],"picked":"Feed","floor":22},{"not_picked":["Rupture","Sword Boomerang","Wild Strike"],"picked":"SKIP","floor":22},{"not_picked":["Iron Wave","Dropkick+1"],"picked":"Evolve+1","floor":24},{"not_picked":["Clothesline","Corruption"],"picked":"Shrug It Off","floor":25},{"not_picked":["Bloodletting","Flex","Uppercut"],"picked":"SKIP","floor":25},{"not_picked":["Warcry","Armaments"],"picked":"Flame Barrier","floor":27},{"not_picked":["Headbutt","Armaments"],"picked":"Shrug It Off","floor":27},{"not_picked":["Havoc","Corruption","Twin Strike"],"picked":"SKIP","floor":29},{"not_picked":["Wild Strike","True Grit"],"picked":"Flame Barrier+1","floor":30},{"not_picked":["Pommel Strike","Limit Break"],"picked":"True Grit","floor":30},{"not_picked":["Warcry","Fire Breathing"],"picked":"Flame Barrier","floor":31},{"not_picked":["Heavy Blade","Body Slam","Headbutt+1"],"picked":"SKIP","floor":31}],"player_experience":722836,"relics_obtained":[{"floor":6,"key":"Pantograph"},{"floor":9,"key":"Blue Candle"},{"floor":10,"key":"Prayer Wheel"},{"floor":24,"key":"Oddly Smooth Stone"},{"floor":26,"key":"Paper Frog"},{"floor":29,"key":"Nunchaku"}],"event_choices":[{"damage_healed":0,"gold_gain":0,"player_choice":"Entered Light","damage_taken":15,"max_hp_gain":0,"max_hp_loss":0,"event_name":"Shining Light","floor":4,"gold_loss":0,"cards_upgraded":["Bash","Defend_R"]},{"damage_healed":0,"gold_gain":0,"player_choice":"Got Potions","damage_taken":0,"max_hp_gain":0,"max_hp_loss":0,"event_name":"Lab","floor":19,"gold_loss":0}],"is_beta":false,"boss_relics":[{"not_picked":["Mark of Pain","Fusion Hammer"],"picked":"Snecko Eye"}],"items_purged_floors":[21],"is_endless":false,"potions_floor_spawned":[3,6,8,14,18,20,25,31],"killed_by":"Automaton","ascension_level":14}