{"gold_per_floor":[112,112,128,144,144,178,128,144,198,209,179,195,195,215,215,215,215,230,230,243,262,11,11,26,38,38,38,38,38,38],"floor_reached":30,"playtime":2218,"items_purged":["Strike_G"],"score":234,"play_id":"58f46725-7123-4b31-bc34-4d096bc10200","local_time":"20190918195059","is_ascension_mode":false,"campfire_choices":[{"data":"Choke","floor":13,"key":"SMITH"},{"floor":15,"key":"REST"},{"floor":23,"key":"REST"},{"floor":27,"key":"REST"}],"neow_cost":"NONE","seed_source_timestamp":588171465935900,"circlet_count":0,"master_deck":["Defend_G","Defend_G","Defend_G","Defend_G","Defend_G","Survivor","Neutralize","Sucker Punch","Predator+1","Acrobatics","Leg Sweep","Deadly Poison","Slice","Choke+1","Dagger Spray","Die Die Die","Phantasmal Killer+1","Riddle With Holes+1","Riddle With Holes+1","Burst+1","Noxious Fumes","Sucker Punch+1","Blade Dance","Night Terror","Bandage Up","Blade Dance","Acrobatics"],"relics":["Ring of the Snake","Gremlin Horn","Vajra","Astrolabe","Smiling Mask","Happy Flower"],"potions_floor_usage":[6,8,16,16,21],"damage_taken":[{"damage":1,"enemies":"Cultist","floor":1,"turns":4},{"damage":0,"enemies":"Jaw Worm","floor":3,"turns":5},{"damage":0,"enemies":"2 Louse","floor":4,"turns":2},{"damage":30,"enemies":"Gremlin Nob","floor":6,"turns":6},{"damage":10,"enemies":"Exordium Thugs","floor":8,"turns":7},{"damage":0,"enemies":"2 Fungi Beasts","floor":10,"turns":3},{"damage":0,"enemies":"Looter","floor":11,"turns":4},{"damage":10,"enemies":"Gremlin Gang","floor":12,"turns":4},{"damage":4,"enemies":"Exordium Thugs","floor":14,"turns":6},{"damage":16,"enemies":"Slime Boss","floor":16,"turns":5},{"damage":22,"enemies":"Shell Parasite","floor":18,"turns":7},{"damage":19,"enemies":"3 Byrds","floor":20,"turns":4},{"damage":20,"enemies":"Shelled Parasite and Fungi","floor":21,"turns":5},{"damage":11,"enemies":"Snecko","floor":24,"turns":3},{"damage":18,"enemies":"Cultist and Chosen","floor":25,"turns":6},{"damage":43,"enemies":"Slavers","floor":30,"turns":2}],"seed_played":"-3676548337136732514","potions_obtained":[{"floor":2,"key":"Regen Potion"},{"floor":2,"key":"Weak Potion"},{"floor":2,"key":"FearPotion"},{"floor":12,"key":"Poison Potion"},{"floor":14,"key":"Weak Potion"},{"floor":18,"key":"PowerPotion"}],"is_trial":false,"path_per_floor":["M","?","M","M","?","E","?","M","T","M","M","M","R","M","R","B",null,"M","?","M","M","$","R","M","M","T","R","?","?","E"],"character_chosen":"THE_SILENT","items_purchased":["Night Terror","Bandage Up"],"campfire_rested":3,"item_purchase_floors":[22,22],"current_hp_per_floor":[76,76,76,76,76,46,46,51,51,51,51,41,41,37,60,44,77,55,55,36,16,16,39,32,18,18,41,41,41,0],"gold":38,"neow_bonus":"TEN_PERCENT_HP_BONUS","is_prod":false,"is_daily":false,"chose_seed":false,"campfire_upgraded":1,"win_rate":0.0,"timestamp":1568854259,"path_taken":["M","?","M","?","?","E","?","M","T","?","M","M","R","M","R","BOSS","M","?","M","?","$","R","M","M","T","R","?","?","E"],"build_version":"2019-07-17","purchased_purges":1,"victory":false,"max_hp_per_floor":[77,77,77,77,77,77,77,77,77,77,77,77,77,77,77,77,77,77,77,77,77,77,77,77,77,77,77,77,77,77],"card_choices":[{"not_picked":["Backflip","Caltrops"],"picked":"Sucker Punch","floor":1},{"not_picked":["Backflip","Underhanded Strike"],"picked":"Predator","floor":3},{"not_picked":["Backflip","Calculated Gamble"],"picked":"Acrobatics","floor":4},{"not_picked":["Quick Slash","Bouncing Flask"],"picked":"Leg Sweep","floor":6},{"not_picked":["Flechettes","Acrobatics"],"picked":"Deadly Poison","floor":8},{"not_picked":["Dagger Throw","Bane"],"picked":"Slice","floor":10},{"not_picked":["PiercingWail","Predator"],"picked":"Choke","floor":11},{"not_picked":["Leg Sweep","Acrobatics"],"picked":"Dagger Spray","floor":12},{"not_picked":["Deadly Poison","Underhanded Strike"],"picked":"Die Die Die","floor":14},{"not_picked":["Tools of the Trade","Die Die Die"],"picked":"Phantasmal Killer","floor":16},{"not_picked":["Bane+1","PiercingWail"],"picked":"Noxious Fumes","floor":18},{"not_picked":["Poisoned Stab","Backflip"],"picked":"Sucker Punch+1","floor":20},{"not_picked":["Predator","Venomology"],"picked":"Blade Dance","floor":21},{"not_picked":["Terror","Expertise"],"picked":"Blade Dance","floor":24},{"not_picked":["Eviscerate","Dodge and Roll+1"],"picked":"Acrobatics","floor":25}],"player_experience":57454,"relics_obtained":[{"floor":6,"key":"Gremlin Horn"},{"floor":9,"key":"Vajra"},{"floor":26,"key":"Smiling Mask"}],"event_choices":[{"damage_healed":0,"gold_gain":0,"player_choice":"Got Potions","damage_taken":0,"max_hp_gain":0,"max_hp_loss":0,"event_name":"Lab","floor":2,"gold_loss":0},{"damage_healed":0,"gold_gain":0,"player_choice":"Grow","damage_taken":0,"max_hp_gain":0,"max_hp_loss":0,"event_name":"Living Wall","floor":5,"gold_loss":0,"cards_upgraded":["Predator"]},{"cards_removed":["Strike_G"],"damage_healed":0,"gold_gain":0,"player_choice":"Card Removal","damage_taken":0,"max_hp_gain":0,"max_hp_loss":0,"event_name":"The Cleric","floor":7,"gold_loss":50},{"damage_healed":0,"gold_gain":0,"player_choice":"Forge","damage_taken":0,"max_hp_gain":0,"max_hp_loss":0,"event_name":"Accursed Blacksmith","floor":19,"gold_loss":0,"cards_upgraded":["Phantasmal Killer"]},{"damage_healed":0,"gold_gain":0,"player_choice":"Ignored","damage_taken":0,"max_hp_gain":0,"max_hp_loss":0,"event_name":"Ghosts","floor":28,"gold_loss":0},{"damage_healed":0,"gold_gain":0,"player_choice":"Gave Potion","damage_taken":0,"relics_obtained":["Happy Flower"],"max_hp_gain":0,"max_hp_loss":0,"event_name":"WeMeetAgain","floor":29,"gold_loss":0}],"is_beta":false,"boss_relics":[{"not_picked":["Runic Dome","Philosopher\u0027s Stone"],"picked":"Astrolabe"}],"items_purged_floors":[22],"is_endless":false,"potions_floor_spawned":[3,4,12,14,18],"killed_by":"Slavers","ascension_level":0}