{"gold_per_floor":[110,35,46,46,62,62,72,90,117,131,147,147,147,29,29,103,103,115,115,41,0],"floor_reached":21,"playtime":1105,"items_purged":["Strike_B"],"score":447,"play_id":"b9876676-4fab-41cd-834d-c7979e7318ef","local_time":"20190223180758","is_ascension_mode":true,"campfire_choices":[{"data":"Zap","floor":6,"key":"SMITH"},{"data":"Hologram","floor":12,"key":"SMITH"},{"data":"Coolheaded","floor":15,"key":"SMITH"}],"neow_cost":"NONE","seed_source_timestamp":0,"circlet_count":0,"master_deck":["AscendersBane","Strike_B","Defend_B","Defend_B","Defend_B","Defend_B","Zap+1","Ball Lightning","Enlightenment","Coolheaded+1","Glacier","Hologram+1","Self Repair","Cold Snap","Machine Learning","Capacitor"],"special_seed":0,"relics":["Cracked Core","PreservedInsect","Empty Cage"],"potions_floor_usage":[11,16,16],"damage_taken":[{"damage":1,"enemies":"Cultist","floor":1,"turns":4},{"damage":8,"enemies":"2 Louse","floor":3,"turns":3},{"damage":9,"enemies":"Jaw Worm","floor":5,"turns":3},{"damage":7,"enemies":"3 Louse","floor":7,"turns":3},{"damage":4,"enemies":"Red Slaver","floor":8,"turns":3},{"damage":0,"enemies":"2 Fungi Beasts","floor":10,"turns":4},{"damage":0,"enemies":"3 Louse","floor":11,"turns":4},{"damage":22,"enemies":"The Guardian","floor":16,"turns":15},{"damage":22,"enemies":"Chosen","floor":18,"turns":7},{"damage":19,"enemies":"2 Thieves","floor":21,"turns":3}],"seed_played":"-8478487236980240102","potions_obtained":[{"floor":1,"key":"SpeedPotion"},{"floor":10,"key":"Swift Potion"},{"floor":11,"key":"Weak Potion"}],"is_trial":false,"path_per_floor":["M","$","M","?","M","R","M","M","T","M","M","R","?","$","R","B",null,"M","?","$","M"],"character_chosen":"DEFECT","items_purchased":["Self Repair","Cold Snap","Capacitor"],"campfire_rested":0,"item_purchase_floors":[14,14,20],"current_hp_per_floor":[67,67,59,59,50,50,43,39,39,39,39,39,39,39,39,24,62,47,33,33,14],"gold":0,"neow_bonus":"REMOVE_CARD","is_prod":false,"is_daily":false,"chose_seed":false,"campfire_upgraded":3,"win_rate":0,"timestamp":1550974078,"path_taken":["M","$","?","?","M","R","M","?","T","M","M","R","?","$","R","BOSS","M","?","$","M"],"build_version":"2019-01-23","purchased_purges":1,"victory":false,"max_hp_per_floor":[75,75,75,75,75,75,75,75,75,75,75,75,75,75,75,75,75,75,80,80,80],"card_choices":[{"not_picked":["BootSequence","Go for the Eyes","Beam Cell"],"picked":"SKIP","floor":1},{"not_picked":["Stack","Redo"],"picked":"Ball Lightning","floor":3},{"not_picked":["Sweeping Beam","Auto Shields"],"picked":"Coolheaded","floor":5},{"not_picked":["Consume","Force Field"],"picked":"Glacier","floor":7},{"not_picked":["Sweeping Beam","Turbo"],"picked":"Hologram","floor":8},{"not_picked":["Rebound","Compile Driver","All For One"],"picked":"SKIP","floor":10},{"not_picked":["Genetic Algorithm","Reprogram","Steam"],"picked":"SKIP","floor":11},{"not_picked":["Hyperbeam","Seek"],"picked":"Machine Learning","floor":16},{"not_picked":["Gash","Reprogram","Conserve Battery"],"picked":"SKIP","floor":18}],"player_experience":1186862,"relics_obtained":[{"floor":9,"key":"PreservedInsect"}],"event_choices":[{"damage_healed":0,"gold_gain":0,"player_choice":"1 cards matched","damage_taken":0,"max_hp_gain":0,"max_hp_loss":0,"event_name":"Match and Keep!","floor":4,"gold_loss":0,"cards_obtained":["Enlightenment"]},{"damage_healed":0,"gold_gain":0,"player_choice":"Ignored","damage_taken":0,"max_hp_gain":0,"max_hp_loss":0,"event_name":"Liars Game","floor":13,"gold_loss":0},{"damage_healed":0,"gold_gain":0,"player_choice":"Shed Blood","damage_taken":19,"max_hp_gain":5,"max_hp_loss":0,"event_name":"Forgotten Altar","floor":19,"gold_loss":0}],"is_beta":false,"boss_relics":[{"not_picked":["White Beast Statue","Lizard Tail"],"picked":"Empty Cage"}],"items_purged_floors":[2],"is_endless":false,"potions_floor_spawned":[1,10,11],"killed_by":"2 Thieves","ascension_level":13}