{"gold_per_floor":[211,211,230,30,44,44,63,63,63,87,97,97,97,114,114,191,191,208,219,219,52,52,52,52,52,75,174,51,51],"floor_reached":29,"playtime":1483,"items_purged":["Dualcast","Strike_B","Strike_B"],"score":348,"play_id":"45505ecc-b2e0-4712-adef-7eeb61e1af87","local_time":"20190223194548","is_ascension_mode":true,"campfire_choices":[{"data":"Zap","floor":6.0,"key":"SMITH"},{"data":"Hologram","floor":8.0,"key":"SMITH"},{"data":"Double Energy","floor":13.0,"key":"SMITH"},{"floor":15.0,"key":"REST"},{"floor":23,"key":"REST"},{"data":"Loop","floor":25,"key":"SMITH"}],"neow_cost":"NONE","seed_source_timestamp":0,"circlet_count":0,"master_deck":["AscendersBane","Strike_B","Strike_B","Defend_B","Defend_B","Defend_B","Defend_B","Zap+1","Double Energy+1","Hologram+1","FTL","Chill","Machine Learning","Capacitor","Loop+1","Glacier"],"special_seed":0,"relics":["Cracked Core","Symbiotic Virus","Orichalcum","Odd Mushroom","Bronze Scales","Philosopher\u0027s Stone","Smiling Mask"],"potions_floor_usage":[20],"damage_taken":[{"damage":1.0,"enemies":"Cultist","floor":1.0,"turns":3.0},{"damage":1.0,"enemies":"2 Louse","floor":3.0,"turns":3.0},{"damage":4.0,"enemies":"Jaw Worm","floor":5.0,"turns":4.0},{"damage":6.0,"enemies":"Blue Slaver","floor":7.0,"turns":3.0},{"damage":3.0,"enemies":"The Mushroom Lair","floor":10.0,"turns":4.0},{"damage":4.0,"enemies":"Exordium Wildlife","floor":11.0,"turns":4.0},{"damage":3.0,"enemies":"2 Fungi Beasts","floor":14.0,"turns":2.0},{"damage":56.0,"enemies":"Slime Boss","floor":16.0,"turns":13.0},{"damage":21.0,"enemies":"2 Thieves","floor":18.0,"turns":4.0},{"damage":2.0,"enemies":"Chosen","floor":19.0,"turns":6.0},{"damage":33,"enemies":"Colosseum Slavers","floor":20,"turns":5},{"damage":30,"enemies":"3 Cultists","floor":29,"turns":6}],"seed_played":"-700868148336664089","potions_obtained":[{"floor":1.0,"key":"Regen Potion"},{"floor":7.0,"key":"EssenceOfSteel"},{"floor":14.0,"key":"Strength Potion"},{"floor":16.0,"key":"SkillPotion"},{"floor":19.0,"key":"GamblersBrew"}],"is_trial":false,"path_per_floor":["M","?","M","$","M","R","M","R","T","?","M","?","R","M","R","B",null,"M","M","?","$","?","R","$","R","T","?","$","M"],"character_chosen":"DEFECT","items_purchased":["Double Energy","Hologram","Loop","Glacier"],"campfire_rested":2,"item_purchase_floors":[4,4,21,28],"current_hp_per_floor":[67,67,66,66,62,62,56,56,56,53,49,42,42,39,61,5,58,37,35,2,2,2,24,24,24,24,24,24,0],"gold":51,"neow_bonus":"HUNDRED_GOLD","is_prod":false,"is_daily":false,"chose_seed":false,"campfire_upgraded":4,"win_rate":0,"timestamp":1550979948,"path_taken":["M","?","M","$","?","R","M","R","T","?","M","?","R","M","R","BOSS","M","M","?","$","?","R","$","R","T","?","?","?"],"build_version":"2019-01-23","purchased_purges":3,"victory":false,"max_hp_per_floor":[75,75,75,75,75,75,75,75,75,75,75,75,75,75,75,75,75,75,75,75,75,75,75,75,75,75,75,75,75],"card_choices":[{"not_picked":["Melter","Sweeping Beam","Chaos"],"picked":"SKIP","floor":1.0},{"not_picked":["Auto Shields","Beam Cell","Chaos"],"picked":"SKIP","floor":3.0},{"not_picked":["Sweeping Beam","Hologram"],"picked":"FTL","floor":5.0},{"not_picked":["Redo","Go for the Eyes"],"picked":"Chill","floor":7.0},{"not_picked":["Conserve Battery","Go for the Eyes","Turbo"],"picked":"SKIP","floor":11.0},{"not_picked":["Leap","FTL","Steam"],"picked":"SKIP","floor":14.0},{"not_picked":["All For One","Seek"],"picked":"Machine Learning","floor":16.0},{"not_picked":["Sweeping Beam","Ball Lightning"],"picked":"Capacitor","floor":18.0},{"not_picked":["Beam Cell","Consume","Heatsinks"],"picked":"SKIP","floor":19.0}],"player_experience":1187967,"relics_obtained":[{"floor":9.0,"key":"Orichalcum"},{"floor":10.0,"key":"Odd Mushroom"},{"floor":26,"key":"Smiling Mask"}],"event_choices":[{"damage_healed":0.0,"max_hp_gain":0.0,"max_hp_loss":0.0,"gold_gain":0.0,"event_name":"WeMeetAgain","player_choice":"Gave Potion","floor":2.0,"gold_loss":0.0,"damage_taken":0.0,"relics_obtained":["Symbiotic Virus"]},{"damage_healed":0.0,"max_hp_gain":0.0,"max_hp_loss":0.0,"gold_gain":0.0,"event_name":"Mushrooms","player_choice":"Fought Mushrooms","floor":10.0,"gold_loss":0.0,"damage_taken":0.0},{"damage_healed":0.0,"max_hp_gain":0.0,"max_hp_loss":0.0,"gold_gain":0.0,"event_name":"Scrap Ooze","player_choice":"Success","floor":12.0,"gold_loss":0.0,"damage_taken":7.0,"relics_obtained":["Bronze Scales"]},{"damage_healed":0,"gold_gain":0,"player_choice":"Fight","damage_taken":0,"max_hp_gain":0,"max_hp_loss":0,"event_name":"Colosseum","floor":20,"gold_loss":0},{"damage_healed":0,"gold_gain":0,"player_choice":"Fled From Nobs","damage_taken":0,"max_hp_gain":0,"max_hp_loss":0,"event_name":"Colosseum","floor":20,"gold_loss":0},{"damage_healed":0,"gold_gain":0,"player_choice":"Ignored","damage_taken":0,"max_hp_gain":0,"max_hp_loss":0,"event_name":"Ghosts","floor":22,"gold_loss":0},{"damage_healed":0,"gold_gain":99,"player_choice":"Stole From Cult","damage_taken":0,"max_hp_gain":0,"max_hp_loss":0,"event_name":"Nest","floor":27,"gold_loss":0}],"is_beta":false,"boss_relics":[{"not_picked":["Runic Dome","Astrolabe"],"picked":"Philosopher\u0027s Stone"}],"items_purged_floors":[4,21,28],"is_endless":false,"potions_floor_spawned":[1,7,14,16,19,20],"killed_by":"3 Cultists","ascension_level":13}