{"gold_per_floor":[115,125,56,73,73,98,98,113,113,140,15,15,15,26,26,26],"floor_reached":16,"playtime":879,"items_purged":[],"score":110,"play_id":"ec0ccf01-7bd6-48a0-a514-882d001ef885","local_time":"20191007192237","is_ascension_mode":false,"campfire_choices":[{"data":"Corruption","floor":7,"key":"SMITH"},{"floor":12,"key":"REST"},{"floor":13,"key":"REST"},{"data":"Dark Embrace","floor":15,"key":"SMITH"}],"neow_cost":"NONE","seed_source_timestamp":195349370231400,"circlet_count":0,"master_deck":["Strike_R","Strike_R","Strike_R","Strike_R","Strike_R","Defend_R","Defend_R","Defend_R","Bash","Spot Weakness","Armaments","Carnage","Dark Embrace+1","Defend_R","Corruption+1","Clash","Flex","Infernal Blade","True Grit","Offering","Pummel"],"relics":["Burning Blood","Frozen Egg 2","WingedGreaves","Prayer Wheel"],"potions_floor_usage":[10,16],"damage_taken":[{"damage":2,"enemies":"2 Louse","floor":1,"turns":3},{"damage":11,"enemies":"Cultist","floor":2,"turns":5},{"damage":6,"enemies":"Small Slimes","floor":4,"turns":4},{"damage":39,"enemies":"Lagavulin","floor":6,"turns":7},{"damage":27,"enemies":"Exordium Thugs","floor":8,"turns":5},{"damage":28,"enemies":"Gremlin Nob","floor":10,"turns":4},{"damage":5,"enemies":"Looter","floor":14,"turns":3},{"damage":61,"enemies":"The Guardian","floor":16,"turns":5}],"seed_played":"-26543043999761894","potions_obtained":[{"floor":6,"key":"FearPotion"},{"floor":14,"key":"PowerPotion"}],"is_trial":false,"path_per_floor":["M","M","$","M","?","E","R","M","T","E","$","R","R","M","R","B"],"character_chosen":"IRONCLAD","items_purchased":["Carnage","Infernal Blade","True Grit"],"campfire_rested":2,"item_purchase_floors":[3,11,11],"current_hp_per_floor":[88,83,83,83,83,50,50,29,29,7,7,33,59,60,60,0],"gold":26,"neow_bonus":"TEN_PERCENT_HP_BONUS","is_prod":false,"is_daily":false,"chose_seed":false,"campfire_upgraded":2,"win_rate":0.0,"timestamp":1570501357,"path_taken":["M","M","$","M","?","E","R","M","T","E","$","R","R","M","R","BOSS"],"build_version":"2019-07-17","purchased_purges":0,"victory":false,"max_hp_per_floor":[88,88,88,88,88,88,88,88,88,88,88,88,88,88,88,88],"card_choices":[{"not_picked":["Anger","Body Slam"],"picked":"Spot Weakness","floor":1},{"not_picked":["Power Through","Wild Strike"],"picked":"Armaments","floor":2},{"not_picked":["Heavy Blade","Body Slam"],"picked":"Dark Embrace","floor":4},{"not_picked":["Whirlwind","Rage"],"picked":"Corruption","floor":6},{"not_picked":["Thunderclap","Reckless Charge"],"picked":"Clash","floor":8},{"not_picked":["Disarm","Cleave"],"picked":"Flex","floor":10},{"not_picked":["Corruption+1","Combust+1"],"picked":"Offering","floor":14},{"not_picked":["Thunderclap","Battle Trance"],"picked":"Pummel","floor":14}],"player_experience":22821,"relics_obtained":[{"floor":6,"key":"Frozen Egg 2"},{"floor":9,"key":"WingedGreaves"},{"floor":10,"key":"Prayer Wheel"}],"event_choices":[{"cards_removed":["Defend_R"],"damage_healed":0,"gold_gain":0,"player_choice":"Took Card","damage_taken":0,"max_hp_gain":0,"max_hp_loss":0,"event_name":"NoteForYourself","floor":5,"gold_loss":0,"cards_obtained":["Defend_R"]}],"is_beta":false,"boss_relics":[],"items_purged_floors":[],"is_endless":false,"potions_floor_spawned":[6,14],"killed_by":"The Guardian","ascension_level":0}