{"path_per_floor":["M","M","M","M","M","E","R","?","T","R","E","M","E","M","R","B",null,"M","M","M","M","?","R","?","R","T","M","M"],"character_chosen":"THE_SILENT","items_purchased":[],"gold_per_floor":[110,127,146,162,152,177,177,177,254,254,287,305,332,344,344,449,449,464,476,496,506,506,506,476,476,557,572,585,585],"floor_reached":29,"campfire_rested":3,"playtime":1963,"current_hp_per_floor":[70,69,66,66,66,63,63,63,63,63,59,59,48,48,69,33,70,52,52,26,1,1,22,22,43,43,10,6,0],"items_purged":[],"gold":585,"score":264,"play_id":"d09ff5a2-2db5-4df4-b4d8-e4d9162967cc","local_time":"20180425110735","is_prod":false,"is_daily":false,"chose_seed":false,"is_ascension_mode":true,"campfire_upgraded":2,"timestamp":1524679655,"path_taken":["M","M","M","M","M","E","R","?","T","R","E","M","E","M","R","BOSS","M","M","M","M","?","R","?","R","T","M","M","M"],"build_version":"2018-04-19","seed_source_timestamp":740154843234511,"purchased_purges":0,"victory":false,"master_deck":["Defend_G","Defend_G","Defend_G","Defend_G","Defend_G","Strike_G","Strike_G","Strike_G","Strike_G","Strike_G","Survivor","Neutralize+1","Parasite","Die Die Die","Blur","Backflip","Flying Knee","Skewer+1","PiercingWail","After Image","Terror","Dagger Throw","Distraction","Doppelganger","Crippling Poison","Dagger Throw+1","PiercingWail+1","Acrobatics+1"],"max_hp_per_floor":[70,70,70,70,70,70,70,70,70,70,70,70,70,70,70,70,70,70,70,70,70,70,70,70,70,70,70,70,70],"relics":["Ring of the Snake","Paper Crane","Kunai","Ice Cream","Juzu Bracelet","Black Star","Dodecahedron"],"card_choices":[{"not_picked":["Phantasmal Killer","Grand Finale"],"picked":"Die Die Die","floor":0},{"not_picked":["Calculated Gamble","PiercingWail"],"picked":"Blur","floor":1},{"not_picked":["Footwork","Prepared"],"picked":"Backflip","floor":2},{"not_picked":["Accuracy","Deflect"],"picked":"Flying Knee","floor":4},{"not_picked":["Deflect","Slice"],"picked":"Skewer","floor":5},{"not_picked":["Blade Dance","Underhanded Strike"],"picked":"PiercingWail","floor":6},{"not_picked":["Prepared","Well Laid Plans"],"picked":"After Image","floor":11},{"not_picked":["Backflip","Deflect"],"picked":"Terror","floor":12},{"not_picked":["Outmaneuver","Deflect"],"picked":"Dagger Throw","floor":13},{"not_picked":["Cloak And Dagger","Flying Knee"],"picked":"Distraction","floor":14},{"not_picked":["Wraith Form v2","Tactician"],"picked":"Doppelganger","floor":16},{"not_picked":["Well Laid Plans","Backflip"],"picked":"Crippling Poison","floor":19},{"not_picked":["All Out Attack","Slice"],"picked":"Dagger Throw","floor":20},{"not_picked":["Setup","Riddle With Holes"],"picked":"PiercingWail","floor":21},{"not_picked":["Setup","Dagger Throw"],"picked":"Acrobatics","floor":28}],"player_experience":144104,"potions_floor_usage":[6,18,18,18,20,21,27,27,29,29],"damage_taken":[{"damage":0,"enemies":"Jaw Worm","floor":1,"turns":5},{"damage":1,"enemies":"Cultist","floor":2,"turns":4},{"damage":3,"enemies":"Small Slimes","floor":3,"turns":4},{"damage":0,"enemies":"3 Louse","floor":4,"turns":1},{"damage":0,"enemies":"Exordium Thugs","floor":5,"turns":4},{"damage":3,"enemies":"3 Sentries","floor":6,"turns":6},{"damage":4,"enemies":"Lagavulin","floor":11,"turns":9},{"damage":0,"enemies":"2 Fungi Beasts","floor":12,"turns":4},{"damage":11,"enemies":"3 Sentries","floor":13,"turns":7},{"damage":0,"enemies":"Large Slime","floor":14,"turns":4},{"damage":36,"enemies":"Hexaghost","floor":16,"turns":10},{"damage":18,"enemies":"2 Thieves","floor":18,"turns":4},{"damage":0,"enemies":"Chosen","floor":19,"turns":3},{"damage":26,"enemies":"3 Cultists","floor":20,"turns":8},{"damage":25,"enemies":"Snake Plant","floor":21,"turns":6},{"damage":33,"enemies":"Sentry and Sphere","floor":27,"turns":10},{"damage":4,"enemies":"Snecko","floor":28,"turns":4},{"damage":23,"enemies":"Chosen and Byrds","floor":29,"turns":8}],"event_choices":[{"event_name":"The Lab","player_choice":"Got Potions","floor":8,"damage_taken":0},{"event_name":"Drug Dealer","player_choice":"Ignored","floor":22,"damage_taken":0},{"event_name":"The Woman in Blue","player_choice":"Bought 2 Potions","floor":24,"damage_taken":0}],"boss_relics":[{"not_picked":["Calling Bell","Runic Pyramid"],"picked":"Black Star"}],"potions_floor_spawned":[3,4,6,12,19,21,28],"seed_played":"-8549507132504049096","killed_by":"Chosen and Byrds","ascension_level":1,"is_trial":false}