{"path_per_floor":["M","M","?","?","?","R","?","M","T","M","M","$","R","M","R","B",null,"M","$","?","M","T","M","R","$","T"],"character_chosen":"DEFECT","items_purchased":["Hyperbeam"],"gold_per_floor":[117,137,137,137,137,137,137,151,151,168,181,106,106,117,117,222,222,235,75,0,15,15,31,31,31,54,54],"floor_reached":27,"campfire_rested":1,"playtime":3045,"item_purchase_floors":[19],"current_hp_per_floor":[75,68,61,61,54,54,54,54,54,33,21,21,21,20,42,5,75,75,75,75,64,64,40,40,40,40,0],"items_purged":["Dualcast"],"gold":54,"score":203,"play_id":"24dc9614-b647-4c0f-aed5-1ce0a6ccfce7","local_time":"20180605221837","is_prod":false,"is_daily":false,"chose_seed":false,"is_ascension_mode":false,"campfire_upgraded":3,"win_rate":0,"timestamp":1528262317,"campfire_choices":[{"data":"Zap","floor":6,"key":"SMITH"},{"data":"Machine Learning","floor":13,"key":"SMITH"},{"floor":15,"key":"REST"},{"data":"Hologram","floor":24,"key":"SMITH"}],"path_taken":["M","M","?","?","?","R","?","M","T","M","M","$","R","M","R","BOSS","M","$","?","?","?","M","R","$","T","M"],"build_version":"2018-05-31","seed_source_timestamp":3498809537341,"purchased_purges":1,"victory":false,"master_deck":["Strike_B","Defend_B","Defend_B","Defend_B","Defend_B","Zap+1","Genetic Algorithm","Redo","Rebound","Reprogram","Ball Lightning","Machine Learning+1","Reinforced Body","Tempest","Electrodynamics","BootSequence","Chill","Hologram+1","Streamline","Hyperbeam","Tempest"],"max_hp_per_floor":[75,75,75,75,75,75,75,75,75,75,75,75,75,75,75,75,75,75,75,75,75,75,75,75,75,75,75],"relics":["Cracked Core","Matryoshka","Vajra","Shuriken","Orrery","Bottled Lightning","Boot"],"card_choices":[{"not_picked":["Coolheaded","Compile Driver"],"picked":"Genetic Algorithm","floor":0},{"not_picked":["Barrage","Ball Lightning"],"picked":"Redo","floor":1},{"not_picked":["Turbo","Scrape"],"picked":"Rebound","floor":2},{"not_picked":["Self Repair","Steam"],"picked":"Ball Lightning","floor":8},{"not_picked":["Stack","Fusion"],"picked":"Machine Learning","floor":10},{"not_picked":["Coolheaded","Steam"],"picked":"Reinforced Body","floor":11},{"not_picked":["Doom and Gloom","Sweeping Beam"],"picked":"Tempest","floor":14},{"not_picked":["Hyperbeam","Core Surge"],"picked":"Electrodynamics","floor":16},{"not_picked":["Leap","Skim"],"picked":"BootSequence","floor":17},{"not_picked":["Compile Driver","Heatsinks"],"picked":"Chill","floor":17},{"not_picked":["Steam","Compile Driver"],"picked":"Hologram","floor":17},{"not_picked":["Heatsinks","Beam Cell"],"picked":"Streamline","floor":17},{"not_picked":["Steam Power","Ball Lightning","Turbo+1"],"picked":"SKIP","floor":18},{"not_picked":["Auto Shields","Creative AI"],"picked":"Tempest","floor":21},{"not_picked":["Ball Lightning","Barrage","Compile Driver"],"picked":"SKIP","floor":23}],"player_experience":360225,"potions_floor_usage":[16,21],"damage_taken":[{"damage":0,"enemies":"Small Slimes","floor":1,"turns":4},{"damage":7,"enemies":"2 Louse","floor":2,"turns":2},{"damage":0,"enemies":"Cultist","floor":8,"turns":3},{"damage":21,"enemies":"3 Louse","floor":10,"turns":4},{"damage":12,"enemies":"Red Slaver","floor":11,"turns":4},{"damage":1,"enemies":"Large Slime","floor":14,"turns":5},{"damage":37,"enemies":"Slime Boss","floor":16,"turns":10},{"damage":0,"enemies":"Chosen","floor":18,"turns":6},{"damage":11,"enemies":"2 Thieves","floor":21,"turns":4},{"damage":24,"enemies":"Cultist and Chosen","floor":23,"turns":8},{"damage":46,"enemies":"Snecko","floor":27,"turns":5}],"relics_obtained":[{"floor":9,"key":"Vajra"},{"floor":9,"key":"Shuriken"},{"floor":22,"key":"Bottled Lightning"},{"floor":26,"key":"Boot"}],"event_choices":[{"event_name":"Golden Wing","player_choice":"Card Removal","floor":3,"damage_taken":0},{"event_name":"The Woman in Blue","player_choice":"Bought 0 Potions","floor":4,"damage_taken":0},{"event_name":"Scrap Ooze","player_choice":"success","floor":5,"damage_taken":7},{"event_name":"Transmorgrifier","player_choice":"Transform","floor":7,"damage_taken":0},{"event_name":"Beggar","player_choice":"Gave Gold","floor":20,"damage_taken":0}],"boss_relics":[{"not_picked":["Inserter","Ectoplasm"],"picked":"Orrery"}],"items_purged_floors":[12],"potions_floor_spawned":[2,8,14,16,18],"seed_played":"-3852431828678840762","killed_by":"Snecko","ascension_level":0,"potions_obtained":[{"floor":2,"key":"SkillPotion"},{"floor":8,"key":"LiquidBronze"},{"floor":14,"key":"Dexterity Potion"},{"floor":16,"key":"Swift Potion"}],"is_trial":false}