{"gold_per_floor":[118,118,133,148,159,186,198,198,280,305,315,332,332,362,362,467,467,450,460,480,109,129,154,154,186,259,259,272,307,321,333,333,437,437,450,470,485,498,513,513,545,545,545,545,84,97,97,109,109,109],"floor_reached":51,"playtime":2736,"items_purged":["Strike_R","Defend_R"],"score":864,"play_id":"72f03d3c-843d-4a41-b5e2-7c155bf17a2e","local_time":"20180821221902","is_ascension_mode":true,"campfire_choices":[{"data":"Armaments","floor":8,"key":"SMITH"},{"floor":15,"key":"REST"},{"data":"Fiend Fire","floor":24,"key":"SMITH"},{"floor":27,"key":"REST"},{"data":"Pummel","floor":32,"key":"SMITH"},{"floor":40,"key":"REST"},{"floor":42,"key":"REST"},{"data":"Double Tap","floor":44,"key":"SMITH"},{"floor":47,"key":"REST"},{"floor":49,"key":"REST"}],"neow_cost":"","seed_source_timestamp":487481578076944,"circlet_count":0,"master_deck":["Strike_R","Strike_R","Strike_R","Strike_R","Defend_R","Defend_R","Defend_R","Bash+1","Thunderclap","Spot Weakness","Iron Wave","Cleave","Shockwave","Armaments+1","Headbutt","Wild Strike","Cleave","Demon Form","Demon Form","Metallicize","Metallicize+1","Fiend Fire+1","Dropkick","Perfected Strike","Perfected Strike+1","Perfected Strike","Rupture+1","Feed","Pummel+1","Feel No Pain","Juggernaut","Shrug It Off+1","Perfected Strike","Sword Boomerang+1","Dual Wield+1","Double Tap+1","PanicButton","Dropkick","Feel No Pain+1","Sword Boomerang+1"],"relics":["Burning Blood","Ice Cream","Mummified Hand","Thread and Needle","Potion Belt","Velvet Choker","Gremlin Horn","Juzu Bracelet","Lantern","The Courier","Paper Frog","Lizard Tail","Bottled Flame","Mercury Hourglass","Oddly Smooth Stone","Centennial Puzzle"],"potions_floor_usage":[6,16,18,23,25,30,31,33,41,50],"damage_taken":[{"damage":0,"enemies":"Small Slimes","floor":1,"turns":3},{"damage":3,"enemies":"Jaw Worm","floor":3,"turns":5},{"damage":11,"enemies":"2 Louse","floor":4,"turns":3},{"damage":7,"enemies":"Red Slaver","floor":5,"turns":4},{"damage":47,"enemies":"Gremlin Nob","floor":6,"turns":5},{"damage":3,"enemies":"2 Fungi Beasts","floor":7,"turns":4},{"damage":25,"enemies":"3 Sentries","floor":10,"turns":6},{"damage":0,"enemies":"Blue Slaver","floor":11,"turns":4},{"damage":2,"enemies":"Looter","floor":12,"turns":2},{"damage":14,"enemies":"Lagavulin","floor":14,"turns":5},{"damage":32,"enemies":"Slime Boss","floor":16,"turns":8},{"damage":10,"enemies":"2 Thieves","floor":18,"turns":4},{"damage":18,"enemies":"Spheric Guardian","floor":19,"turns":5},{"damage":7,"enemies":"3 Cultists","floor":20,"turns":4},{"damage":14,"enemies":"Shelled Parasite and Fungi","floor":22,"turns":4},{"damage":12,"enemies":"Book of Stabbing","floor":23,"turns":4},{"damage":22,"enemies":"Slavers","floor":25,"turns":3},{"damage":4,"enemies":"Chosen and Byrds","floor":28,"turns":4},{"damage":12,"enemies":"Book of Stabbing","floor":29,"turns":4},{"damage":3,"enemies":"Centurion and Healer","floor":30,"turns":4},{"damage":3,"enemies":"Shelled Parasite and Fungi","floor":31,"turns":2},{"damage":20,"enemies":"Champ","floor":33,"turns":8},{"damage":0,"enemies":"Flame Bruiser 1 Orb","floor":35,"turns":2},{"damage":0,"enemies":"3 Shapes","floor":36,"turns":3},{"damage":53,"enemies":"Maw","floor":37,"turns":7},{"damage":2,"enemies":"Flame Bruiser 2 Orb","floor":38,"turns":4},{"damage":15,"enemies":"Spire Growth","floor":39,"turns":4},{"damage":50,"enemies":"Giant Head","floor":41,"turns":8},{"damage":33,"enemies":"Sphere and 2 Shapes","floor":46,"turns":4},{"damage":2,"enemies":"4 Shapes","floor":48,"turns":4},{"damage":56,"enemies":"Time Eater","floor":50,"turns":8}],"seed_played":"477606975014271207","potions_obtained":[{"floor":4,"key":"BloodPotion"},{"floor":7,"key":"Swift Potion"},{"floor":12,"key":"SpeedPotion"},{"floor":16,"key":"Ancient Potion"},{"floor":19,"key":"SkillPotion"},{"floor":20,"key":"EssenceOfSteel"},{"floor":22,"key":"GamblersBrew"},{"floor":28,"key":"Weak Potion"},{"floor":30,"key":"Block Potion"},{"floor":39,"key":"Weak Potion"},{"floor":48,"key":"Dexterity Potion"}],"is_trial":false,"path_per_floor":["M","?","M","M","M","E","M","R","T","E","M","M","?","E","R","B",null,"M","M","M","$","M","E","R","E","T","R","M","E","M","M","R","B",null,"M","M","M","M","M","R","E","R","T","R","$","M","R","M","R","B"],"character_chosen":"IRONCLAD","items_purchased":["Dropkick","Gremlin Horn","Oddly Smooth Stone","Centennial Puzzle","PanicButton","Dropkick"],"campfire_rested":6,"item_purchase_floors":[21,21,45,45,45,45],"current_hp_per_floor":[80,85,85,80,79,46,49,49,49,30,36,40,40,32,57,31,85,81,69,68,68,60,54,54,38,38,63,65,59,62,65,65,51,85,85,85,38,42,33,58,14,39,39,39,39,15,41,45,71,21],"gold":109,"neow_bonus":"","is_prod":false,"is_daily":false,"chose_seed":false,"campfire_upgraded":4,"win_rate":0,"timestamp":1534915142,"path_taken":["M","?","M","M","M","E","M","R","T","E","M","M","?","E","R","BOSS","M","M","M","$","M","E","R","E","T","R","M","E","M","M","R","BOSS","M","M","M","M","M","R","E","R","T","R","$","M","R","M","R","BOSS"],"build_version":"2018-08-16","purchased_purges":2,"victory":true,"max_hp_per_floor":[80,85,85,85,85,85,85,85,85,85,85,85,85,85,85,85,85,85,85,85,85,85,85,85,85,85,85,85,85,85,85,85,85,85,85,85,85,85,85,85,85,85,85,85,85,88,88,88,88,88],"card_choices":[{"not_picked":["Reckless Charge","True Grit"],"picked":"Thunderclap","floor":1},{"not_picked":["Headbutt","Flame Barrier"],"picked":"Spot Weakness","floor":3},{"not_picked":["Fire Breathing","Second Wind"],"picked":"Iron Wave","floor":4},{"not_picked":["Carnage","Clash"],"picked":"Cleave","floor":5},{"not_picked":["Fire Breathing","Combust"],"picked":"Shockwave","floor":6},{"not_picked":["Thunderclap","Ghostly Armor"],"picked":"Armaments","floor":7},{"not_picked":["Twin Strike","Sentinel"],"picked":"Headbutt","floor":10},{"not_picked":["Flex","Feel No Pain"],"picked":"Wild Strike","floor":11},{"not_picked":["Sword Boomerang","Headbutt"],"picked":"Cleave","floor":12},{"not_picked":["Warcry","Evolve"],"picked":"Demon Form","floor":14},{"not_picked":["Barricade","Reaper"],"picked":"Demon Form","floor":16},{"not_picked":["Thunderclap+1","Iron Wave"],"picked":"Metallicize","floor":18},{"not_picked":["Sword Boomerang","Shrug It Off"],"picked":"Metallicize+1","floor":19},{"not_picked":["Body Slam+1","Pommel Strike"],"picked":"Fiend Fire","floor":20},{"not_picked":["Flex","Entrench"],"picked":"Perfected Strike","floor":22},{"not_picked":["Bloodletting","Ghostly Armor"],"picked":"Perfected Strike+1","floor":23},{"not_picked":["Fiend Fire","Body Slam+1"],"picked":"Perfected Strike","floor":25},{"not_picked":["Searing Blow+1","Seeing Red+1"],"picked":"Rupture+1","floor":28},{"not_picked":["Clash","True Grit"],"picked":"Feed","floor":29},{"not_picked":["Intimidate+1","Warcry"],"picked":"Pummel","floor":30},{"not_picked":["Cleave+1","Flex+1"],"picked":"Feel No Pain","floor":31},{"not_picked":["Immolate","Exhume"],"picked":"Juggernaut","floor":33},{"not_picked":["Cleave","True Grit+1"],"picked":"Shrug It Off+1","floor":35},{"not_picked":["Pommel Strike+1","Thunderclap+1"],"picked":"Perfected Strike","floor":36},{"not_picked":["Body Slam","Cleave+1","Headbutt"],"picked":"SKIP","floor":37},{"not_picked":["Reckless Charge","Infernal Blade"],"picked":"Sword Boomerang+1","floor":38},{"not_picked":["Flex+1","Body Slam"],"picked":"Dual Wield+1","floor":39},{"not_picked":["Body Slam","Flex","Double Tap"],"picked":"SKIP","floor":41},{"not_picked":["Body Slam","Flex"],"picked":"Double Tap","floor":41},{"not_picked":["Iron Wave","Anger"],"picked":"Feel No Pain+1","floor":46},{"not_picked":["Cleave","Wild Strike"],"picked":"Sword Boomerang+1","floor":48}],"player_experience":265489,"relics_obtained":[{"floor":6,"key":"Ice Cream"},{"floor":9,"key":"Mummified Hand"},{"floor":10,"key":"Thread and Needle"},{"floor":14,"key":"Potion Belt"},{"floor":23,"key":"Juzu Bracelet"},{"floor":25,"key":"Lantern"},{"floor":26,"key":"The Courier"},{"floor":29,"key":"Paper Frog"},{"floor":41,"key":"Bottled Flame"},{"floor":43,"key":"Mercury Hourglass"}],"event_choices":[{"event_name":"Big Fish","player_choice":"Donut","floor":2,"damage_taken":0},{"event_name":"Living Wall","player_choice":"Grow","floor":13,"damage_taken":0}],"is_beta":false,"boss_relics":[{"not_picked":["Empty Cage","Pandora\u0027s Box"],"picked":"Velvet Choker"},{"not_picked":["Runic Pyramid","Eternal Feather"],"picked":"Lizard Tail"}],"items_purged_floors":[21,45],"is_endless":false,"potions_floor_spawned":[4,7,12,16,19,20,22,28,30,39,48],"ascension_level":2}