{"gold_per_floor":[114,114,125,125,141,170,170,185,185,185,216,117,135,135,135,135],"floor_reached":16,"playtime":729,"items_purged":["Pain"],"score":193,"play_id":"b1c2396e-f39f-4cd5-8296-9509f76585a0","local_time":"20190824161939","is_ascension_mode":true,"campfire_choices":[{"floor":7,"key":"REST"},{"floor":10,"key":"REST"},{"floor":15,"key":"REST"}],"neow_cost":"NONE","seed_source_timestamp":914382394831964,"circlet_count":0,"master_deck":["AscendersBane","Strike_R","Strike_R","Strike_R","Strike_R","Strike_R","Defend_R","Defend_R","Defend_R","Defend_R","Bash","Reaper","Flex","Havoc","Body Slam","Heavy Blade","True Grit","Sever Soul+1","Pommel Strike+1","Shrug It Off"],"relics":["Burning Blood","WarpedTongs","Question Card","Molten Egg 2","Strawberry"],"potions_floor_usage":[6,8,16],"damage_taken":[{"damage":18,"enemies":"Jaw Worm","floor":1,"turns":4},{"damage":20,"enemies":"2 Louse","floor":3,"turns":3},{"damage":11,"enemies":"Cultist","floor":5,"turns":4},{"damage":69,"enemies":"3 Sentries","floor":6,"turns":11},{"damage":3,"enemies":"Blue Slaver","floor":8,"turns":3},{"damage":44,"enemies":"Lagavulin","floor":11,"turns":8},{"damage":9,"enemies":"2 Fungi Beasts","floor":13,"turns":3},{"damage":78,"enemies":"Slime Boss","floor":16,"turns":14}],"seed_played":"7618713552728913926","potions_obtained":[{"floor":1,"key":"BloodPotion"},{"floor":6,"key":"AttackPotion"},{"floor":11,"key":"Dexterity Potion"}],"is_trial":false,"path_per_floor":["M","?","M","?","M","E","R","M","T","R","E","$","M","?","R","B"],"character_chosen":"IRONCLAD","items_purchased":["Pommel Strike+1"],"campfire_rested":3,"item_purchase_floors":[12],"current_hp_per_floor":[56,56,50,50,49,25,47,50,50,72,41,41,38,38,62,0],"gold":135,"neow_bonus":"ONE_RANDOM_RARE_CARD","is_prod":false,"is_daily":false,"chose_seed":false,"campfire_upgraded":0,"win_rate":0,"timestamp":1566688779,"path_taken":["M","?","M","?","M","E","R","?","T","R","E","$","M","?","R","BOSS"],"build_version":"2019-07-17","purchased_purges":1,"victory":false,"max_hp_per_floor":[75,75,75,75,75,75,75,75,75,75,82,82,82,82,82,82],"card_choices":[{"not_picked":["Rampage","Warcry"],"picked":"Flex","floor":1},{"not_picked":["Wild Strike","Sentinel"],"picked":"Havoc","floor":3},{"not_picked":["Wild Strike","Warcry"],"picked":"Body Slam","floor":5},{"not_picked":["Evolve","Reaper"],"picked":"Heavy Blade","floor":6},{"not_picked":["Hemokinesis","Shockwave","Carnage"],"picked":"True Grit","floor":8},{"not_picked":["Sword Boomerang+1","Rage","Armaments"],"picked":"Sever Soul+1","floor":11},{"not_picked":["Flex","Impervious","Sword Boomerang+1"],"picked":"Shrug It Off","floor":13}],"player_experience":737742,"relics_obtained":[{"floor":6,"key":"Question Card"},{"floor":9,"key":"Molten Egg 2"},{"floor":11,"key":"Strawberry"}],"event_choices":[{"damage_healed":0,"gold_gain":0,"player_choice":"Ignored","damage_taken":0,"max_hp_gain":0,"max_hp_loss":0,"event_name":"Liars Game","floor":2,"gold_loss":0},{"damage_healed":0,"gold_gain":0,"player_choice":"Rummage","damage_taken":0,"relics_obtained":["WarpedTongs"],"max_hp_gain":0,"max_hp_loss":0,"event_name":"Accursed Blacksmith","floor":4,"gold_loss":0,"cards_obtained":["Pain"]},{"damage_healed":0,"gold_gain":0,"player_choice":"Ignored","damage_taken":0,"max_hp_gain":0,"max_hp_loss":0,"event_name":"Golden Idol","floor":14,"gold_loss":0}],"is_beta":false,"boss_relics":[],"items_purged_floors":[12],"is_endless":false,"potions_floor_spawned":[1,6,11],"killed_by":"Slime Boss","ascension_level":15}