{"gold_per_floor":[119,132,82,93,105,105,105,105,157,157,82,11,26,46,46,46],"floor_reached":16,"playtime":726,"items_purged":["Strike_B"],"score":143,"play_id":"30c77838-dfa9-45f5-ab21-734bdb93483d","local_time":"20190119115303","is_ascension_mode":true,"campfire_choices":[{"data":"FTL","floor":6,"key":"SMITH"},{"data":"Cold Snap","floor":8,"key":"SMITH"},{"data":"Defend_B","floor":10,"key":"SMITH"},{"data":"Capacitor","floor":15,"key":"SMITH"}],"neow_cost":"NONE","seed_source_timestamp":0,"circlet_count":0,"master_deck":["AscendersBane","Strike_B","Strike_B","Strike_B","Defend_B+1","Defend_B","Defend_B","Defend_B","Zap+1","Cold Snap+1","FTL+1","Capacitor+1","Leap"],"special_seed":0,"relics":["Cracked Core","Vajra"],"potions_floor_usage":[5,14],"damage_taken":[{"damage":0,"enemies":"Cultist","floor":1,"turns":4},{"damage":7,"enemies":"Jaw Worm","floor":2,"turns":3},{"damage":0,"enemies":"Small Slimes","floor":4,"turns":3},{"damage":15,"enemies":"Gremlin Gang","floor":5,"turns":4},{"damage":2,"enemies":"3 Louse","floor":13,"turns":3},{"damage":10,"enemies":"Exordium Wildlife","floor":14,"turns":4},{"damage":45,"enemies":"Slime Boss","floor":16,"turns":9}],"seed_played":"-3906334875731079611","potions_obtained":[{"floor":1,"key":"EssenceOfSteel"},{"floor":4,"key":"PowerPotion"},{"floor":13,"key":"AttackPotion"}],"is_trial":false,"path_per_floor":["M","M","?","M","M","R","?","R","T","R","$","$","M","M","R","B"],"character_chosen":"DEFECT","items_purchased":["Capacitor"],"campfire_rested":0,"item_purchase_floors":[12],"current_hp_per_floor":[68,61,61,61,46,46,51,51,51,51,51,51,49,39,39,0],"gold":46,"neow_bonus":"UPGRADE_CARD","is_prod":false,"is_daily":false,"chose_seed":false,"campfire_upgraded":4,"win_rate":0,"timestamp":1547927583,"path_taken":["M","?","?","M","M","R","?","R","T","R","?","$","?","M","R","BOSS"],"build_version":"2019-01-17v2","purchased_purges":1,"victory":false,"max_hp_per_floor":[75,75,75,75,75,75,80,80,80,80,80,80,80,80,80,80],"card_choices":[{"not_picked":["Stack","Ball Lightning","Redo"],"picked":"SKIP","floor":1},{"not_picked":["Turbo","Go for the Eyes"],"picked":"Cold Snap","floor":2},{"not_picked":["Chaos","Stack","Go for the Eyes"],"picked":"SKIP","floor":4},{"not_picked":["Conserve Battery","Beam Cell"],"picked":"FTL","floor":5},{"not_picked":["Creative AI","Streamline"],"picked":"Leap","floor":13},{"not_picked":["Static Discharge","Barrage","Cold Snap"],"picked":"SKIP","floor":14}],"player_experience":762546,"relics_obtained":[{"floor":9,"key":"Vajra"}],"event_choices":[{"cards_removed":["Dualcast"],"damage_healed":0,"gold_gain":0,"player_choice":"Card Removal","damage_taken":0,"max_hp_gain":0,"max_hp_loss":0,"event_name":"The Cleric","floor":3,"gold_loss":50},{"damage_healed":0,"gold_gain":0,"player_choice":"Donut","damage_taken":0,"max_hp_gain":5,"max_hp_loss":0,"event_name":"Big Fish","floor":7,"gold_loss":0}],"is_beta":false,"boss_relics":[],"items_purged_floors":[11],"is_endless":false,"potions_floor_spawned":[1,4,13],"killed_by":"Slime Boss","ascension_level":11}