{"path_per_floor":["M","M","?","$","M","R","M","$","T","M","T","R","?","M","R","B",null,"M"],"character_chosen":"DEFECT","items_purchased":["Cold Snap"],"gold_per_floor":[119,137,137,14,26,26,41,41,41,58,58,58,58,78,78,173,173,189,114],"floor_reached":19,"campfire_rested":0,"playtime":1141,"item_purchase_floors":[4],"current_hp_per_floor":[75,75,75,75,75,75,75,75,75,75,75,75,68,75,75,35,75,44,28],"items_purged":["Dualcast"],"gold":114,"score":169,"play_id":"4a309721-9354-43cb-973d-b9d257d60183","local_time":"20180607204633","is_prod":false,"is_daily":false,"chose_seed":false,"is_ascension_mode":true,"campfire_upgraded":3,"win_rate":0,"timestamp":1528429593,"campfire_choices":[{"data":"Fusion","floor":6,"key":"SMITH"},{"data":"Zap","floor":12,"key":"SMITH"},{"data":"Cold Snap","floor":15,"key":"SMITH"}],"path_taken":["M","M","?","$","M","R","M","$","T","M","?","R","?","M","R","BOSS","M","M"],"build_version":"2018-06-07","seed_source_timestamp":6631427671858,"purchased_purges":1,"victory":false,"master_deck":["Strike_B","Strike_B","Strike_B","Defend_B","Defend_B","Defend_B","Defend_B","Zap+1","Self Repair","Leap","Cold Snap+1","Fusion+1","Hologram+1","Redo+1"],"max_hp_per_floor":[75,75,75,75,75,75,75,75,75,75,75,75,75,75,75,75,75,75,75],"relics":["Cracked Core","NeowsBlessing","Toxic Egg 2","Mummified Hand","Inserter"],"card_choices":[{"not_picked":["Barrage","Hologram"],"picked":"Self Repair","floor":1},{"not_picked":["Cold Snap","Rebound"],"picked":"Leap","floor":2},{"not_picked":["Barrage","Seek"],"picked":"Fusion","floor":5},{"not_picked":["Gash","Undo","Stack"],"picked":"SKIP","floor":7},{"not_picked":["Barrage","Aggregate+1","Sweeping Beam"],"picked":"SKIP","floor":10},{"not_picked":["Reinforced Body+1","Lockon"],"picked":"Hologram+1","floor":14},{"not_picked":["Turbo+1","Undo+1"],"picked":"Redo+1","floor":18}],"player_experience":381025,"potions_floor_usage":[7,16,18],"damage_taken":[{"damage":0,"enemies":"2 Louse","floor":1,"turns":1},{"damage":0,"enemies":"Jaw Worm","floor":2,"turns":1},{"damage":0,"enemies":"Small Slimes","floor":5,"turns":1},{"damage":0,"enemies":"Exordium Wildlife","floor":7,"turns":6},{"damage":1,"enemies":"3 Louse","floor":10,"turns":5},{"damage":0,"enemies":"Large Slime","floor":14,"turns":6},{"damage":47,"enemies":"Slime Boss","floor":16,"turns":14},{"damage":38,"enemies":"3 Byrds","floor":18,"turns":7},{"damage":23,"enemies":"2 Thieves","floor":19,"turns":5}],"relics_obtained":[{"floor":9,"key":"Toxic Egg 2"},{"floor":11,"key":"Mummified Hand"}],"event_choices":[{"event_name":"Liars Game","player_choice":"disagreed","floor":3,"damage_taken":0},{"event_name":"Golden Wing","player_choice":"Card Removal","floor":13,"damage_taken":0}],"boss_relics":[{"not_picked":["Eternal Feather","Runic Pyramid"],"picked":"Inserter"}],"items_purged_floors":[4],"potions_floor_spawned":[1,7,16,19],"seed_played":"509241931756587328","killed_by":"2 Thieves","ascension_level":1,"potions_obtained":[{"floor":1,"key":"EssenceOfSteel"},{"floor":7,"key":"PowerPotion"},{"floor":16,"key":"AttackPotion"}],"is_trial":false}