{"gold_per_floor":[119,135,135,152,167,198,218,51,104,124,80,45,45,60,60,60],"floor_reached":16,"playtime":689,"items_purged":[],"score":104,"play_id":"46d08859-7077-4ff9-9100-604dccc1c1ee","local_time":"20191011203020","is_ascension_mode":false,"campfire_choices":[{"floor":13,"key":"REST"},{"floor":15,"key":"REST"}],"neow_cost":"NONE","seed_source_timestamp":303086564287100,"circlet_count":0,"master_deck":["Strike_R","Strike_R","Strike_R","Strike_R","Defend_R","Defend_R","Defend_R","Bash","Sentinel","True Grit","Anger","Rampage","Wild Strike","Battle Trance","Impatience","Burning Pact","Power Through","Feel No Pain","Impervious"],"relics":["Empty Cage","StoneCalendar","Bag of Preparation"],"potions_floor_usage":[6,6,16],"damage_taken":[{"damage":6,"enemies":"Small Slimes","floor":1,"turns":3},{"damage":6,"enemies":"Jaw Worm","floor":2,"turns":3},{"damage":4,"enemies":"2 Louse","floor":4,"turns":4},{"damage":5,"enemies":"Large Slime","floor":5,"turns":5},{"damage":37,"enemies":"Lagavulin","floor":6,"turns":7},{"damage":19,"enemies":"Blue Slaver","floor":7,"turns":3},{"damage":2,"enemies":"3 Louse","floor":10,"turns":3},{"damage":27,"enemies":"Exordium Thugs","floor":14,"turns":7},{"damage":82,"enemies":"The Guardian","floor":16,"turns":12}],"seed_played":"7985953451062269832","potions_obtained":[{"floor":1,"key":"Ancient Potion"},{"floor":2,"key":"Regen Potion"},{"floor":4,"key":"BloodPotion"},{"floor":14,"key":"Weak Potion"}],"is_trial":false,"path_per_floor":["M","M","?","M","M","E","M","$","T","M","?","$","R","M","R","B"],"character_chosen":"IRONCLAD","items_purchased":["Impatience","Burning Pact","Feel No Pain"],"campfire_rested":2,"item_purchase_floors":[8,8,12],"current_hp_per_floor":[74,68,68,64,59,57,38,38,38,36,36,36,60,33,57,0],"gold":60,"neow_bonus":"BOSS_RELIC","is_prod":false,"is_daily":false,"chose_seed":false,"campfire_upgraded":0,"win_rate":0,"timestamp":1570843820,"path_taken":["M","M","?","M","M","E","M","?","T","M","?","?","R","M","R","BOSS"],"build_version":"2019-07-17","purchased_purges":0,"victory":false,"max_hp_per_floor":[80,80,80,80,80,80,80,80,80,80,80,80,80,80,80,80],"card_choices":[{"not_picked":["Reckless Charge","Battle Trance"],"picked":"Sentinel","floor":1},{"not_picked":["Warcry","Sword Boomerang"],"picked":"True Grit","floor":2},{"not_picked":["Clash","Iron Wave"],"picked":"Anger","floor":4},{"not_picked":["Power Through","Hemokinesis"],"picked":"Rampage","floor":5},{"not_picked":["Headbutt","Thunderclap"],"picked":"Wild Strike","floor":6},{"not_picked":["Twin Strike","Pommel Strike"],"picked":"Battle Trance","floor":7},{"not_picked":["Dual Wield","Twin Strike"],"picked":"Power Through","floor":10},{"not_picked":["Carnage","Shrug It Off"],"picked":"Impervious","floor":14}],"player_experience":115907,"relics_obtained":[{"floor":6,"key":"StoneCalendar"},{"floor":9,"key":"Bag of Preparation"}],"event_choices":[{"damage_healed":0,"gold_gain":0,"player_choice":"Ignored","damage_taken":0,"max_hp_gain":0,"max_hp_loss":0,"event_name":"Golden Wing","floor":3,"gold_loss":0},{"damage_healed":0,"gold_gain":0,"player_choice":"Left Gold","damage_taken":0,"max_hp_gain":0,"max_hp_loss":0,"event_name":"World of Goop","floor":11,"gold_loss":44}],"is_beta":false,"boss_relics":[],"items_purged_floors":[],"is_endless":false,"potions_floor_spawned":[1,2,4,14],"killed_by":"The Guardian","ascension_level":0}