{"gold_per_floor":[113,113,129,1,14,14,47,64,87,87,67],"floor_reached":11,"playtime":188,"items_purged":[],"score":142,"play_id":"0d30f892-0139-4cb2-925f-288950a8f18d","local_time":"20190727173254","is_ascension_mode":true,"campfire_choices":[{"data":"Zap","floor":6,"key":"SMITH"},{"floor":10,"key":"REST"}],"neow_cost":"NONE","seed_source_timestamp":948820501427994,"circlet_count":0,"master_deck":["AscendersBane","Strike_B","Strike_B","Strike_B","Defend_B","Defend_B","Defend_B","Defend_B","Zap+1","Dualcast","Darkness","Chaos","Cold Snap","Loop","Barrage","Melter","Self Repair"],"relics":["Cracked Core","NeowsBlessing","Ancient Tea Set","Art of War"],"potions_floor_usage":[],"damage_taken":[{"damage":0,"enemies":"2 Louse","floor":1,"turns":1},{"damage":0,"enemies":"Cultist","floor":3,"turns":1},{"damage":0,"enemies":"Jaw Worm","floor":5,"turns":1},{"damage":50,"enemies":"Gremlin Nob","floor":7,"turns":5},{"damage":13,"enemies":"Blue Slaver","floor":8,"turns":4},{"damage":25,"enemies":"Exordium Thugs","floor":11,"turns":2}],"seed_played":"7185763722382454027","potions_obtained":[{"floor":1,"key":"Energy Potion"},{"floor":3,"key":"Energy Potion"}],"is_trial":false,"path_per_floor":["M","?","M","$","M","R","E","M","T","R","M"],"character_chosen":"DEFECT","items_purchased":["Cold Snap","Loop"],"campfire_rested":1,"item_purchase_floors":[4,4],"current_hp_per_floor":[64,64,64,64,64,64,14,1,1,22,0],"gold":67,"neow_bonus":"THREE_ENEMY_KILL","is_prod":false,"is_daily":false,"chose_seed":false,"campfire_upgraded":1,"win_rate":0,"timestamp":1564273974,"path_taken":["M","?","M","$","?","R","E","M","T","R","M"],"build_version":"2019-07-17","purchased_purges":0,"victory":false,"max_hp_per_floor":[71,71,71,71,71,71,71,71,71,71,71],"card_choices":[{"not_picked":["Skim","Coolheaded"],"picked":"Darkness","floor":1},{"not_picked":["Coolheaded","Rebound"],"picked":"Chaos","floor":3},{"not_picked":["Steam","Steam Power"],"picked":"Barrage","floor":5},{"not_picked":["Hologram","Hyperbeam"],"picked":"Melter","floor":7},{"not_picked":["Rebound","Hologram"],"picked":"Self Repair","floor":8}],"player_experience":2396666,"relics_obtained":[{"floor":7,"key":"Ancient Tea Set"},{"floor":9,"key":"Art of War"}],"event_choices":[{"cards_removed":["Strike_B"],"damage_healed":0,"gold_gain":0,"player_choice":"Purged","damage_taken":0,"max_hp_gain":0,"max_hp_loss":0,"event_name":"Purifier","floor":2,"gold_loss":0}],"is_beta":false,"boss_relics":[],"items_purged_floors":[],"is_endless":false,"potions_floor_spawned":[1,3],"killed_by":"Exordium Thugs","ascension_level":19}