{"gold_per_floor":[112,126,146,163,175,210,48,74,142,74,89,100,70,88,88,192,192,204,129,112,123,123,123,157,157,157,157,174,190,190,218,218,218],"floor_reached":33,"playtime":2276,"items_purged":[],"score":416,"play_id":"da128994-af3c-4e2f-9d6a-c71c8623d1ee","local_time":"20180909010917","is_ascension_mode":true,"campfire_choices":[{"data":"Intimidate","floor":15,"key":"SMITH"},{"floor":23,"key":"REST"},{"floor":25,"key":"REST"},{"floor":27,"key":"REST"},{"floor":32,"key":"REST"}],"neow_cost":"NONE","seed_source_timestamp":221331799870109,"circlet_count":0,"master_deck":["Strike_R","Strike_R","Strike_R","Strike_R","Strike_R","Defend_R","Defend_R","Defend_R","Defend_R","Bash","Shrug It Off","Cleave","Clothesline","Sentinel","Perfected Strike","Rage","Armaments","Good Instincts","Second Wind","Disarm","Flame Barrier","Havoc","Feel No Pain","Intimidate+1","Offering","Shrug It Off","Havoc+1","Headbutt+1","Havoc+1","Intimidate","Burning Pact+1","Uppercut+1","Decay","Pommel Strike+1"],"relics":["Burning Blood","Strawberry","Smiling Mask","Question Card","Fusion Hammer","Ginger","Mummified Hand","Regal Pillow"],"potions_floor_usage":[3,6,8,16,16,21,28,33],"damage_taken":[{"damage":1,"enemies":"Cultist","floor":1,"turns":3},{"damage":0,"enemies":"Small Slimes","floor":2,"turns":5},{"damage":4,"enemies":"2 Louse","floor":3,"turns":2},{"damage":14,"enemies":"Lots of Slimes","floor":4,"turns":4},{"damage":2,"enemies":"2 Fungi Beasts","floor":5,"turns":5},{"damage":15,"enemies":"3 Sentries","floor":6,"turns":8},{"damage":21,"enemies":"Lagavulin","floor":8,"turns":8},{"damage":0,"enemies":"Large Slime","floor":11,"turns":5},{"damage":6,"enemies":"Gremlin Gang","floor":12,"turns":5},{"damage":0,"enemies":"Looter","floor":13,"turns":4},{"damage":5,"enemies":"Large Slime","floor":14,"turns":8},{"damage":71,"enemies":"The Guardian","floor":16,"turns":16},{"damage":2,"enemies":"Chosen","floor":18,"turns":7},{"damage":8,"enemies":"2 Thieves","floor":20,"turns":4},{"damage":50,"enemies":"Sentry and Sphere","floor":21,"turns":12},{"damage":47,"enemies":"Slavers","floor":24,"turns":10},{"damage":14,"enemies":"3 Cultists","floor":28,"turns":6},{"damage":17,"enemies":"Snake Plant","floor":29,"turns":4},{"damage":44,"enemies":"Gremlin Leader","floor":31,"turns":10},{"damage":80,"enemies":"Automaton","floor":33,"turns":8}],"seed_played":"-5925311414501885950","potions_obtained":[{"floor":2,"key":"GamblersBrew"},{"floor":4,"key":"Fire Potion"},{"floor":6,"key":"FearPotion"},{"floor":12,"key":"Weak Potion"},{"floor":14,"key":"Energy Potion"},{"floor":20,"key":"AttackPotion"},{"floor":24,"key":"Strength Potion"},{"floor":31,"key":"Regen Potion"}],"is_trial":false,"path_per_floor":["M","M","M","M","M","E","$","E","T","$","M","M","M","M","R","B",null,"M","?","M","M","?","R","E","R","T","R","M","M","?","E","R"],"character_chosen":"IRONCLAD","items_purchased":["Armaments","Good Instincts","Anger","Disarm"],"campfire_rested":4,"item_purchase_floors":[7,7,7,10],"current_hp_per_floor":[85,88,88,80,84,82,82,67,67,67,73,73,79,80,80,15,75,79,79,77,33,33,61,20,48,48,76,68,57,57,19,62,0],"gold":218,"neow_bonus":"TEN_PERCENT_HP_BONUS","is_prod":false,"is_daily":false,"chose_seed":false,"campfire_upgraded":1,"win_rate":0,"timestamp":1536480557,"path_taken":["M","M","M","M","M","E","$","E","T","?","?","M","?","M","R","BOSS","M","?","M","M","?","R","E","R","T","R","M","?","?","E","R","BOSS"],"build_version":"2018-09-06","purchased_purges":0,"victory":false,"max_hp_per_floor":[88,88,88,88,88,95,95,95,95,95,95,95,95,95,95,95,95,95,95,95,95,95,95,95,95,95,95,95,95,95,95,95,95],"card_choices":[{"not_picked":["Thunderclap","Body Slam"],"picked":"Shrug It Off","floor":1},{"not_picked":["Carnage","True Grit"],"picked":"Cleave","floor":2},{"not_picked":["Disarm","True Grit"],"picked":"Clothesline","floor":3},{"not_picked":["Clash","Anger"],"picked":"Sentinel","floor":4},{"not_picked":["Dropkick","Wild Strike"],"picked":"Perfected Strike","floor":5},{"not_picked":["Feel No Pain","Reaper"],"picked":"Rage","floor":6},{"not_picked":["Searing Blow","Armaments"],"picked":"Second Wind","floor":8},{"not_picked":["Iron Wave","Carnage","Pommel Strike"],"picked":"Flame Barrier","floor":11},{"not_picked":["Wild Strike","True Grit","Sword Boomerang"],"picked":"Havoc","floor":12},{"not_picked":["Ghostly Armor","Headbutt","Second Wind"],"picked":"Feel No Pain","floor":13},{"not_picked":["Feel No Pain","Warcry","Cleave"],"picked":"Intimidate","floor":14},{"not_picked":["Brutality","Dark Embrace","Berserk"],"picked":"Offering","floor":16},{"not_picked":["Anger","Iron Wave","Bloodletting+1"],"picked":"Shrug It Off","floor":18},{"not_picked":["Body Slam","Flex","Blood for Blood"],"picked":"Havoc+1","floor":20},{"not_picked":["Sword Boomerang","Bloodletting+1","Armaments"],"picked":"Headbutt+1","floor":21},{"not_picked":["Limit Break","Fire Breathing","Feel No Pain"],"picked":"Intimidate","floor":24},{"not_picked":["Shrug It Off","Pommel Strike","Entrench+1"],"picked":"Burning Pact+1","floor":28},{"not_picked":["Wild Strike","Carnage","Feel No Pain"],"picked":"Uppercut+1","floor":29},{"not_picked":["Sword Boomerang","Combust+1","Double Tap"],"picked":"Pommel Strike+1","floor":31}],"player_experience":353911,"relics_obtained":[{"floor":6,"key":"Strawberry"},{"floor":8,"key":"Smiling Mask"},{"floor":9,"key":"Question Card"},{"floor":24,"key":"Ginger"},{"floor":26,"key":"Mummified Hand"},{"floor":31,"key":"Regal Pillow"}],"event_choices":[{"event_name":"Beggar","player_choice":"Gave Gold","floor":19,"damage_taken":0},{"event_name":"Duplicator","player_choice":"One dupe","floor":22,"damage_taken":0},{"event_name":"Forgotten Altar","player_choice":"Smashed Altar","floor":30,"damage_taken":0}],"is_beta":false,"boss_relics":[{"not_picked":["Astrolabe","Calling Bell"],"picked":"Fusion Hammer"}],"items_purged_floors":[],"is_endless":false,"potions_floor_spawned":[2,4,6,12,14,20,24,31],"killed_by":"Automaton","ascension_level":6}