{"gold_per_floor":[112,132,143,8,22,52,52,64,64,64,74,39,50,66,66,171,171,184,197,215,228,245,245,264,264,314,314,314],"floor_reached":28,"playtime":4002,"items_purged":[],"score":333,"play_id":"866337ed-235b-4618-b459-ad45d7179ebe","local_time":"20190621115656","is_ascension_mode":true,"campfire_choices":[{"floor":7,"key":"REST"},{"floor":10,"key":"REST"},{"data":"Backflip","floor":15,"key":"SMITH"},{"floor":23,"key":"REST"}],"neow_cost":"NONE","seed_source_timestamp":805573274614218,"circlet_count":0,"master_deck":["Defend_G","Defend_G","Defend_G","Defend_G","Defend_G","Survivor","Neutralize","Deadly Poison","Backflip+1","Deadly Poison","Cloak And Dagger","Footwork","Flying Knee","Slice","Corpse Explosion","All Out Attack","Noxious Fumes","Cloak And Dagger","After Image","Dagger Spray","Crippling Poison","Well Laid Plans","Acrobatics","Sucker Punch+1","Deadly Poison","Bite","Bite","Bite","Bite","Bite"],"relics":["Ring of the Snake","Tough Bandages","Question Card","Philosopher\u0027s Stone","Snake Skull"],"potions_floor_usage":[6,16,22,28],"damage_taken":[{"damage":6,"enemies":"Small Slimes","floor":1,"turns":6},{"damage":1,"enemies":"Jaw Worm","floor":2,"turns":4},{"damage":3,"enemies":"2 Louse","floor":3,"turns":3},{"damage":0,"enemies":"2 Fungi Beasts","floor":5,"turns":4},{"damage":34,"enemies":"3 Sentries","floor":6,"turns":13},{"damage":4,"enemies":"Looter","floor":8,"turns":4},{"damage":11,"enemies":"Large Slime","floor":11,"turns":5},{"damage":4,"enemies":"Blue Slaver","floor":13,"turns":4},{"damage":0,"enemies":"3 Louse","floor":14,"turns":1},{"damage":26,"enemies":"Hexaghost","floor":16,"turns":10},{"damage":15,"enemies":"Shell Parasite","floor":18,"turns":5},{"damage":0,"enemies":"3 Byrds","floor":19,"turns":3},{"damage":21,"enemies":"Snake Plant","floor":20,"turns":5},{"damage":13,"enemies":"Sentry and Sphere","floor":21,"turns":9},{"damage":3,"enemies":"Centurion and Healer","floor":22,"turns":6},{"damage":8,"enemies":"3 Cultists","floor":24,"turns":4},{"damage":29,"enemies":"Colosseum Slavers","floor":25,"turns":6},{"damage":13,"enemies":"Shelled Parasite and Fungi","floor":28,"turns":2}],"seed_played":"-5153863581764107763","potions_obtained":[{"floor":1,"key":"Ancient Potion"},{"floor":3,"key":"Swift Potion"},{"floor":5,"key":"GhostInAJar"},{"floor":16,"key":"FearPotion"},{"floor":18,"key":"LiquidBronze"},{"floor":20,"key":"Block Potion"},{"floor":22,"key":"LiquidBronze"}],"is_trial":false,"path_per_floor":["M","M","M","$","M","E","R","M","T","R","M","?","M","M","R","B",null,"M","M","M","M","M","R","M","?","T","?","M"],"character_chosen":"THE_SILENT","items_purchased":["Cloak And Dagger","Footwork"],"campfire_rested":3,"item_purchase_floors":[4,4],"current_hp_per_floor":[64,63,60,60,60,26,49,45,45,68,57,76,72,72,72,46,69,54,54,33,20,17,40,32,3,3,3,0],"gold":314,"neow_bonus":"TEN_PERCENT_HP_BONUS","is_prod":false,"is_daily":false,"chose_seed":false,"campfire_upgraded":1,"win_rate":0,"timestamp":1561143416,"path_taken":["M","M","M","$","M","E","R","M","T","R","M","?","M","M","R","BOSS","M","M","M","M","M","R","M","?","T","?","M"],"build_version":"2019-01-23","purchased_purges":0,"victory":false,"max_hp_per_floor":[77,77,77,77,77,77,77,77,77,77,77,77,77,77,77,77,77,77,77,77,77,77,77,77,77,77,53,53],"card_choices":[{"not_picked":["Expertise","Outmaneuver"],"picked":"Deadly Poison","floor":1},{"not_picked":["PiercingWail","Finisher"],"picked":"Backflip","floor":2},{"not_picked":["Die Die Die","Backflip"],"picked":"Deadly Poison","floor":3},{"not_picked":["Caltrops","Acrobatics"],"picked":"Flying Knee","floor":5},{"not_picked":["Blur","Endless Agony"],"picked":"Slice","floor":6},{"not_picked":["Acrobatics","Flying Knee"],"picked":"Corpse Explosion","floor":8},{"not_picked":["Calculated Gamble","Outmaneuver","Choke"],"picked":"All Out Attack","floor":11},{"not_picked":["Backflip","Dagger Throw","All Out Attack"],"picked":"Noxious Fumes","floor":13},{"not_picked":["PiercingWail","Escape Plan","Dagger Throw"],"picked":"Cloak And Dagger","floor":14},{"not_picked":["Phantasmal Killer","Doppelganger","Night Terror"],"picked":"After Image","floor":16},{"not_picked":["Dodge and Roll","Heel Hook+1","Outmaneuver"],"picked":"Dagger Spray","floor":18},{"not_picked":["Bane","Cloak And Dagger","Quick Slash"],"picked":"Crippling Poison","floor":19},{"not_picked":["Concentrate+1","Skewer","Poisoned Stab"],"picked":"Well Laid Plans","floor":20},{"not_picked":["Blur","Quick Slash","Backflip"],"picked":"Acrobatics","floor":21},{"not_picked":["Deflect","Backflip","Finisher"],"picked":"Sucker Punch+1","floor":22},{"not_picked":["Quick Slash","Prepared","Acrobatics"],"picked":"Deadly Poison","floor":24}],"player_experience":639565,"relics_obtained":[{"floor":6,"key":"Tough Bandages"},{"floor":9,"key":"Question Card"},{"floor":26,"key":"Snake Skull"}],"event_choices":[{"damage_healed":19,"gold_gain":0,"player_choice":"Healed","damage_taken":0,"max_hp_gain":0,"max_hp_loss":0,"event_name":"The Cleric","floor":12,"gold_loss":35},{"damage_healed":0,"gold_gain":0,"player_choice":"Fight","damage_taken":0,"max_hp_gain":0,"max_hp_loss":0,"event_name":"Colosseum","floor":25,"gold_loss":0},{"damage_healed":0,"gold_gain":0,"player_choice":"Fled From Nobs","damage_taken":0,"max_hp_gain":0,"max_hp_loss":0,"event_name":"Colosseum","floor":25,"gold_loss":0},{"damage_healed":0,"gold_gain":0,"player_choice":"Became a vampire","damage_taken":0,"max_hp_gain":0,"max_hp_loss":24,"event_name":"Vampires","floor":27,"gold_loss":0,"cards_obtained":["Bite","Bite","Bite","Bite","Bite"]}],"is_beta":false,"boss_relics":[{"not_picked":["Sozu","Runic Pyramid"],"picked":"Philosopher\u0027s Stone"}],"items_purged_floors":[],"is_endless":false,"potions_floor_spawned":[1,3,5,16,18,20,22,24,25],"killed_by":"Shelled Parasite and Fungi","ascension_level":7}