{"gold_per_floor":[112,123,123,137,67,67,96,96,96,122,134,134,134,147,147,252,252,242,253,8,21,21,21],"floor_reached":23,"playtime":1132,"items_purged":[],"score":211,"play_id":"8b5bd9ba-e049-4419-b9bf-d0dc3282255f","local_time":"20190802172222","is_ascension_mode":true,"campfire_choices":[{"data":"Gash","floor":6,"key":"SMITH"},{"floor":8,"key":"REST"},{"data":"Echo Form","floor":12,"key":"SMITH"},{"floor":15,"key":"REST"}],"neow_cost":"NONE","seed_source_timestamp":354712031087900,"circlet_count":0,"master_deck":["Strike_B","Strike_B","Defend_B","Defend_B","Defend_B","Defend_B","Zap+1","Dualcast","Tempest","Genetic Algorithm","Gash+1","Go for the Eyes","Echo Form+1","Self Repair","Gash+1","Hologram","Thunder Strike+1","Ball Lightning+1","Steam","FTL+1"],"relics":["Cracked Core","Bottled Lightning","Question Card","Molten Egg 2","Singing Bowl","Empty Cage","Kunai"],"potions_floor_usage":[2,7,11,18,21],"damage_taken":[{"damage":1,"enemies":"Cultist","floor":1,"turns":3},{"damage":11,"enemies":"Jaw Worm","floor":2,"turns":2},{"damage":4,"enemies":"Small Slimes","floor":4,"turns":3},{"damage":30,"enemies":"3 Sentries","floor":7,"turns":9},{"damage":16,"enemies":"Lagavulin","floor":10,"turns":5},{"damage":5,"enemies":"Exordium Thugs","floor":11,"turns":4},{"damage":6,"enemies":"Red Slaver","floor":14,"turns":3},{"damage":11,"enemies":"Slime Boss","floor":16,"turns":8},{"damage":9,"enemies":"2 Thieves","floor":18,"turns":4},{"damage":19,"enemies":"3 Byrds","floor":19,"turns":5},{"damage":12,"enemies":"Snake Plant","floor":21,"turns":4},{"damage":67,"enemies":"Slavers","floor":23,"turns":4}],"seed_played":"-6855555400498094347","potions_obtained":[{"floor":1,"key":"PowerPotion"},{"floor":4,"key":"Fire Potion"},{"floor":10,"key":"Explosive Potion"},{"floor":16,"key":"Fire Potion"},{"floor":19,"key":"SkillPotion"}],"is_trial":false,"path_per_floor":["M","M","T","M","$","R","E","R","T","E","M","R","?","M","R","B",null,"M","M","$","M","?","E"],"character_chosen":"DEFECT","items_purchased":["Gash","Go for the Eyes","Kunai"],"campfire_rested":2,"item_purchase_floors":[5,5,20],"current_hp_per_floor":[74,63,63,59,59,59,29,51,51,37,32,32,32,33,56,52,77,75,70,70,65,65,0],"gold":21,"neow_bonus":"UPGRADE_CARD","is_prod":false,"is_daily":false,"chose_seed":false,"campfire_upgraded":2,"win_rate":0,"timestamp":1564791742,"path_taken":["M","M","?","M","?","R","E","R","T","E","M","R","?","M","R","BOSS","M","M","$","M","?","E"],"build_version":"2019-07-18","purchased_purges":0,"victory":false,"max_hp_per_floor":[75,75,75,75,75,75,75,75,75,77,77,77,77,77,77,77,77,77,77,77,77,77,77],"card_choices":[{"not_picked":["Rebound","Static Discharge"],"picked":"Tempest","floor":1},{"not_picked":["Hologram","FTL"],"picked":"Genetic Algorithm","floor":2},{"not_picked":["Redo","Heatsinks","Reprogram"],"picked":"SKIP","floor":4},{"not_picked":["Defragment","Ball Lightning"],"picked":"Echo Form","floor":7},{"not_picked":["Rip and Tear+1","Streamline+1","Echo Form","Darkness"],"picked":"Singing Bowl","floor":10},{"not_picked":["Sweeping Beam+1","Cold Snap+1","Stack"],"picked":"Self Repair","floor":11},{"not_picked":["Cold Snap+1","Machine Learning","Doom and Gloom+1"],"picked":"Hologram","floor":14},{"not_picked":["Electrodynamics","Meteor Strike+1","Reboot"],"picked":"Thunder Strike+1","floor":16},{"not_picked":["Go for the Eyes+1","Doom and Gloom+1","Redo"],"picked":"Ball Lightning+1","floor":18},{"not_picked":["Ball Lightning+1","Coolheaded","Double Energy+1"],"picked":"Steam","floor":19},{"not_picked":["Auto Shields","Sweeping Beam+1","Stack+1"],"picked":"FTL+1","floor":21}],"player_experience":1356542,"relics_obtained":[{"floor":3,"key":"Bottled Lightning"},{"floor":7,"key":"Question Card"},{"floor":9,"key":"Molten Egg 2"},{"floor":10,"key":"Singing Bowl"}],"event_choices":[{"damage_healed":0,"gold_gain":0,"player_choice":"1 cards matched","damage_taken":0,"max_hp_gain":0,"max_hp_loss":0,"event_name":"Match and Keep!","floor":13,"gold_loss":0,"cards_obtained":["Gash"]},{"damage_healed":0,"gold_gain":0,"player_choice":"Ignored","damage_taken":0,"max_hp_gain":0,"max_hp_loss":0,"event_name":"NoteForYourself","floor":22,"gold_loss":0}],"is_beta":true,"boss_relics":[{"not_picked":["Philosopher\u0027s Stone","Calling Bell"],"picked":"Empty Cage"}],"items_purged_floors":[],"is_endless":false,"potions_floor_spawned":[1,4,10,16,19],"killed_by":"Slavers","ascension_level":1}