{"gold_per_floor":[12,32,50,61,31,57,57,78,78,91,91,106,122,138,138,266,266,289,8,8,29,29,73,89,89,89,188,34,34,34,55,55,185,185,210,235,250,266,266,266,266,266,266,266,299,299],"floor_reached":46,"playtime":4575,"items_purged":[],"score":522,"play_id":"59b9662f-051b-489d-8467-7ec0afc1784e","local_time":"20191013015035","is_ascension_mode":false,"campfire_choices":[{"data":"Body Slam","floor":7,"key":"SMITH"},{"floor":15,"key":"REST"},{"floor":29,"key":"REST"},{"floor":32,"key":"REST"},{"floor":40,"key":"REST"},{"floor":42,"key":"REST"}],"neow_cost":"NO_GOLD","seed_source_timestamp":404814977670200,"circlet_count":0,"master_deck":["Strike_R+1","Strike_R+1","Strike_R+1","Strike_R+1","Strike_R+1","Defend_R+1","Defend_R+1","Defend_R+1","Defend_R+1","Bash","Metallicize","Body Slam","Entrench","Armaments","Metallicize","Sentinel","Iron Wave","Demon Form","Body Slam+1","Anger","Exhume+1","Havoc+1","Seeing Red+1","Armaments+1","Injury","Battle Trance+1","Wild Strike","Twin Strike","Shrug It Off+1","Limit Break+1","Anger+1","Iron Wave","Inflame","Shrug It Off+1","Warcry+1","Ghostly Armor+1","Rage+1","Body Slam","Twin Strike","Blind+1","Enlightenment+1","Anger","Reaper","Impervious+1","Reckless Charge","Spot Weakness+1","Iron Wave+1","Headbutt+1","Cleave+1","Double Tap+1","Ghostly Armor+1","Twin Strike","Madness+1","Madness+1","Chrysalis+1","Armaments+1"],"relics":["Black Blood","Prayer Wheel","Toxic Egg 2","Odd Mushroom","The Courier","Golden Idol","Fusion Hammer","Kunai","Incense Burner","Gremlin Horn","Darkstone Periapt","Regal Pillow"],"potions_floor_usage":[5,16,16,16,24,31,33,38,46],"damage_taken":[{"damage":5,"enemies":"Cultist","floor":1,"turns":4},{"damage":8,"enemies":"2 Louse","floor":2,"turns":3},{"damage":3,"enemies":"Jaw Worm","floor":3,"turns":5},{"damage":11,"enemies":"Exordium Wildlife","floor":4,"turns":10},{"damage":0,"enemies":"Looter","floor":5,"turns":4},{"damage":21,"enemies":"Gremlin Nob","floor":6,"turns":6},{"damage":17,"enemies":"The Mushroom Lair","floor":8,"turns":6},{"damage":2,"enemies":"Blue Slaver","floor":10,"turns":3},{"damage":16,"enemies":"Lots of Slimes","floor":12,"turns":7},{"damage":1,"enemies":"Large Slime","floor":13,"turns":8},{"damage":13,"enemies":"3 Louse","floor":14,"turns":5},{"damage":15,"enemies":"Hexaghost","floor":16,"turns":9},{"damage":16,"enemies":"Spheric Guardian","floor":18,"turns":4},{"damage":7,"enemies":"Shell Parasite","floor":21,"turns":6},{"damage":64,"enemies":"Gremlin Leader","floor":23,"turns":11},{"damage":8,"enemies":"Sentry and Sphere","floor":24,"turns":8},{"damage":3,"enemies":"Cultist and Chosen","floor":31,"turns":12},{"damage":38,"enemies":"Collector","floor":33,"turns":10},{"damage":19,"enemies":"Orb Walker","floor":35,"turns":4},{"damage":3,"enemies":"3 Shapes","floor":36,"turns":4},{"damage":19,"enemies":"Sphere and 2 Shapes","floor":37,"turns":6},{"damage":21,"enemies":"3 Darklings","floor":38,"turns":8},{"damage":72,"enemies":"Reptomancer","floor":45,"turns":8},{"damage":19,"enemies":"Maw","floor":46,"turns":4}],"seed_played":"381031224875527192","potions_obtained":[{"floor":1,"key":"Swift Potion"},{"floor":3,"key":"Energy Potion"},{"floor":6,"key":"PowerPotion"},{"floor":10,"key":"Poison Potion"},{"floor":18,"key":"Ancient Potion"},{"floor":24,"key":"Regen Potion"},{"floor":31,"key":"Block Potion"},{"floor":35,"key":"Explosive Potion"},{"floor":45,"key":"Poison Potion"}],"is_trial":false,"path_per_floor":["M","M","M","M","M","E","R","?","T","M","?","M","M","M","R","B",null,"M","$","?","M","$","E","M","?","T","?","$","R","$","M","R","B",null,"M","M","M","M","?","R","?","R","T","?","E","M"],"character_chosen":"IRONCLAD","items_purchased":["Inflame","Shrug It Off+1","Kunai","Blind+1","Enlightenment+1"],"campfire_rested":5,"item_purchase_floors":[19,19,19,28,28],"current_hp_per_floor":[80,78,80,75,80,65,65,54,54,58,58,48,53,46,70,61,80,70,70,70,69,69,11,9,9,9,9,9,33,33,51,75,43,80,71,78,69,69,69,80,70,80,80,80,18,0],"gold":299,"neow_bonus":"ONE_RARE_RELIC","is_prod":false,"is_daily":false,"chose_seed":false,"campfire_upgraded":1,"win_rate":0,"timestamp":1570949435,"path_taken":["M","M","M","M","M","E","R","?","T","M","?","M","M","M","R","BOSS","M","$","?","M","$","E","M","?","T","?","?","R","$","M","R","BOSS","M","?","M","M","?","R","?","R","T","?","E","M"],"build_version":"2019-07-17","purchased_purges":0,"victory":false,"max_hp_per_floor":[80,80,80,80,80,80,80,80,80,80,80,80,80,80,80,80,80,80,80,80,80,80,80,80,80,80,80,80,80,80,80,80,80,80,80,80,80,80,80,80,80,80,80,80,80,80],"card_choices":[{"not_picked":["Flex","Inflame"],"picked":"Metallicize","floor":1},{"not_picked":["Intimidate","Evolve"],"picked":"Body Slam","floor":1},{"not_picked":["Wild Strike","Warcry"],"picked":"Entrench","floor":2},{"not_picked":["Clash","Hemokinesis"],"picked":"Armaments","floor":2},{"not_picked":["Havoc","Cleave"],"picked":"Metallicize","floor":3},{"not_picked":["Carnage","Cleave"],"picked":"Sentinel","floor":3},{"not_picked":["Headbutt","Havoc"],"picked":"Iron Wave","floor":4},{"not_picked":["Thunderclap","Warcry"],"picked":"Demon Form","floor":4},{"not_picked":["Headbutt","True Grit"],"picked":"Body Slam","floor":5},{"not_picked":["Burning Pact","Disarm"],"picked":"Anger","floor":5},{"not_picked":["Cleave","Burning Pact"],"picked":"Exhume","floor":6},{"not_picked":["True Grit+1","Cleave"],"picked":"Havoc+1","floor":8},{"not_picked":["Headbutt","Spot Weakness+1"],"picked":"Seeing Red+1","floor":10},{"not_picked":["Iron Wave","Shrug It Off+1"],"picked":"Armaments+1","floor":10},{"not_picked":["Iron Wave","Twin Strike"],"picked":"Battle Trance+1","floor":12},{"not_picked":["Headbutt","Heavy Blade","Metallicize"],"picked":"SKIP","floor":12},{"not_picked":["Headbutt","Iron Wave"],"picked":"Wild Strike","floor":13},{"not_picked":["Pommel Strike","Brutality","Dual Wield+1"],"picked":"SKIP","floor":13},{"not_picked":["Whirlwind","Armaments+1"],"picked":"Twin Strike","floor":14},{"not_picked":["Blood for Blood","Twin Strike"],"picked":"Shrug It Off+1","floor":14},{"not_picked":["Fiend Fire","Dark Embrace"],"picked":"Limit Break+1","floor":16},{"not_picked":["Clash","Thunderclap"],"picked":"Anger+1","floor":18},{"not_picked":["Feel No Pain","Hemokinesis"],"picked":"Iron Wave","floor":18},{"not_picked":["Havoc+1","Iron Wave"],"picked":"Warcry+1","floor":21},{"not_picked":["Battle Trance+1","Hemokinesis"],"picked":"Ghostly Armor+1","floor":21},{"not_picked":["Armaments+1","Perfected Strike"],"picked":"Rage+1","floor":23},{"not_picked":["Headbutt","Power Through+1"],"picked":"Body Slam","floor":24},{"not_picked":["Battle Trance+1","Blood for Blood"],"picked":"Twin Strike","floor":24},{"not_picked":["Battle Trance+1","Headbutt"],"picked":"Anger","floor":31},{"not_picked":["Dual Wield+1","Clash"],"picked":"Reaper","floor":31},{"not_picked":["Offering+1","Reaper"],"picked":"Impervious+1","floor":33},{"not_picked":["Bloodletting+1","Wild Strike"],"picked":"Reckless Charge","floor":35},{"not_picked":["Dual Wield+1","Sword Boomerang"],"picked":"Spot Weakness+1","floor":35},{"not_picked":["Spot Weakness+1","Heavy Blade"],"picked":"Iron Wave+1","floor":36},{"not_picked":["Spot Weakness+1","Evolve"],"picked":"Headbutt+1","floor":36},{"not_picked":["Heavy Blade","True Grit+1"],"picked":"Cleave+1","floor":37},{"not_picked":["Clash+1","Metallicize+1"],"picked":"Double Tap+1","floor":37},{"not_picked":["Pommel Strike","Inflame"],"picked":"Ghostly Armor+1","floor":38},{"not_picked":["Clash","Body Slam+1"],"picked":"Twin Strike","floor":38},{"not_picked":["Good Instincts+1","Mind Blast"],"picked":"Chrysalis+1","floor":44},{"not_picked":["Shrug It Off+1","Rupture+1"],"picked":"Armaments+1","floor":45}],"player_experience":125383,"relics_obtained":[{"floor":6,"key":"Toxic Egg 2"},{"floor":8,"key":"Odd Mushroom"},{"floor":9,"key":"The Courier"},{"floor":23,"key":"Incense Burner"},{"floor":26,"key":"Gremlin Horn"},{"floor":43,"key":"Darkstone Periapt"},{"floor":45,"key":"Regal Pillow"}],"event_choices":[{"damage_healed":0,"gold_gain":0,"player_choice":"Fought Mushrooms","damage_taken":0,"max_hp_gain":0,"max_hp_loss":0,"event_name":"Mushrooms","floor":8,"gold_loss":0},{"damage_healed":0,"gold_gain":0,"player_choice":"Take Wound","damage_taken":0,"relics_obtained":["Golden Idol"],"max_hp_gain":0,"max_hp_loss":0,"event_name":"Golden Idol","floor":11,"gold_loss":0,"cards_obtained":["Injury"]},{"damage_healed":0,"gold_gain":0,"player_choice":"Simplicity","damage_taken":0,"max_hp_gain":0,"max_hp_loss":0,"event_name":"Back to Basics","floor":20,"gold_loss":0,"cards_upgraded":["Strike_R","Strike_R","Strike_R","Strike_R","Strike_R","Defend_R","Defend_R","Defend_R","Defend_R"]},{"damage_healed":0,"gold_gain":0,"player_choice":"Ignored","damage_taken":0,"max_hp_gain":0,"max_hp_loss":0,"event_name":"Cursed Tome","floor":25,"gold_loss":0},{"damage_healed":0,"gold_gain":99,"player_choice":"Stole From Cult","damage_taken":0,"max_hp_gain":0,"max_hp_loss":0,"event_name":"Nest","floor":27,"gold_loss":0},{"damage_healed":0,"gold_gain":0,"player_choice":"Ignored","damage_taken":0,"max_hp_gain":0,"max_hp_loss":0,"event_name":"Tomb of Lord Red Mask","floor":39,"gold_loss":0},{"damage_healed":0,"gold_gain":0,"player_choice":"Embrace Madness","damage_taken":10,"max_hp_gain":0,"max_hp_loss":0,"event_name":"Winding Halls","floor":41,"gold_loss":0,"cards_obtained":["Madness","Madness"]},{"damage_healed":0,"gold_gain":0,"player_choice":"Memory 1","damage_taken":0,"max_hp_gain":0,"max_hp_loss":0,"event_name":"SensoryStone","floor":44,"gold_loss":0}],"is_beta":false,"boss_relics":[{"not_picked":["Calling Bell","Black Star"],"picked":"Fusion Hammer"},{"not_picked":["Runic Dome","Eternal Feather"],"picked":"Black Blood"}],"items_purged_floors":[],"is_endless":false,"potions_floor_spawned":[1,3,6,10,14,18,24,31,35,45],"killed_by":"Maw","ascension_level":0}