{"gold_per_floor":[119,119,136,152,167,167,23,23,23,23,37,57,70,120,120,197,197,217,235,41,41,41,71,71,71,122,122,122],"floor_reached":28,"playtime":5841,"items_purged":["Dualcast","Strike_B"],"score":399,"play_id":"62563be3-995a-4739-9d52-32b147912f38","local_time":"20190616133944","is_ascension_mode":true,"campfire_choices":[{"data":"Zap","floor":6,"key":"SMITH"},{"data":"Hologram","floor":8,"key":"SMITH"},{"data":"Loop","floor":15,"key":"SMITH"},{"data":"Echo Form","floor":24,"key":"SMITH"},{"data":"Turbo","floor":27,"key":"SMITH"}],"neow_cost":"NONE","seed_source_timestamp":0,"circlet_count":0,"master_deck":["AscendersBane","Strike_B","Strike_B","Strike_B","Defend_B","Defend_B","Defend_B","Defend_B","Zap+1","Madness","Undo","Loop+1","Ball Lightning","Hologram+1","Capacitor","BootSequence","Creative AI","Chill","Coolheaded+1","Turbo+1","Go for the Eyes","Echo Form+1"],"special_seed":0,"relics":["Cracked Core","StoneCalendar","Coffee Dripper","Gambling Chip","Art of War"],"potions_floor_usage":[11,18,18],"damage_taken":[{"damage":4.0,"enemies":"Jaw Worm","floor":1.0,"turns":3.0},{"damage":0.0,"enemies":"Cultist","floor":3.0,"turns":3.0},{"damage":6.0,"enemies":"2 Louse","floor":4.0,"turns":2.0},{"damage":1,"enemies":"Looter","floor":5,"turns":4},{"damage":7,"enemies":"Gremlin Gang","floor":11,"turns":5},{"damage":1,"enemies":"Large Slime","floor":12,"turns":6},{"damage":4,"enemies":"Looter","floor":13,"turns":4},{"damage":24,"enemies":"The Guardian","floor":16,"turns":10},{"damage":7,"enemies":"Chosen","floor":18,"turns":5},{"damage":4,"enemies":"Shell Parasite","floor":19,"turns":7},{"damage":11,"enemies":"Colosseum Slavers","floor":22,"turns":7},{"damage":19,"enemies":"Book of Stabbing","floor":23,"turns":7},{"damage":23,"enemies":"Snake Plant","floor":28,"turns":3}],"seed_played":"2606467523460562739","potions_obtained":[{"floor":1.0,"key":"Explosive Potion"},{"floor":3.0,"key":"PowerPotion"},{"floor":16,"key":"Block Potion"},{"floor":18,"key":"Fruit Juice"}],"is_trial":false,"path_per_floor":["M","?","M","M","M","R","$","R","T","$","M","M","M","?","R","B",null,"M","M","$","?","?","E","R","?","T","R","M"],"character_chosen":"DEFECT","items_purchased":["Capacitor","Turbo","Go for the Eyes"],"campfire_rested":0,"item_purchase_floors":[7,20,20],"current_hp_per_floor":[60,60,60,54,53,53,53,53,53,53,46,45,41,41,41,17,58,56,52,52,52,41,22,22,22,22,22,0],"gold":122,"neow_bonus":"RANDOM_COLORLESS","is_prod":false,"is_daily":false,"chose_seed":false,"campfire_upgraded":5,"win_rate":0,"timestamp":1560717584,"path_taken":["M","?","M","M","M","R","?","R","T","$","M","M","?","?","R","BOSS","M","M","$","?","?","E","R","?","T","R","M"],"build_version":"2019-01-23","purchased_purges":2,"victory":false,"max_hp_per_floor":[71,71,71,71,71,71,71,71,71,71,71,71,71,71,71,71,71,76,76,76,76,76,76,76,76,76,76,76],"card_choices":[{"not_picked":["Go for the Eyes","Redo"],"picked":"Undo","floor":1.0},{"not_picked":["Darkness","Gash"],"picked":"Ball Lightning","floor":3.0},{"not_picked":["Beam Cell","Streamline","Meteor Strike"],"picked":"SKIP","floor":4.0},{"not_picked":["Beam Cell","Streamline"],"picked":"Hologram","floor":5},{"not_picked":["Compile Driver","Storm","Scrape"],"picked":"SKIP","floor":11},{"not_picked":["Rip and Tear","Beam Cell"],"picked":"BootSequence","floor":12},{"not_picked":["Turbo","Fusion","Compile Driver"],"picked":"SKIP","floor":13},{"not_picked":["Amplify","Buffer"],"picked":"Creative AI","floor":16},{"not_picked":["Go for the Eyes","Leap"],"picked":"Chill","floor":18},{"not_picked":["BootSequence","Rebound"],"picked":"Coolheaded","floor":19},{"not_picked":["Skim","Streamline"],"picked":"Echo Form","floor":23}],"player_experience":1267299,"relics_obtained":[{"floor":9,"key":"StoneCalendar"},{"floor":23,"key":"Gambling Chip"},{"floor":26,"key":"Art of War"}],"event_choices":[{"damage_healed":0.0,"max_hp_gain":0.0,"max_hp_loss":0.0,"gold_gain":0.0,"event_name":"Match and Keep!","player_choice":"1 cards matched","floor":2.0,"gold_loss":0.0,"damage_taken":0.0,"cards_obtained":["Loop"]},{"damage_healed":0,"gold_gain":50,"player_choice":"Pray","damage_taken":0,"max_hp_gain":0,"max_hp_loss":0,"event_name":"Golden Shrine","floor":14,"gold_loss":0},{"damage_healed":0,"gold_gain":0,"player_choice":"Ignored","damage_taken":0,"max_hp_gain":0,"max_hp_loss":0,"event_name":"Ghosts","floor":21,"gold_loss":0},{"damage_healed":0,"gold_gain":0,"player_choice":"Fight","damage_taken":0,"max_hp_gain":0,"max_hp_loss":0,"event_name":"Colosseum","floor":22,"gold_loss":0},{"damage_healed":0,"gold_gain":0,"player_choice":"Fled From Nobs","damage_taken":0,"max_hp_gain":0,"max_hp_loss":0,"event_name":"Colosseum","floor":22,"gold_loss":0},{"damage_healed":0,"gold_gain":0,"player_choice":"Upgraded","damage_taken":0,"max_hp_gain":0,"max_hp_loss":0,"event_name":"Upgrade Shrine","floor":25,"gold_loss":0,"cards_upgraded":["Coolheaded"]}],"is_beta":false,"boss_relics":[{"not_picked":["Velvet Choker","Eternal Feather"],"picked":"Coffee Dripper"}],"items_purged_floors":[7,20],"is_endless":false,"potions_floor_spawned":[1,3,16,18],"killed_by":"Snake Plant","ascension_level":15}