{"gold_per_floor":[115,130,50,64,64,64,92,92,117,87,107,107,187,199,199,301,301,290,290,304,321,335,352,352,98,98,98],"floor_reached":27,"playtime":4462,"items_purged":[],"score":215,"play_id":"a4d998f5-7cfa-42e3-8620-33357f2c1ae0","local_time":"20190326163830","is_ascension_mode":false,"campfire_choices":[{"data":"Neutralize","floor":6,"key":"SMITH"},{"floor":8,"key":"REST"},{"floor":12,"key":"REST"},{"floor":15,"key":"REST"},{"floor":24,"key":"REST"}],"neow_cost":"NONE","seed_source_timestamp":446961184171900,"circlet_count":0,"master_deck":["Defend_G","Defend_G","Defend_G","Defend_G","Defend_G","Strike_G","Strike_G","Strike_G","Strike_G","Survivor","Neutralize+1","Heel Hook","Flying Knee","Accuracy+1","Slice","Choke","Blade Dance","Cloak And Dagger","After Image","Escape Plan","Strike_G","Acrobatics+1","Endless Agony","Bouncing Flask","Deadly Poison","Infinite Blades","Chrysalis","Backflip"],"relics":["Lizard Tail","Omamori","Snake Skull","Eternal Feather","Potion Belt"],"potions_floor_usage":[14,16,16,16,22,22,23],"damage_taken":[{"damage":4,"enemies":"Small Slimes","floor":1,"turns":6},{"damage":0,"enemies":"Cultist","floor":2,"turns":5},{"damage":0,"enemies":"2 Louse","floor":4,"turns":3},{"damage":39,"enemies":"Gremlin Nob","floor":7,"turns":6},{"damage":9,"enemies":"Blue Slaver","floor":11,"turns":3},{"damage":3,"enemies":"Lots of Slimes","floor":14,"turns":2},{"damage":57,"enemies":"Hexaghost","floor":16,"turns":16},{"damage":9,"enemies":"2 Thieves","floor":18,"turns":4},{"damage":9,"enemies":"Shell Parasite","floor":20,"turns":8},{"damage":34,"enemies":"Centurion and Healer","floor":21,"turns":11},{"damage":32,"enemies":"3 Cultists","floor":22,"turns":8},{"damage":23,"enemies":"Chosen and Byrds","floor":23,"turns":7},{"damage":53,"enemies":"Sentry and Sphere","floor":27,"turns":7}],"seed_played":"3080031935741422374","potions_obtained":[{"floor":2,"key":"AttackPotion"},{"floor":10,"key":"EssenceOfSteel"},{"floor":10,"key":"EssenceOfSteel"},{"floor":14,"key":"Explosive Potion"},{"floor":16,"key":"Regen Potion"},{"floor":18,"key":"GamblersBrew"},{"floor":20,"key":"SkillPotion"},{"floor":22,"key":"Swift Potion"}],"is_trial":false,"path_per_floor":["M","M","$","M","?","R","E","R","T","?","M","R","?","M","R","B",null,"M","?","M","M","M","M","R","$","T","M"],"character_chosen":"THE_SILENT","items_purchased":["Accuracy","Infinite Blades","Chrysalis","Backflip"],"campfire_rested":4,"item_purchase_floors":[3,25,25,25],"current_hp_per_floor":[66,66,66,66,66,66,27,48,48,48,39,60,60,57,70,13,70,61,61,52,18,36,13,49,49,49,0],"gold":98,"neow_bonus":"BOSS_RELIC","is_prod":false,"is_daily":false,"chose_seed":false,"campfire_upgraded":1,"win_rate":0.0,"timestamp":1553639910,"path_taken":["M","M","$","M","?","R","E","R","T","?","?","R","?","M","R","BOSS","M","?","M","M","M","M","R","$","T","?"],"build_version":"2019-01-23","purchased_purges":0,"victory":false,"max_hp_per_floor":[70,70,70,70,70,70,70,70,70,70,70,70,70,70,70,70,70,70,70,70,70,70,70,70,70,70,70],"card_choices":[{"not_picked":["Prepared","Blur"],"picked":"Heel Hook","floor":1},{"not_picked":["Finisher","PiercingWail"],"picked":"Flying Knee","floor":2},{"not_picked":["PiercingWail","Quick Slash"],"picked":"Slice","floor":4},{"not_picked":["Flechettes","Underhanded Strike"],"picked":"Choke","floor":7},{"not_picked":["Deadly Poison","Dagger Spray"],"picked":"Blade Dance","floor":11},{"not_picked":["Backflip","Deflect"],"picked":"Cloak And Dagger","floor":14},{"not_picked":["Malaise","Adrenaline"],"picked":"After Image","floor":16},{"not_picked":["Cloak And Dagger","Eviscerate"],"picked":"Escape Plan","floor":18},{"not_picked":["Sucker Punch","Dodge and Roll"],"picked":"Acrobatics+1","floor":20},{"not_picked":["Acrobatics","Well Laid Plans+1"],"picked":"Endless Agony","floor":21},{"not_picked":["Underhanded Strike","Deadly Poison+1"],"picked":"Bouncing Flask","floor":22},{"not_picked":["Flying Knee","Venomology"],"picked":"Deadly Poison","floor":23}],"player_experience":38645,"relics_obtained":[{"floor":7,"key":"Omamori"},{"floor":9,"key":"Snake Skull"},{"floor":26,"key":"Potion Belt"}],"event_choices":[{"damage_healed":0,"gold_gain":0,"player_choice":"Grow","damage_taken":0,"max_hp_gain":0,"max_hp_loss":0,"event_name":"Living Wall","floor":5,"gold_loss":0,"cards_upgraded":["Accuracy"]},{"damage_healed":0,"gold_gain":0,"player_choice":"Bought 2 Potions","damage_taken":0,"max_hp_gain":0,"max_hp_loss":0,"event_name":"The Woman in Blue","floor":10,"gold_loss":0},{"damage_healed":0,"gold_gain":80,"player_choice":"Gained Gold","damage_taken":0,"max_hp_gain":0,"max_hp_loss":0,"event_name":"Golden Wing","floor":13,"gold_loss":0},{"cards_removed":["Strike_G"],"damage_healed":0,"gold_gain":0,"player_choice":"Took Card","damage_taken":0,"max_hp_gain":0,"max_hp_loss":0,"event_name":"NoteForYourself","floor":19,"gold_loss":0,"cards_obtained":["Strike_G"]}],"is_beta":false,"boss_relics":[{"not_picked":["HoveringKite","Busted Crown"],"picked":"Eternal Feather"}],"items_purged_floors":[],"is_endless":false,"potions_floor_spawned":[2,14,16,18,20,22],"killed_by":"Sentry and Sphere","ascension_level":0}