{"gold_per_floor":[114,133,133,83,8,8,8,19,19,33,33,52,52,62,62,164,214,225,125,143,162,182,182,202,4,76,76,76,95,113,133,133,133],"floor_reached":33,"playtime":2677,"items_purged":["Strike_G","Strike_G"],"score":243,"play_id":"299d8dbc-225f-46e6-b75d-7a208efe7412","local_time":"20191014164618","is_ascension_mode":false,"campfire_choices":[{"data":"Leg Sweep","floor":6.0,"key":"SMITH"},{"data":"Catalyst","floor":13.0,"key":"SMITH"},{"floor":15.0,"key":"REST"},{"floor":23.0,"key":"REST"},{"floor":32.0,"key":"REST"}],"neow_cost":"NONE","seed_source_timestamp":87506368821400,"circlet_count":0,"master_deck":["Strike_G","Strike_G+1","Defend_G","Defend_G","Defend_G","Survivor","Neutralize","Sucker Punch","Leg Sweep+1","Catalyst+1","PiercingWail","Poisoned Stab","Corpse Explosion+1","Crippling Poison","Bane","Dodge and Roll+1","Footwork","Backflip","Dodge and Roll+1","Bane","Catalyst"],"special_seed":0,"relics":["Ring of the Snake","Peace Pipe","Tiny House","HandDrill","Sundial","Enchiridion"],"potions_floor_usage":[],"damage_taken":[{"damage":0.0,"enemies":"Jaw Worm","floor":1.0,"turns":4.0},{"damage":0.0,"enemies":"2 Louse","floor":2.0,"turns":3.0},{"damage":0.0,"enemies":"Small Slimes","floor":8.0,"turns":4.0},{"damage":0.0,"enemies":"Red Slaver","floor":10.0,"turns":6.0},{"damage":7.0,"enemies":"Exordium Wildlife","floor":12.0,"turns":12.0},{"damage":23.0,"enemies":"Large Slime","floor":14.0,"turns":9.0},{"damage":14.0,"enemies":"The Guardian","floor":16.0,"turns":8.0},{"damage":13.0,"enemies":"Spheric Guardian","floor":18.0,"turns":5.0},{"damage":10.0,"enemies":"Chosen","floor":20.0,"turns":6.0},{"damage":11.0,"enemies":"Centurion and Healer","floor":21.0,"turns":6.0},{"damage":13.0,"enemies":"Snake Plant","floor":22.0,"turns":9.0},{"damage":8.0,"enemies":"Snecko","floor":24.0,"turns":6.0},{"damage":14.0,"enemies":"Chosen and Byrds","floor":29.0,"turns":8.0},{"damage":7.0,"enemies":"Centurion and Healer","floor":30.0,"turns":10.0},{"damage":3.0,"enemies":"Snake Plant","floor":31.0,"turns":4.0},{"damage":26,"enemies":"Collector","floor":33,"turns":5}],"seed_played":"-5229866076588927177","potions_obtained":[{"floor":10.0,"key":"EntropicBrew"},{"floor":12.0,"key":"Fire Potion"},{"floor":17.0,"key":"EssenceOfSteel"},{"floor":22.0,"key":"SpeedPotion"},{"floor":29.0,"key":"Dexterity Potion"},{"floor":31.0,"key":"Swift Potion"}],"is_trial":false,"path_per_floor":["M","M","?","?","$","R","$","M","T","M","?","M","R","M","R","B",null,"M","$","M","M","M","R","M","$","T","?","?","M","M","M","R","B"],"character_chosen":"THE_SILENT","items_purchased":["HandDrill"],"campfire_rested":3,"item_purchase_floors":[25],"current_hp_per_floor":[70,70,70,70,70,70,70,70,70,70,70,63,63,40,61,47,75,62,62,52,41,28,50,42,42,42,26,26,12,5,2,24,0],"gold":133,"neow_bonus":"REMOVE_CARD","is_prod":false,"is_daily":false,"chose_seed":false,"campfire_upgraded":2,"win_rate":0.0,"timestamp":1571096778,"path_taken":["M","M","?","?","?","R","$","M","T","M","?","M","R","M","R","BOSS","M","$","M","M","M","R","M","?","T","?","?","M","M","M","R","BOSS"],"build_version":"2019-07-17","purchased_purges":2,"victory":false,"max_hp_per_floor":[70,70,70,70,70,70,70,70,70,70,70,70,70,70,70,70,75,75,75,75,75,75,75,75,75,75,75,75,75,75,75,75,75],"card_choices":[{"not_picked":["Prepared","Underhanded Strike"],"picked":"Sucker Punch","floor":1.0},{"not_picked":["Masterful Stab","Distraction","Underhanded Strike"],"picked":"SKIP","floor":2.0},{"not_picked":["Finisher","Outmaneuver"],"picked":"Catalyst","floor":8.0},{"not_picked":["Reflex","Terror"],"picked":"PiercingWail","floor":10.0},{"not_picked":["Choke","Leg Sweep"],"picked":"Poisoned Stab","floor":12.0},{"not_picked":["Expertise","Prepared","Sucker Punch"],"picked":"SKIP","floor":14.0},{"not_picked":["Envenom","After Image"],"picked":"Corpse Explosion","floor":16.0},{"not_picked":["Flying Knee","Terror"],"picked":"Crippling Poison","floor":17.0},{"not_picked":["Calculated Gamble","Outmaneuver"],"picked":"Bane","floor":18.0},{"not_picked":["Finisher","Well Laid Plans"],"picked":"Dodge and Roll+1","floor":20.0},{"not_picked":["Dagger Throw","Escape Plan"],"picked":"Footwork","floor":21.0},{"not_picked":["Reflex","Die Die Die"],"picked":"Backflip","floor":22.0},{"not_picked":["Poisoned Stab+1","Dagger Spray+1"],"picked":"Dodge and Roll+1","floor":24.0},{"not_picked":["Slice","Flying Knee"],"picked":"Bane","floor":29.0},{"not_picked":["Acrobatics","Slice+1","Leg Sweep"],"picked":"SKIP","floor":30.0},{"not_picked":["Predator+1","Deadly Poison"],"picked":"Catalyst","floor":31.0}],"player_experience":51497,"relics_obtained":[{"floor":9.0,"key":"Peace Pipe"},{"floor":26.0,"key":"Sundial"},{"floor":27.0,"key":"Enchiridion"}],"event_choices":[{"damage_healed":0.0,"max_hp_gain":0.0,"max_hp_loss":0.0,"gold_gain":0.0,"cards_transformed":["Strike_G"],"event_name":"Living Wall","player_choice":"Change","floor":3.0,"gold_loss":0.0,"damage_taken":0.0,"cards_obtained":["Leg Sweep"]},{"cards_removed":["Defend_G"],"damage_healed":0.0,"max_hp_gain":0.0,"max_hp_loss":0.0,"gold_gain":0.0,"event_name":"The Cleric","player_choice":"Card Removal","floor":4.0,"gold_loss":50.0,"damage_taken":0.0},{"damage_healed":0.0,"max_hp_gain":0.0,"max_hp_loss":0.0,"gold_gain":0.0,"event_name":"Match and Keep!","player_choice":"0 cards matched","floor":11.0,"gold_loss":0.0,"damage_taken":0.0,"cards_obtained":[]},{"damage_healed":0.0,"max_hp_gain":0.0,"max_hp_loss":0.0,"gold_gain":0.0,"event_name":"Cursed Tome","player_choice":"Obtained Book","floor":27.0,"gold_loss":0.0,"damage_taken":16.0},{"damage_healed":0.0,"max_hp_gain":0.0,"max_hp_loss":0.0,"gold_gain":0.0,"event_name":"Upgrade Shrine","player_choice":"Upgraded","floor":28.0,"gold_loss":0.0,"damage_taken":0.0,"cards_upgraded":["Corpse Explosion"]}],"is_beta":false,"boss_relics":[{"not_picked":["Ectoplasm","Empty Cage"],"picked":"Tiny House"}],"items_purged_floors":[5,19],"is_endless":false,"potions_floor_spawned":[10,12,14,18,22,29,31],"killed_by":"Collector","ascension_level":0}