{"gold_per_floor":[112,125,135,147,147,182,182,11,11,28,42,57,57],"floor_reached":13,"playtime":603,"items_purged":[],"score":89,"play_id":"93fb1cc3-9400-4207-8062-4874d4a30c43","local_time":"20191012104322","is_ascension_mode":false,"campfire_choices":[{"data":"Fusion","floor":7,"key":"SMITH"}],"neow_cost":"NONE","seed_source_timestamp":291989716636500,"circlet_count":0,"master_deck":["Strike_B","Strike_B","Strike_B","Defend_B","Defend_B","Defend_B","Defend_B","Zap","Dualcast","Redo","Streamline","Conserve Battery","Fusion+1","Tempest","Buffer","FTL","Chill","Redo","Lockon","Ball Lightning","Leap"],"relics":["Cracked Core","Orichalcum","Matryoshka"],"potions_floor_usage":[13],"damage_taken":[{"damage":0,"enemies":"Small Slimes","floor":1,"turns":3},{"damage":2,"enemies":"2 Louse","floor":2,"turns":3},{"damage":1,"enemies":"Cultist","floor":3,"turns":3},{"damage":0,"enemies":"2 Fungi Beasts","floor":4,"turns":3},{"damage":32,"enemies":"3 Sentries","floor":6,"turns":7},{"damage":0,"enemies":"Large Slime","floor":10,"turns":3},{"damage":17,"enemies":"Exordium Thugs","floor":11,"turns":5},{"damage":8,"enemies":"Looter","floor":12,"turns":3},{"damage":21,"enemies":"Lagavulin","floor":13,"turns":3}],"seed_played":"5479296768570343733","potions_obtained":[{"floor":4,"key":"SneckoOil"},{"floor":10,"key":"Weak Potion"},{"floor":11,"key":"FocusPotion"}],"is_trial":false,"path_per_floor":["M","M","M","M","?","E","R","$","T","M","M","M","E"],"character_chosen":"DEFECT","items_purchased":["FTL","Chill","Redo"],"campfire_rested":0,"item_purchase_floors":[8,8,8],"current_hp_per_floor":[75,73,72,72,77,45,45,45,45,45,28,20,0],"gold":57,"neow_bonus":"TRANSFORM_CARD","is_prod":false,"is_daily":false,"chose_seed":false,"campfire_upgraded":1,"win_rate":0.0,"timestamp":1570902202,"path_taken":["M","M","M","M","?","E","R","$","T","M","M","M","E"],"build_version":"2019-07-17","purchased_purges":0,"victory":false,"max_hp_per_floor":[75,75,75,75,80,80,80,80,80,80,80,80,80],"card_choices":[{"not_picked":["Beam Cell","Redo"],"picked":"Streamline","floor":1},{"not_picked":["Steam","Doom and Gloom"],"picked":"Conserve Battery","floor":2},{"not_picked":["Gash","Buffer"],"picked":"Fusion","floor":3},{"not_picked":["BootSequence","Gash"],"picked":"Tempest","floor":4},{"not_picked":["Aggregate","Stack"],"picked":"Buffer","floor":6},{"not_picked":["Auto Shields","Gash"],"picked":"Lockon","floor":10},{"not_picked":["Gash","Sweeping Beam"],"picked":"Ball Lightning","floor":11},{"not_picked":["Storm","Consume"],"picked":"Leap","floor":12}],"player_experience":58057,"relics_obtained":[{"floor":6,"key":"Orichalcum"},{"floor":9,"key":"Matryoshka"}],"event_choices":[{"damage_healed":0,"gold_gain":0,"player_choice":"Donut","damage_taken":0,"max_hp_gain":5,"max_hp_loss":0,"event_name":"Big Fish","floor":5,"gold_loss":0}],"is_beta":false,"boss_relics":[],"items_purged_floors":[],"is_endless":false,"potions_floor_spawned":[4,10,11,12],"killed_by":"Lagavulin","ascension_level":0}