{"gold_per_floor":[117,135,153,153,68,93,93,156,156,156,156,168,184,204,204,301,301,321,339,354,354,364,364,390,407,407,427,437,454,454,454,454,553,603,616,164,164,164,164,195,195,206,206,206,237,237,237,237,237,237],"floor_reached":50,"playtime":3246,"items_purged":[],"score":884,"play_id":"2ad8946a-5977-4a66-8f85-23de66af1e0c","local_time":"20181231150801","is_ascension_mode":true,"campfire_choices":[{"data":"True Grit","floor":7,"key":"SMITH"},{"data":"Armaments","floor":10,"key":"SMITH"},{"floor":15,"key":"REST"},{"floor":23,"key":"REST"},{"floor":30,"key":"REST"},{"floor":32,"key":"REST"},{"floor":41,"key":"REST"},{"floor":44,"key":"REST"},{"floor":46,"key":"REST"},{"floor":49,"key":"REST"}],"neow_cost":"NONE","seed_source_timestamp":937885014449187,"circlet_count":0,"master_deck":["AscendersBane","Strike_R","Strike_R","Strike_R","Strike_R","Strike_R","Defend_R+1","Defend_R","Defend_R","Defend_R","Bash","Armaments+1","True Grit+1","Clothesline+1","Inflame","Cleave","Power Through+1","Fiend Fire+1","Body Slam+1","Heavy Blade+1","Impervious","Sword Boomerang+1","Heavy Blade+1","Metallicize","Pommel Strike+1","Whirlwind+1","Rampage+1","Twin Strike+1","Thunderclap+1","Offering","Evolve","True Grit","Dark Shackles","Pain","Ghostly Armor","Shrug It Off+1","Headbutt+1","Sever Soul+1","Rage+1"],"relics":["Burning Blood","Mango","Molten Egg 2","Velvet Choker","Dream Catcher","Bottled Tornado","Tiny House","Lantern","Sundial","Mercury Hourglass","Juzu Bracelet"],"potions_floor_usage":[18,28,29,36,40,40,50,50],"damage_taken":[{"damage":8,"enemies":"2 Louse","floor":1,"turns":4},{"damage":12,"enemies":"Small Slimes","floor":2,"turns":4},{"damage":7,"enemies":"Cultist","floor":3,"turns":5},{"damage":48,"enemies":"3 Sentries","floor":6,"turns":11},{"damage":5,"enemies":"Red Slaver","floor":12,"turns":5},{"damage":1,"enemies":"2 Fungi Beasts","floor":13,"turns":4},{"damage":8,"enemies":"Exordium Thugs","floor":14,"turns":3},{"damage":24,"enemies":"The Guardian","floor":16,"turns":11},{"damage":1,"enemies":"Spheric Guardian","floor":18,"turns":4},{"damage":0,"enemies":"2 Thieves","floor":19,"turns":2},{"damage":32,"enemies":"Cultist and Chosen","floor":20,"turns":7},{"damage":37,"enemies":"Centurion and Healer","floor":22,"turns":9},{"damage":47,"enemies":"Gremlin Leader","floor":24,"turns":6},{"damage":15,"enemies":"Snecko","floor":25,"turns":6},{"damage":12,"enemies":"Chosen and Byrds","floor":27,"turns":8},{"damage":10,"enemies":"3 Cultists","floor":28,"turns":5},{"damage":0,"enemies":"Centurion and Healer","floor":29,"turns":5},{"damage":79,"enemies":"Collector","floor":33,"turns":10},{"damage":6,"enemies":"Orb Walker","floor":35,"turns":4},{"damage":81,"enemies":"Nemesis","floor":40,"turns":11},{"damage":22,"enemies":"3 Shapes","floor":42,"turns":3},{"damage":64,"enemies":"Reptomancer","floor":45,"turns":7},{"damage":117,"enemies":"Donu and Deca","floor":50,"turns":8}],"seed_played":"-5892468395646407564","potions_obtained":[{"floor":6,"key":"Dexterity Potion"},{"floor":16,"key":"Strength Potion"},{"floor":18,"key":"Fruit Juice"},{"floor":20,"key":"FearPotion"},{"floor":34,"key":"Poison Potion"},{"floor":40,"key":"Ancient Potion"},{"floor":48,"key":"EssenceOfSteel"}],"is_trial":false,"path_per_floor":["M","M","M","?","$","E","R","?","T","R","?","M","M","M","R","B",null,"M","M","M","?","M","R","E","M","T","M","M","M","R","?","R","B",null,"M","$","?","?","?","E","R","M","T","R","E","R","?","?","R","B"],"character_chosen":"IRONCLAD","items_purchased":["Inflame","Cleave","Lantern","Evolve","True Grit","Fruit Juice","Regen Potion"],"campfire_rested":8,"item_purchase_floors":[5,5,36,36,36,36,36],"current_hp_per_floor":[78,72,71,76,76,48,48,48,48,48,48,49,54,52,84,66,97,107,112,86,86,55,88,47,38,38,32,28,34,67,56,89,16,93,93,98,98,98,98,28,64,48,48,84,26,62,62,62,98,0],"gold":237,"neow_bonus":"TEN_PERCENT_HP_BONUS","is_prod":false,"is_daily":false,"chose_seed":false,"campfire_upgraded":2,"win_rate":0,"timestamp":1546297681,"path_taken":["M","M","M","?","$","E","R","?","T","R","?","M","M","M","R","BOSS","M","M","M","?","?","R","E","M","T","M","M","M","R","?","R","BOSS","M","$","?","?","?","E","R","?","T","R","E","R","?","?","R","BOSS"],"build_version":"2018-12-20","purchased_purges":0,"victory":false,"max_hp_per_floor":[88,88,88,93,93,107,107,107,107,107,107,107,107,107,107,107,107,112,112,112,112,112,112,112,112,112,112,112,112,112,112,112,112,117,117,122,122,122,122,122,122,122,122,122,122,122,122,122,122,122],"card_choices":[{"not_picked":["Sword Boomerang","Shockwave"],"picked":"Armaments","floor":1},{"not_picked":["Bloodletting","Evolve"],"picked":"True Grit","floor":2},{"not_picked":["Heavy Blade","Havoc"],"picked":"Clothesline","floor":3},{"not_picked":["Infernal Blade","Heavy Blade"],"picked":"Power Through","floor":6},{"not_picked":["Warcry","Heavy Blade+1"],"picked":"Fiend Fire+1","floor":12},{"not_picked":["Reckless Charge+1","Sword Boomerang+1"],"picked":"Body Slam+1","floor":13},{"not_picked":["Dropkick+1","Anger+1"],"picked":"Heavy Blade+1","floor":14},{"not_picked":["Juggernaut","Demon Form"],"picked":"Impervious","floor":16},{"not_picked":["Wild Strike+1","Clash+1"],"picked":"Sword Boomerang+1","floor":18},{"not_picked":["Infernal Blade+1","Searing Blow+1"],"picked":"Heavy Blade+1","floor":19},{"not_picked":["Combust","Clothesline+1"],"picked":"Metallicize","floor":20},{"not_picked":["Dual Wield","Shockwave"],"picked":"Pommel Strike+1","floor":22},{"not_picked":["Searing Blow+1","Combust","Clothesline+1"],"picked":"SKIP","floor":24},{"not_picked":["Thunderclap+1","Shrug It Off"],"picked":"Whirlwind+1","floor":25},{"not_picked":["Armaments","Havoc+1"],"picked":"Rampage+1","floor":27},{"not_picked":["Searing Blow+1","Berserk","Hemokinesis+1"],"picked":"SKIP","floor":28},{"not_picked":["Perfected Strike+1","Uppercut+1"],"picked":"Twin Strike+1","floor":29},{"not_picked":["Wild Strike+1","Rampage+1"],"picked":"Thunderclap+1","floor":30},{"not_picked":["Berserk","Brutality"],"picked":"Offering","floor":33},{"not_picked":["Warcry","Pommel Strike+1"],"picked":"Inflame","floor":35},{"not_picked":["PanicButton","Deep Breath"],"picked":"Dark Shackles","floor":38},{"not_picked":["Headbutt+1","Rampage+1"],"picked":"Shrug It Off+1","floor":40},{"not_picked":["Armaments+1","Fire Breathing+1"],"picked":"Headbutt+1","floor":41},{"not_picked":["Warcry","Dual Wield","Infernal Blade"],"picked":"SKIP","floor":42},{"not_picked":["Body Slam+1","Carnage+1"],"picked":"Sever Soul+1","floor":45},{"not_picked":["Battle Trance","Clash+1"],"picked":"Rage+1","floor":49}],"player_experience":564928,"relics_obtained":[{"floor":6,"key":"Mango"},{"floor":9,"key":"Molten Egg 2"},{"floor":24,"key":"Dream Catcher"},{"floor":26,"key":"Bottled Tornado"},{"floor":40,"key":"Sundial"},{"floor":43,"key":"Mercury Hourglass"},{"floor":45,"key":"Juzu Bracelet"}],"event_choices":[{"damage_healed":0,"gold_gain":0,"player_choice":"Donut","damage_taken":0,"max_hp_gain":5,"max_hp_loss":0,"event_name":"Big Fish","floor":4,"gold_loss":0},{"damage_healed":0,"gold_gain":63,"player_choice":"Gained Gold","damage_taken":0,"max_hp_gain":0,"max_hp_loss":0,"event_name":"Golden Wing","floor":8,"gold_loss":0},{"damage_healed":0,"gold_gain":0,"player_choice":"Forge","damage_taken":0,"max_hp_gain":0,"max_hp_loss":0,"event_name":"Accursed Blacksmith","floor":11,"gold_loss":0,"cards_upgraded":["Power Through"]},{"damage_healed":0,"gold_gain":0,"player_choice":"Upgraded","damage_taken":0,"max_hp_gain":0,"max_hp_loss":0,"event_name":"Upgrade Shrine","floor":21,"gold_loss":0,"cards_upgraded":["Clothesline"]},{"damage_healed":0,"gold_gain":0,"player_choice":"","damage_taken":11,"max_hp_gain":0,"max_hp_loss":0,"event_name":"Knowing Skull","floor":31,"potions_obtained":[],"gold_loss":0,"cards_obtained":[]},{"cards_removed":["Inflame"],"damage_healed":0,"gold_gain":0,"player_choice":"Removed Power","damage_taken":0,"max_hp_gain":0,"max_hp_loss":0,"event_name":"Falling","floor":37,"gold_loss":0},{"damage_healed":0,"gold_gain":0,"player_choice":"Memory 1","damage_taken":0,"max_hp_gain":0,"max_hp_loss":0,"event_name":"SensoryStone","floor":38,"gold_loss":0},{"damage_healed":0,"gold_gain":0,"player_choice":"2 cards matched","damage_taken":0,"max_hp_gain":0,"max_hp_loss":0,"event_name":"Match and Keep!","floor":39,"gold_loss":0,"cards_obtained":["Pain","Ghostly Armor"]},{"damage_healed":0,"gold_gain":0,"player_choice":"Ignored","damage_taken":0,"max_hp_gain":0,"max_hp_loss":0,"event_name":"Mysterious Sphere","floor":47,"gold_loss":0},{"damage_healed":0,"gold_gain":0,"player_choice":"Got Potions","damage_taken":0,"max_hp_gain":0,"max_hp_loss":0,"event_name":"Lab","floor":48,"gold_loss":0}],"is_beta":false,"boss_relics":[{"not_picked":["Runic Dome","Runic Pyramid"],"picked":"Velvet Choker"},{"not_picked":["White Beast Statue","Pandora\u0027s Box"],"picked":"Tiny House"}],"items_purged_floors":[],"is_endless":false,"potions_floor_spawned":[6,16,18,20,24,25,40],"killed_by":"Donu and Deca","ascension_level":11}