{"gold_per_floor":[112,125,125,137,9,70,70,95,119,119],"floor_reached":10,"playtime":382,"items_purged":[],"score":103,"play_id":"306ef219-b992-4345-86c4-668624c41ddf","local_time":"20190621104700","is_ascension_mode":true,"campfire_choices":[{"floor":7,"key":"REST"}],"neow_cost":"NONE","seed_source_timestamp":805004809631358,"circlet_count":0,"master_deck":["Defend_G","Defend_G","Defend_G+1","Defend_G","Strike_G","Strike_G","Strike_G","Strike_G","Strike_G","Survivor","Neutralize","Flechettes","Backflip","Bane","Skewer","Dagger Spray","Sucker Punch","Phantasmal Killer+1"],"relics":["Velvet Choker","Tiny Chest","Orichalcum","War Paint"],"potions_floor_usage":[],"damage_taken":[{"damage":0,"enemies":"2 Louse","floor":1,"turns":2},{"damage":4,"enemies":"Small Slimes","floor":2,"turns":4},{"damage":2,"enemies":"Jaw Worm","floor":4,"turns":3},{"damage":30,"enemies":"Gremlin Nob","floor":6,"turns":4},{"damage":37,"enemies":"Lagavulin","floor":8,"turns":7},{"damage":4,"enemies":"Lots of Slimes","floor":10,"turns":1}],"seed_played":"-3007180286756767485","potions_obtained":[{"floor":8,"key":"Ancient Potion"}],"is_trial":false,"path_per_floor":["M","M","?","M","$","E","R","E","T","M"],"character_chosen":"THE_SILENT","items_purchased":["Skewer","Dagger Spray"],"campfire_rested":1,"item_purchase_floors":[5,5],"current_hp_per_floor":[63,59,52,50,50,20,41,4,4,0],"gold":119,"neow_bonus":"BOSS_RELIC","is_prod":false,"is_daily":false,"chose_seed":false,"campfire_upgraded":0,"win_rate":0,"timestamp":1561139220,"path_taken":["M","M","?","M","$","E","R","E","T","M"],"build_version":"2019-01-23","purchased_purges":0,"victory":false,"max_hp_per_floor":[70,70,70,70,70,70,70,70,70,70],"card_choices":[{"not_picked":["Underhanded Strike","Blade Dance"],"picked":"Flechettes","floor":1},{"not_picked":["Flying Knee","Outmaneuver"],"picked":"Backflip","floor":2},{"not_picked":["Expertise","Choke"],"picked":"Bane","floor":4},{"not_picked":["Prepared","Choke"],"picked":"Sucker Punch","floor":6},{"not_picked":["Expertise","Prepared"],"picked":"Phantasmal Killer","floor":8}],"player_experience":639183,"relics_obtained":[{"floor":6,"key":"Tiny Chest"},{"floor":8,"key":"Orichalcum"},{"floor":9,"key":"War Paint"}],"event_choices":[{"cards_removed":["Defend_G"],"damage_healed":0,"gold_gain":0,"player_choice":"Card Removal","damage_taken":7,"max_hp_gain":0,"max_hp_loss":0,"event_name":"Golden Wing","floor":3,"gold_loss":0}],"is_beta":false,"boss_relics":[],"items_purged_floors":[],"is_endless":false,"potions_floor_spawned":[8],"killed_by":"Lots of Slimes","ascension_level":7}