{"gold_per_floor":[112,112,123,143,162,162,162,162,242,254,265,281,300,325,325,325],"floor_reached":16,"playtime":937,"items_purged":[],"score":197,"play_id":"68be8add-e93c-481a-ba7d-2658164c70e4","local_time":"20190822214203","is_ascension_mode":true,"campfire_choices":[{"data":"Armaments","floor":6,"key":"SMITH"},{"data":"True Grit","floor":8,"key":"SMITH"},{"floor":15,"key":"REST"}],"neow_cost":"NONE","seed_source_timestamp":760721871705594,"circlet_count":0,"master_deck":["AscendersBane","Strike_R","Strike_R","Strike_R","Strike_R","Strike_R","Defend_R","Defend_R","Defend_R","Defend_R","Bash","True Grit","True Grit+1","Rupture","Armaments+1","Shrug It Off","Power Through","Twin Strike","Combust","Ghostly Armor","Flame Barrier"],"relics":["Burning Blood","Darkstone Periapt","PreservedInsect"],"potions_floor_usage":[7,12,13,16],"damage_taken":[{"damage":8,"enemies":"Jaw Worm","floor":1,"turns":6},{"damage":0,"enemies":"Cultist","floor":3,"turns":4},{"damage":4,"enemies":"2 Louse","floor":4,"turns":5},{"damage":3,"enemies":"2 Fungi Beasts","floor":5,"turns":6},{"damage":5,"enemies":"3 Sentries","floor":7,"turns":4},{"damage":24,"enemies":"Lots of Slimes","floor":10,"turns":9},{"damage":4,"enemies":"Looter","floor":11,"turns":5},{"damage":7,"enemies":"3 Louse","floor":12,"turns":3},{"damage":10,"enemies":"Lots of Slimes","floor":13,"turns":2},{"damage":45,"enemies":"Gremlin Nob","floor":14,"turns":5},{"damage":37,"enemies":"Hexaghost","floor":16,"turns":12}],"seed_played":"3731554966413688797","potions_obtained":[{"floor":1,"key":"GamblersBrew"},{"floor":3,"key":"SmokeBomb"},{"floor":11,"key":"Explosive Potion"},{"floor":12,"key":"Explosive Potion"}],"is_trial":false,"path_per_floor":["M","?","M","M","M","R","E","R","T","M","M","M","M","E","R","B"],"character_chosen":"IRONCLAD","items_purchased":[],"campfire_rested":1,"item_purchase_floors":[],"current_hp_per_floor":[66,75,75,75,75,75,75,75,75,57,59,58,54,15,37,0],"gold":325,"neow_bonus":"THREE_CARDS","is_prod":false,"is_daily":false,"chose_seed":false,"campfire_upgraded":2,"win_rate":0,"timestamp":1566535323,"path_taken":["M","?","M","M","M","R","E","R","T","M","M","M","?","E","R","BOSS"],"build_version":"2019-07-17","purchased_purges":0,"victory":false,"max_hp_per_floor":[75,75,75,75,75,75,75,75,75,75,75,75,75,75,75,75],"card_choices":[{"not_picked":["Headbutt","Sever Soul"],"picked":"True Grit","floor":0},{"not_picked":["Infernal Blade","Headbutt"],"picked":"True Grit","floor":1},{"not_picked":["Flex","Blood for Blood"],"picked":"Rupture","floor":3},{"not_picked":["Sword Boomerang","Heavy Blade"],"picked":"Armaments","floor":4},{"not_picked":["Clothesline","Rupture"],"picked":"Shrug It Off","floor":5},{"not_picked":["Clash","Limit Break"],"picked":"Power Through","floor":10},{"not_picked":["Wild Strike","Armaments"],"picked":"Twin Strike","floor":11},{"not_picked":["Cleave","Sever Soul"],"picked":"Combust","floor":12},{"not_picked":["Sever Soul","Headbutt"],"picked":"Ghostly Armor","floor":13},{"not_picked":["Iron Wave","Carnage"],"picked":"Flame Barrier","floor":14}],"player_experience":732692,"relics_obtained":[{"floor":9,"key":"Darkstone Periapt"},{"floor":14,"key":"PreservedInsect"}],"event_choices":[{"damage_healed":9,"gold_gain":0,"player_choice":"Full Heal","damage_taken":0,"max_hp_gain":0,"max_hp_loss":0,"event_name":"Wheel of Change","floor":2,"gold_loss":0}],"is_beta":false,"boss_relics":[],"items_purged_floors":[],"is_endless":false,"potions_floor_spawned":[1,3,11,12],"killed_by":"Hexaghost","ascension_level":14}