{"gold_per_floor":[114,124,124,143,160,160,172,205,205,205,225,245,280,294,294,393,393,412,430,168,96,109,137,153,153,176,204,224,224,236,436,436,538,538,552,26,37,37,37,65,65,95,95,111,129,139,154,186,186,186],"floor_reached":51,"playtime":5621,"items_purged":["Compile Driver"],"score":795,"play_id":"6c626293-ae3d-435b-91ce-7b582026a4c8","local_time":"20191013164654","is_ascension_mode":false,"campfire_choices":[{"data":"Coolheaded","floor":6.0,"key":"SMITH"},{"data":"Glacier","floor":10.0,"key":"SMITH"},{"floor":15.0,"key":"REST"},{"data":"Capacitor","floor":25.0,"key":"SMITH"},{"data":"Electrodynamics","floor":29.0,"key":"SMITH"},{"floor":32.0,"key":"REST"},{"data":"Echo Form","floor":41.0,"key":"SMITH"},{"floor":49,"key":"REST"}],"neow_cost":"NONE","seed_source_timestamp":16465384681600,"circlet_count":0,"master_deck":["Strike_B+1","Defend_B","Defend_B","Defend_B","Defend_B","Zap","Dualcast","Reprogram","Coolheaded+1","Barrage+1","Sweeping Beam","Cold Snap","Glacier+1","Electrodynamics+1","Doom and Gloom","Go for the Eyes+1","Genetic Algorithm+1","Seek+1","Streamline+1","Double Energy+1","Capacitor+1","Consume+1","Fission+1","Tempest+1","Multi-Cast+1","Chaos+1","Melter","Leap+1","Beam Cell+1","Echo Form+1","Compile Driver+1","Conserve Battery+1","White Noise+1","White Noise+1","Melter","Self Repair+1","Redo+1"],"special_seed":0,"relics":["Cracked Core","Blue Candle","Toxic Egg 2","Darkstone Periapt","Nuclear Battery","Mummified Hand","Blood Vial","Omamori","Empty Cage","Kunai","Oddly Smooth Stone","Shuriken","Whetstone","Bottled Flame","Thread and Needle"],"potions_floor_usage":[48,50,50,50],"damage_taken":[{"damage":7.0,"enemies":"Cultist","floor":1.0,"turns":5.0},{"damage":4.0,"enemies":"Small Slimes","floor":2.0,"turns":4.0},{"damage":4.0,"enemies":"Jaw Worm","floor":4.0,"turns":4.0},{"damage":5.0,"enemies":"3 Louse","floor":5.0,"turns":3.0},{"damage":0.0,"enemies":"2 Fungi Beasts","floor":7.0,"turns":3.0},{"damage":11.0,"enemies":"Lagavulin","floor":8.0,"turns":8.0},{"damage":8.0,"enemies":"Gremlin Gang","floor":11.0,"turns":5.0},{"damage":0.0,"enemies":"Exordium Wildlife","floor":12.0,"turns":3.0},{"damage":15.0,"enemies":"3 Sentries","floor":13.0,"turns":5.0},{"damage":0.0,"enemies":"Looter","floor":14.0,"turns":3.0},{"damage":20.0,"enemies":"Slime Boss","floor":16.0,"turns":8.0},{"damage":2.0,"enemies":"Chosen","floor":18.0,"turns":3.0},{"damage":8.0,"enemies":"Shell Parasite","floor":19.0,"turns":7.0},{"damage":0.0,"enemies":"Centurion and Healer","floor":22.0,"turns":3.0},{"damage":2.0,"enemies":"Gremlin Leader","floor":23.0,"turns":5.0},{"damage":0.0,"enemies":"Snake Plant","floor":24.0,"turns":2.0},{"damage":25.0,"enemies":"Slavers","floor":27.0,"turns":5.0},{"damage":0.0,"enemies":"Snecko","floor":28.0,"turns":3.0},{"damage":6.0,"enemies":"Sentry and Sphere","floor":30.0,"turns":5.0},{"damage":14.0,"enemies":"Automaton","floor":33.0,"turns":5.0},{"damage":0.0,"enemies":"Orb Walker","floor":35.0,"turns":3.0},{"damage":1.0,"enemies":"3 Shapes","floor":37.0,"turns":3.0},{"damage":30.0,"enemies":"Nemesis","floor":40.0,"turns":7.0},{"damage":0.0,"enemies":"Reptomancer","floor":42.0,"turns":4.0},{"damage":0.0,"enemies":"Maw","floor":44.0,"turns":9.0},{"damage":13.0,"enemies":"Sphere and 2 Shapes","floor":45.0,"turns":3.0},{"damage":0.0,"enemies":"Jaw Worm Horde","floor":46.0,"turns":4.0},{"damage":48.0,"enemies":"Spire Growth","floor":47.0,"turns":6.0},{"damage":7,"enemies":"Nemesis","floor":48,"turns":7},{"damage":45,"enemies":"Donu and Deca","floor":50,"turns":10}],"seed_played":"6469619459164543081","potions_obtained":[{"floor":4.0,"key":"Fruit Juice"},{"floor":5.0,"key":"Dexterity Potion"},{"floor":11.0,"key":"LiquidBronze"},{"floor":12.0,"key":"Block Potion"},{"floor":13.0,"key":"Ancient Potion"},{"floor":27.0,"key":"Energy Potion"},{"floor":28.0,"key":"Fruit Juice"},{"floor":33.0,"key":"FocusPotion"},{"floor":48,"key":"EssenceOfSteel"}],"is_trial":false,"path_per_floor":["M","M","?","M","M","R","M","E","T","R","M","M","E","M","R","B",null,"M","M","$","$","M","E","M","R","T","E","M","R","M","?","R","B",null,"M","$","M","$","?","E","R","E","T","M","M","M","M","E","R","B",null],"character_chosen":"DEFECT","items_purchased":["Capacitor","Consume+1","Fission+1","Tempest+1","Kunai","Oddly Smooth Stone","Conserve Battery+1"],"campfire_rested":3,"item_purchase_floors":[20,20,20,21,36,36,36],"current_hp_per_floor":[68,64,64,65,60,60,60,49,49,49,41,41,26,26,50,30,80,78,70,70,70,70,68,68,68,68,45,52,52,48,48,73,61,85,85,85,84,84,84,55,55,57,57,59,48,50,14,19,44,11],"gold":186,"neow_bonus":"TRANSFORM_CARD","is_prod":false,"is_daily":false,"chose_seed":false,"campfire_upgraded":5,"win_rate":0.0,"timestamp":1571010414,"path_taken":["M","M","?","M","M","R","M","E","T","R","M","M","E","M","R","BOSS","M","M","?","$","M","E","M","R","T","E","M","R","M","?","R","BOSS","M","$","M","$","?","E","R","E","T","?","M","?","M","E","R","BOSS"],"build_version":"2019-07-17","purchased_purges":1,"victory":true,"max_hp_per_floor":[75,75,75,80,80,80,80,80,80,80,80,80,80,80,80,80,80,80,80,80,80,80,80,80,80,80,80,85,85,85,85,85,85,85,85,85,85,85,85,85,85,85,85,85,85,85,85,85,85,85],"card_choices":[{"not_picked":["Steam","Steam Power"],"picked":"Coolheaded","floor":1.0},{"not_picked":["Stack","Aggregate"],"picked":"Barrage","floor":2.0},{"not_picked":["Capacitor","Turbo"],"picked":"Sweeping Beam","floor":4.0},{"not_picked":["Blizzard","Barrage"],"picked":"Cold Snap","floor":5.0},{"not_picked":["Reinforced Body","Double Energy"],"picked":"Compile Driver","floor":7.0},{"not_picked":["Beam Cell","Force Field"],"picked":"Glacier","floor":8.0},{"not_picked":["Conserve Battery+1","Redo+1"],"picked":"Electrodynamics","floor":11.0},{"not_picked":["Stack+1","Darkness+1"],"picked":"Doom and Gloom","floor":12.0},{"not_picked":["Glacier+1","Cold Snap"],"picked":"Go for the Eyes","floor":13.0},{"not_picked":["Leap+1","FTL"],"picked":"Genetic Algorithm+1","floor":14.0},{"not_picked":["Multi-Cast+1","Hyperbeam"],"picked":"Seek+1","floor":16.0},{"not_picked":["Cold Snap+1","Compile Driver"],"picked":"Streamline+1","floor":18.0},{"not_picked":["Ball Lightning+1","Compile Driver+1"],"picked":"Double Energy+1","floor":19.0},{"not_picked":["Stack+1","Streamline"],"picked":"Multi-Cast+1","floor":22.0},{"not_picked":["Rebound","Cold Snap+1"],"picked":"Chaos+1","floor":23.0},{"not_picked":["Go for the Eyes","Hologram+1"],"picked":"Melter","floor":24.0},{"not_picked":["Streamline","Reprogram+1"],"picked":"Leap+1","floor":27.0},{"not_picked":["Steam+1","Force Field+1"],"picked":"Beam Cell+1","floor":28.0},{"not_picked":["Steam Power+1","Capacitor","Rebound"],"picked":"SKIP","floor":30.0},{"not_picked":["Electrodynamics","Meteor Strike"],"picked":"Echo Form","floor":33.0},{"not_picked":["Force Field+1","Go for the Eyes"],"picked":"Compile Driver+1","floor":35.0},{"not_picked":["Streamline","Beam Cell"],"picked":"White Noise+1","floor":37.0},{"not_picked":["Barrage+1","Leap+1","Compile Driver"],"picked":"SKIP","floor":40.0},{"not_picked":["Turbo+1","Scrape+1","Auto Shields+1"],"picked":"SKIP","floor":42.0},{"not_picked":["Recycle+1","Barrage+1"],"picked":"Melter","floor":44.0},{"not_picked":["Scrape","Gash+1"],"picked":"Self Repair+1","floor":45.0},{"not_picked":["Leap+1","Static Discharge","Cold Snap+1"],"picked":"SKIP","floor":46.0},{"not_picked":["Rebound+1","Leap+1","Skim+1"],"picked":"SKIP","floor":47.0},{"not_picked":["Go for the Eyes","Biased Cognition"],"picked":"Redo+1","floor":48}],"player_experience":70750,"relics_obtained":[{"floor":8.0,"key":"Blue Candle"},{"floor":9.0,"key":"Toxic Egg 2"},{"floor":13.0,"key":"Darkstone Periapt"},{"floor":23.0,"key":"Mummified Hand"},{"floor":26.0,"key":"Blood Vial"},{"floor":27.0,"key":"Omamori"},{"floor":40.0,"key":"Shuriken"},{"floor":42.0,"key":"Whetstone"},{"floor":43.0,"key":"Bottled Flame"},{"floor":48,"key":"Thread and Needle"}],"event_choices":[{"damage_healed":0.0,"max_hp_gain":0.0,"max_hp_loss":0.0,"gold_gain":0.0,"event_name":"Accursed Blacksmith","player_choice":"Forge","floor":3.0,"gold_loss":0.0,"damage_taken":0.0,"cards_upgraded":["Barrage"]},{"damage_healed":0.0,"max_hp_gain":0.0,"max_hp_loss":0.0,"gold_gain":200.0,"event_name":"Wheel of Change","player_choice":"Gold","floor":31.0,"gold_loss":0.0,"damage_taken":0.0},{"damage_healed":0.0,"max_hp_gain":0.0,"max_hp_loss":0.0,"gold_gain":0.0,"event_name":"Duplicator","player_choice":"Copied","floor":39.0,"gold_loss":0.0,"damage_taken":0.0,"cards_obtained":["White Noise"]}],"is_beta":false,"boss_relics":[{"not_picked":["Astrolabe","Velvet Choker"],"picked":"Nuclear Battery"},{"not_picked":["Runic Pyramid","Snecko Eye"],"picked":"Empty Cage"}],"items_purged_floors":[36],"is_endless":false,"potions_floor_spawned":[4,5,11,12,13,14,16,19,27,28,33,35,42,44,48],"ascension_level":0}