{"gold_per_floor":[113,127,139,158,10,10,44,55,55,82,82,82,100,115,115,217,217,228,244,66,82,181,181,181,209,209,219,72,72,87,14,14,112,112,124,142,17,28,28,28,61,61,61,61,77,91,91,191,191,191],"floor_reached":50,"playtime":3114,"items_purged":["Strike_G","Strike_G","Accuracy"],"score":856,"play_id":"7b853808-7b1f-4be7-9a73-364a2432f6ed","local_time":"20190731014253","is_ascension_mode":true,"campfire_choices":[{"data":"Noxious Fumes","floor":6,"key":"SMITH"},{"floor":11,"key":"REST"},{"data":"Dash","floor":15,"key":"SMITH"},{"floor":23,"key":"REST"},{"floor":32,"key":"REST"},{"floor":40,"key":"REST"},{"floor":42,"key":"REST"},{"floor":44,"key":"DIG"},{"floor":49,"key":"REST"}],"neow_cost":"TEN_PERCENT_HP_LOSS","seed_source_timestamp":1780663452582557,"circlet_count":0,"master_deck":["AscendersBane","Strike_G+1","Strike_G+1","Strike_G+1","Defend_G+1","Defend_G+1","Defend_G+1","Defend_G+1","Defend_G+1","Survivor","Neutralize","Well Laid Plans","Dagger Throw","Dash+1","Noxious Fumes+1","Leg Sweep","Poisoned Stab","Dagger Spray","Cloak And Dagger","Calculated Gamble","Prepared","Envenom","Poisoned Stab","Infinite Blades+1","Crippling Poison","Heel Hook","Noxious Fumes","Footwork","Corpse Explosion","Quick Slash+1","Cloak And Dagger+1","Dagger Throw+1","Finisher+1","Catalyst+1","Sadistic Nature"],"relics":["Ring of the Snake","Shovel","WingedGreaves","Omamori","Centennial Puzzle","Sozu","Kunai","Ninja Scroll","Boot","Letter Opener","Bag of Preparation","Dream Catcher"],"potions_floor_usage":[10,10,16,50],"damage_taken":[{"damage":1,"enemies":"Small Slimes","floor":1,"turns":5},{"damage":0,"enemies":"2 Louse","floor":2,"turns":3},{"damage":0,"enemies":"Cultist","floor":3,"turns":4},{"damage":0,"enemies":"Blue Slaver","floor":4,"turns":5},{"damage":3,"enemies":"Lagavulin","floor":7,"turns":8},{"damage":1,"enemies":"Exordium Wildlife","floor":8,"turns":5},{"damage":29,"enemies":"Gremlin Nob","floor":10,"turns":5},{"damage":3,"enemies":"Large Slime","floor":13,"turns":6},{"damage":1,"enemies":"2 Fungi Beasts","floor":14,"turns":3},{"damage":15,"enemies":"Slime Boss","floor":16,"turns":10},{"damage":5,"enemies":"Spheric Guardian","floor":18,"turns":6},{"damage":6,"enemies":"Chosen","floor":19,"turns":5},{"damage":18,"enemies":"Shelled Parasite and Fungi","floor":21,"turns":7},{"damage":34,"enemies":"Slavers","floor":25,"turns":6},{"damage":1,"enemies":"Centurion and Healer","floor":27,"turns":7},{"damage":0,"enemies":"Chosen and Byrds","floor":30,"turns":5},{"damage":0,"enemies":"Automaton","floor":33,"turns":11},{"damage":19,"enemies":"3 Darklings","floor":35,"turns":4},{"damage":7,"enemies":"Orb Walker","floor":36,"turns":5},{"damage":16,"enemies":"Sphere and 2 Shapes","floor":38,"turns":6},{"damage":3,"enemies":"Nemesis","floor":41,"turns":8},{"damage":24,"enemies":"Transient","floor":45,"turns":5},{"damage":7,"enemies":"4 Shapes","floor":46,"turns":6},{"damage":36,"enemies":"Awakened One","floor":50,"turns":5}],"seed_played":"275944786065153711","potions_obtained":[{"floor":1,"key":"Ancient Potion"},{"floor":3,"key":"LiquidBronze"},{"floor":4,"key":"Weak Potion"},{"floor":13,"key":"Regen Potion"},{"floor":14,"key":"Swift Potion"}],"is_trial":false,"path_per_floor":["M","M","M","M","$","R","E","M","T","E","R","$","M","M","R","B",null,"M","M","$","M","?","R","?","E","T","M","$","?","M","$","R","B",null,"M","M","$","M","?","R","E","R","T","R","M","M","?","?","R","B"],"character_chosen":"THE_SILENT","items_purchased":["Leg Sweep","Crippling Poison","Boot","Footwork"],"campfire_rested":6,"item_purchase_floors":[5,20,28,31],"current_hp_per_floor":[62,62,62,62,62,62,59,58,58,29,47,47,44,43,43,43,58,53,47,47,29,29,47,47,13,13,12,12,12,12,12,30,30,55,36,29,29,13,13,31,28,46,46,46,22,15,15,15,33,0],"gold":191,"neow_bonus":"ONE_RARE_RELIC","is_prod":false,"is_daily":false,"chose_seed":false,"campfire_upgraded":2,"win_rate":0,"timestamp":1564562573,"path_taken":["M","M","M","M","$","R","E","M","T","E","R","$","M","M","R","BOSS","M","M","$","M","?","R","?","E","T","?","$","?","M","?","R","BOSS","M","M","$","M","?","R","E","R","T","R","M","M","?","?","R","BOSS"],"build_version":"2019-07-17","purchased_purges":3,"victory":false,"max_hp_per_floor":[63,63,63,63,63,63,63,63,63,63,63,63,63,63,63,63,63,63,63,63,63,63,63,63,63,63,63,63,63,63,63,63,63,63,63,63,63,63,63,63,63,63,63,63,63,63,63,63,63,63],"card_choices":[{"not_picked":["Backflip","Deflect"],"picked":"Well Laid Plans","floor":1},{"not_picked":["Choke","Bane"],"picked":"Dagger Throw","floor":2},{"not_picked":["Escape Plan","Outmaneuver"],"picked":"Dash","floor":3},{"not_picked":["Underhanded Strike","Deadly Poison"],"picked":"Noxious Fumes","floor":4},{"not_picked":["Prepared","Backstab"],"picked":"Poisoned Stab","floor":7},{"not_picked":["Slice","Blade Dance"],"picked":"Dagger Spray","floor":8},{"not_picked":["Riddle With Holes","Dagger Throw"],"picked":"Cloak And Dagger","floor":10},{"not_picked":["Eviscerate","Terror"],"picked":"Calculated Gamble","floor":13},{"not_picked":["Eviscerate","Poisoned Stab"],"picked":"Prepared","floor":14},{"not_picked":["Storm of Steel","Unload"],"picked":"Envenom","floor":16},{"not_picked":["Deadly Poison","Underhanded Strike"],"picked":"Poisoned Stab","floor":18},{"not_picked":["Dagger Spray","Accuracy"],"picked":"Infinite Blades+1","floor":19},{"not_picked":["Quick Slash","Skewer"],"picked":"Heel Hook","floor":21},{"not_picked":["Distraction","Glass Knife"],"picked":"Noxious Fumes","floor":25},{"not_picked":["Blur","Underhanded Strike"],"picked":"Accuracy","floor":27},{"not_picked":["Flying Knee","Concentrate","Blade Dance"],"picked":"SKIP","floor":30},{"not_picked":["A Thousand Cuts","Phantasmal Killer"],"picked":"Corpse Explosion","floor":33},{"not_picked":["Sucker Punch","Poisoned Stab"],"picked":"Quick Slash+1","floor":35},{"not_picked":["Accuracy","Distraction"],"picked":"Cloak And Dagger+1","floor":36},{"not_picked":["Prepared","Bouncing Flask","Flying Knee"],"picked":"SKIP","floor":38},{"not_picked":["Masterful Stab+1","Flying Knee"],"picked":"Dagger Throw+1","floor":41},{"not_picked":["Expertise+1","Crippling Poison"],"picked":"Finisher+1","floor":45},{"not_picked":["Venomology","Acrobatics+1"],"picked":"Catalyst+1","floor":46},{"not_picked":["Trip","Chrysalis"],"picked":"Sadistic Nature","floor":47}],"player_experience":703744,"relics_obtained":[{"floor":7,"key":"WingedGreaves"},{"floor":9,"key":"Omamori"},{"floor":10,"key":"Centennial Puzzle"},{"floor":25,"key":"Kunai"},{"floor":26,"key":"Ninja Scroll"},{"floor":41,"key":"Letter Opener"},{"floor":43,"key":"Bag of Preparation"},{"floor":44,"key":"Dream Catcher"}],"event_choices":[{"damage_healed":0,"gold_gain":99,"player_choice":"Stole From Cult","damage_taken":0,"max_hp_gain":0,"max_hp_loss":0,"event_name":"Nest","floor":22,"gold_loss":0},{"damage_healed":0,"gold_gain":0,"player_choice":"Got Potions","damage_taken":0,"max_hp_gain":0,"max_hp_loss":0,"event_name":"Lab","floor":24,"gold_loss":0},{"damage_healed":0,"gold_gain":0,"player_choice":"Simplicity","damage_taken":0,"max_hp_gain":0,"max_hp_loss":0,"event_name":"Back to Basics","floor":29,"gold_loss":0,"cards_upgraded":["Strike_G","Strike_G","Strike_G","Defend_G","Defend_G","Defend_G","Defend_G","Defend_G"]},{"damage_healed":0,"gold_gain":0,"player_choice":"Ignored","damage_taken":0,"max_hp_gain":0,"max_hp_loss":0,"event_name":"Mysterious Sphere","floor":39,"gold_loss":0},{"damage_healed":0,"gold_gain":0,"player_choice":"Memory 1","damage_taken":0,"max_hp_gain":0,"max_hp_loss":0,"event_name":"SensoryStone","floor":47,"gold_loss":0},{"damage_healed":0,"gold_gain":100,"player_choice":"Pray","damage_taken":0,"max_hp_gain":0,"max_hp_loss":0,"event_name":"Golden Shrine","floor":48,"gold_loss":0}],"is_beta":false,"boss_relics":[{"not_picked":["WristBlade","Runic Pyramid"],"picked":"Sozu"},{"not_picked":["HoveringKite","Pandora\u0027s Box","Velvet Choker"]}],"items_purged_floors":[5,20,37],"is_endless":false,"potions_floor_spawned":[1,3,4,13,14,18,19,27,36,38,45],"killed_by":"Awakened One","ascension_level":10}