{"gold_per_floor":[119,139,157,157,60,87,87,55,131,1,20,20,48,98,98,175,175,193,210,260,310,325,325,360,360,360,360,410,474,487,113,113,190,190,206,269,269],"floor_reached":37,"playtime":2324,"items_purged":[],"score":696,"play_id":"40e97605-f8da-4caa-9546-b93027f10df4","local_time":"20190502195316","is_ascension_mode":true,"campfire_choices":[{"floor":7.0,"key":"REST"},{"data":"Shrug It Off","floor":12.0,"key":"SMITH"},{"floor":15.0,"key":"REST"},{"floor":23.0,"key":"REST"},{"data":"Armaments","floor":25.0,"key":"SMITH"},{"data":"Rampage","floor":27.0,"key":"SMITH"},{"floor":32.0,"key":"REST"}],"neow_cost":"NONE","seed_source_timestamp":0,"circlet_count":0,"master_deck":["AscendersBane","Strike_R","Defend_R","Defend_R","Defend_R","Defend_R","Bash","Body Slam","Headbutt","Headbutt","Wild Strike","Rampage+1","Armaments+1","Shrug It Off+1","Inflame","Sword Boomerang","Cleave","Impervious","Impervious+1","Hemokinesis+1","Juggernaut+1","True Grit+1","Headbutt+1","Flame Barrier","Heavy Blade","Rampage+1","Uppercut","Rupture","Immolate","Parasite"],"special_seed":0,"relics":["Runic Cube","SsserpentHead","Happy Flower","Anchor","Blue Candle","Regal Pillow","Astrolabe","Mummified Hand","Gremlin Horn","Art of War","Gambling Chip","Bird Faced Urn","Busted Crown"],"potions_floor_usage":[37],"damage_taken":[{"damage":3.0,"enemies":"Jaw Worm","floor":1.0,"turns":6.0},{"damage":1.0,"enemies":"Cultist","floor":2.0,"turns":4.0},{"damage":3.0,"enemies":"Small Slimes","floor":3.0,"turns":4.0},{"damage":37.0,"enemies":"Lagavulin","floor":6.0,"turns":7.0},{"damage":0.0,"enemies":"Red Slaver","floor":11.0,"turns":4.0},{"damage":8.0,"enemies":"Gremlin Nob","floor":13.0,"turns":3.0},{"damage":55.0,"enemies":"The Guardian","floor":16.0,"turns":11.0},{"damage":16.0,"enemies":"Shell Parasite","floor":18.0,"turns":5.0},{"damage":17.0,"enemies":"3 Byrds","floor":19.0,"turns":7.0},{"damage":14.0,"enemies":"Snake Plant","floor":22.0,"turns":4.0},{"damage":2.0,"enemies":"Gremlin Leader","floor":24.0,"turns":6.0},{"damage":5.0,"enemies":"Cultist and Chosen","floor":29.0,"turns":5.0},{"damage":17.0,"enemies":"Centurion and Healer","floor":30.0,"turns":6.0},{"damage":69.0,"enemies":"Collector","floor":33.0,"turns":10.0},{"damage":27,"enemies":"3 Darklings","floor":35,"turns":4},{"damage":6,"enemies":"Orb Walker","floor":36,"turns":3},{"damage":45,"enemies":"Writhing Mass","floor":37,"turns":3}],"seed_played":"-9218172493996937550","potions_obtained":[{"floor":3.0,"key":"FearPotion"},{"floor":6.0,"key":"Energy Potion"},{"floor":11.0,"key":"Regen Potion"},{"floor":18.0,"key":"Energy Potion"},{"floor":22.0,"key":"Swift Potion"},{"floor":24.0,"key":"Strength Potion"},{"floor":36,"key":"EssenceOfSteel"}],"is_trial":false,"path_per_floor":["M","M","M","?","$","E","R","$","T","$","M","R","E","?","R","B",null,"M","M","?","T","M","R","E","R","T","R","?","M","M","$","R","B",null,"M","M","M"],"character_chosen":"IRONCLAD","items_purchased":["Happy Flower","Rampage","Armaments","Shrug It Off","Inflame","Rupture","Bird Faced Urn"],"campfire_rested":4,"item_purchase_floors":[5,8,8,10,10,31,31],"current_hp_per_floor":[69,68,65,65,65,28,52,52,52,52,52,52,49,49,80,25,66,50,33,33,33,19,58,56,56,56,56,56,51,34,34,73,10,63,40,36,0],"gold":269,"neow_bonus":"BOSS_RELIC","is_prod":false,"is_daily":false,"chose_seed":false,"campfire_upgraded":3,"win_rate":0,"timestamp":1556851996,"path_taken":["M","M","M","?","?","E","R","?","T","$","M","R","E","?","R","BOSS","M","M","?","?","M","R","E","R","T","R","?","?","M","$","R","BOSS","M","?","M"],"build_version":"2019-01-23","purchased_purges":0,"victory":false,"max_hp_per_floor":[80,80,80,80,80,80,80,80,80,80,80,80,80,80,80,80,80,80,80,80,80,80,80,80,80,80,80,80,80,80,80,80,80,80,80,80,80],"card_choices":[{"not_picked":["Perfected Strike","Flex"],"picked":"Body Slam","floor":1.0},{"not_picked":["Iron Wave","Twin Strike"],"picked":"Headbutt","floor":2.0},{"not_picked":["Wild Strike","Clash"],"picked":"Headbutt","floor":3.0},{"not_picked":["Perfected Strike","Flex"],"picked":"Wild Strike","floor":6.0},{"not_picked":["Anger","Feel No Pain","True Grit"],"picked":"SKIP","floor":11.0},{"not_picked":["Bloodletting","Evolve"],"picked":"Sword Boomerang","floor":13.0},{"not_picked":["Limit Break","Dark Embrace"],"picked":"Impervious","floor":16.0},{"not_picked":["Second Wind","Pommel Strike"],"picked":"True Grit+1","floor":18.0},{"not_picked":["Iron Wave","Blood for Blood"],"picked":"Headbutt+1","floor":19.0},{"not_picked":["Clothesline","Warcry"],"picked":"Flame Barrier","floor":22.0},{"not_picked":["Havoc","Sword Boomerang"],"picked":"Heavy Blade","floor":24.0},{"not_picked":["Demon Form","Burning Pact"],"picked":"Uppercut","floor":29.0},{"not_picked":["Pommel Strike","Infernal Blade","Headbutt"],"picked":"SKIP","floor":30.0},{"not_picked":["Exhume","Dark Embrace"],"picked":"Immolate","floor":33.0},{"not_picked":["Reckless Charge"],"picked":"SKIP","floor":35},{"not_picked":["Clash+1"],"picked":"SKIP","floor":36}],"player_experience":618679,"relics_obtained":[{"floor":6.0,"key":"Anchor"},{"floor":9.0,"key":"Blue Candle"},{"floor":13.0,"key":"Regal Pillow"},{"floor":21.0,"key":"Gremlin Horn"},{"floor":24.0,"key":"Art of War"},{"floor":26.0,"key":"Gambling Chip"}],"event_choices":[{"damage_healed":0.0,"max_hp_gain":0.0,"max_hp_loss":0.0,"gold_gain":0.0,"event_name":"FaceTrader","player_choice":"Trade","floor":4.0,"gold_loss":0.0,"damage_taken":0.0,"relics_obtained":["SsserpentHead"]},{"damage_healed":0.0,"max_hp_gain":0.0,"max_hp_loss":0.0,"gold_gain":0.0,"cards_transformed":["Strike_R"],"event_name":"Transmorgrifier","player_choice":"Transformed","floor":14.0,"gold_loss":0.0,"damage_taken":0.0,"cards_obtained":["Cleave"]},{"damage_healed":0.0,"max_hp_gain":0.0,"max_hp_loss":0.0,"gold_gain":0.0,"event_name":"The Mausoleum","player_choice":"Opened","floor":20.0,"gold_loss":0.0,"damage_taken":0.0,"relics_obtained":["Mummified Hand"]},{"damage_healed":0.0,"max_hp_gain":0.0,"max_hp_loss":0.0,"gold_gain":0.0,"event_name":"Duplicator","player_choice":"Copied","floor":28.0,"gold_loss":0.0,"damage_taken":0.0,"cards_obtained":["Rampage"]}],"is_beta":false,"boss_relics":[{"not_picked":["Tiny House","Lizard Tail"],"picked":"Astrolabe"},{"not_picked":["Empty Cage","Fusion Hammer"],"picked":"Busted Crown"}],"items_purged_floors":[],"is_endless":false,"potions_floor_spawned":[3,6,11,18,22,24,36],"killed_by":"Writhing Mass","ascension_level":13}