{"gold_per_floor":[216,216,23,41,56,56,72,88,88,88,118,118,152,152],"floor_reached":14,"playtime":1755,"items_purged":[],"score":195,"play_id":"99ebd8cb-1aeb-4ede-ba2b-fa786cdcb2da","local_time":"20190729183528","is_ascension_mode":true,"campfire_choices":[{"floor":6.0,"key":"REST"},{"floor":10,"key":"REST"}],"neow_cost":"NONE","seed_source_timestamp":0,"circlet_count":0,"master_deck":["AscendersBane","Strike_B","Strike_B","Strike_B","Strike_B","Defend_B","Defend_B","Defend_B","Defend_B","Zap","Dualcast","Hello World","Barrage","Leap","Blizzard","Coolheaded","Aggregate","Streamline","Gash"],"special_seed":0,"relics":["Cracked Core","Ancient Tea Set","Question Card","Shuriken","Smiling Mask"],"potions_floor_usage":[13],"damage_taken":[{"damage":3.0,"enemies":"2 Louse","floor":1.0,"turns":2.0},{"damage":0.0,"enemies":"Cultist","floor":4.0,"turns":3.0},{"damage":12.0,"enemies":"Small Slimes","floor":5.0,"turns":4.0},{"damage":1.0,"enemies":"3 Louse","floor":7.0,"turns":3.0},{"damage":16.0,"enemies":"Lots of Slimes","floor":8.0,"turns":6.0},{"damage":15,"enemies":"3 Sentries","floor":11,"turns":11},{"damage":36,"enemies":"Lagavulin","floor":13,"turns":7},{"damage":16,"enemies":"Large Slime","floor":14,"turns":2}],"seed_played":"4913725035058627721","potions_obtained":[{"floor":5.0,"key":"FearPotion"},{"floor":7.0,"key":"LiquidBronze"},{"floor":8,"key":"Swift Potion"}],"is_trial":false,"path_per_floor":["M","?","$","M","M","R","M","M","T","R","E","?","E","M"],"character_chosen":"DEFECT","items_purchased":["Ancient Tea Set","Barrage"],"campfire_rested":2,"item_purchase_floors":[3,3],"current_hp_per_floor":[61,51,51,51,39,60,59,43,43,64,49,49,13,0],"gold":152,"neow_bonus":"HUNDRED_GOLD","is_prod":false,"is_daily":false,"chose_seed":false,"campfire_upgraded":0,"win_rate":0,"timestamp":1564450528,"path_taken":["M","?","$","M","M","R","?","M","T","R","E","?","E","M"],"build_version":"2019-07-17","purchased_purges":0,"victory":false,"max_hp_per_floor":[71,71,71,71,71,71,71,71,71,71,71,71,71,71],"card_choices":[{"not_picked":["Hologram","Barrage"],"picked":"Hello World","floor":1.0},{"not_picked":["Consume","Hologram"],"picked":"Leap","floor":4.0},{"not_picked":["Recycle","Static Discharge"],"picked":"Blizzard","floor":5.0},{"not_picked":["Blizzard","Barrage"],"picked":"Coolheaded","floor":7.0},{"not_picked":["Compile Driver","Blizzard"],"picked":"Aggregate","floor":8},{"not_picked":["Beam Cell","Rip and Tear","Tempest"],"picked":"Streamline","floor":11},{"not_picked":["Rebound","Meteor Strike","Blizzard"],"picked":"Gash","floor":13}],"player_experience":2413780,"relics_obtained":[{"floor":9,"key":"Question Card"},{"floor":11,"key":"Shuriken"},{"floor":13,"key":"Smiling Mask"}],"event_choices":[{"damage_healed":0.0,"max_hp_gain":0.0,"max_hp_loss":0.0,"gold_gain":0.0,"event_name":"Wheel of Change","player_choice":"Damaged","floor":2.0,"gold_loss":0.0,"damage_taken":10.0},{"damage_healed":0,"gold_gain":0,"player_choice":"Ignored","damage_taken":0,"max_hp_gain":0,"max_hp_loss":0,"event_name":"Liars Game","floor":12,"gold_loss":0}],"is_beta":false,"boss_relics":[],"items_purged_floors":[],"is_endless":false,"potions_floor_spawned":[5,7,8,11],"killed_by":"Large Slime","ascension_level":19}