{"gold_per_floor":[116,127,147,167,76,105,105,105,105,105,135,201,201,218,218,315,315,328,328,342,137,151,151],"floor_reached":23,"playtime":1424,"items_purged":[],"score":249,"play_id":"0109e2b0-4b90-4fcd-8f9f-62d0580dcb2b","local_time":"20181130221354","is_ascension_mode":true,"campfire_choices":[{"data":"Loop","floor":7,"key":"SMITH"},{"floor":10,"key":"REST"},{"data":"Buffer","floor":13,"key":"SMITH"},{"floor":15,"key":"REST"}],"neow_cost":"NONE","seed_source_timestamp":466618719207053,"circlet_count":0,"master_deck":["Strike_B","Strike_B","Strike_B","Strike_B","Defend_B","Defend_B","Defend_B+1","Defend_B+1","Zap","Dualcast","Buffer+1","Leap","Barrage","Glacier","Doom and Gloom","Loop+1","Leap","Blizzard","Steam Power","Darkness","Biased Cognition","Go for the Eyes+1","RitualDagger","Coolheaded+1","Darkness","Turbo","Lockon","Sweeping Beam+1"],"relics":["Cracked Core","Letter Opener","Mercury Hourglass","Anchor","Inserter"],"potions_floor_usage":[22,23,23],"damage_taken":[{"damage":0,"enemies":"Jaw Worm","floor":1,"turns":3},{"damage":4,"enemies":"Small Slimes","floor":2,"turns":4},{"damage":0,"enemies":"Cultist","floor":3,"turns":5},{"damage":3,"enemies":"Looter","floor":4,"turns":4},{"damage":17,"enemies":"Gremlin Nob","floor":6,"turns":4},{"damage":0,"enemies":"Lagavulin","floor":11,"turns":4},{"damage":0,"enemies":"3 Louse","floor":14,"turns":2},{"damage":34,"enemies":"Hexaghost","floor":16,"turns":8},{"damage":9,"enemies":"Spheric Guardian","floor":18,"turns":8},{"damage":0,"enemies":"Shell Parasite","floor":20,"turns":8},{"damage":9,"enemies":"Sentry and Sphere","floor":22,"turns":4},{"damage":53,"enemies":"Book of Stabbing","floor":23,"turns":7}],"seed_played":"-7391962675984303304","potions_obtained":[{"floor":1,"key":"AttackPotion"},{"floor":2,"key":"Swift Potion"},{"floor":4,"key":"Swift Potion"},{"floor":6,"key":"Explosive Potion"}],"is_trial":false,"path_per_floor":["M","M","M","M","$","E","R","?","T","R","E","?","R","M","R","B",null,"M","?","M","$","M","E"],"character_chosen":"DEFECT","items_purchased":["Loop","Leap","Darkness","Turbo","Lockon"],"campfire_rested":2,"item_purchase_floors":[5,5,21,21,21],"current_hp_per_floor":[75,71,71,68,68,51,51,36,36,58,58,58,58,58,75,41,75,66,60,60,60,51,0],"gold":151,"neow_bonus":"ONE_RANDOM_RARE_CARD","is_prod":false,"is_daily":false,"chose_seed":false,"campfire_upgraded":2,"win_rate":0,"timestamp":1543644834,"path_taken":["M","M","M","M","$","E","R","?","T","R","E","?","R","M","R","BOSS","M","?","M","$","M","E"],"build_version":"2018-11-15","purchased_purges":0,"victory":false,"max_hp_per_floor":[75,75,75,75,75,75,75,75,75,75,75,75,75,75,75,75,75,75,75,75,75,75,75],"card_choices":[{"not_picked":["Static Discharge","BootSequence"],"picked":"Leap","floor":1},{"not_picked":["Conserve Battery","Streamline"],"picked":"Barrage","floor":2},{"not_picked":["Genetic Algorithm","Undo"],"picked":"Glacier","floor":3},{"not_picked":["Coolheaded","FTL"],"picked":"Doom and Gloom","floor":4},{"not_picked":["Gash","Redo"],"picked":"Blizzard","floor":6},{"not_picked":["Compile Driver","Hologram"],"picked":"Steam Power","floor":11},{"not_picked":["Streamline","Skim"],"picked":"Darkness","floor":14},{"not_picked":["Echo Form","Meteor Strike"],"picked":"Biased Cognition","floor":16},{"not_picked":["Compile Driver","Gash+1"],"picked":"Go for the Eyes+1","floor":18},{"not_picked":["Streamline","Fusion+1"],"picked":"Coolheaded+1","floor":20},{"not_picked":["Blizzard","Coolheaded"],"picked":"Sweeping Beam+1","floor":22}],"player_experience":534107,"relics_obtained":[{"floor":6,"key":"Letter Opener"},{"floor":9,"key":"Mercury Hourglass"},{"floor":11,"key":"Anchor"}],"event_choices":[{"damage_healed":0,"gold_gain":0,"player_choice":"Entered Light","damage_taken":15,"max_hp_gain":0,"max_hp_loss":0,"event_name":"Shining Light","floor":8,"gold_loss":0,"cards_upgraded":["Defend_B","Defend_B"]},{"damage_healed":0,"gold_gain":66,"player_choice":"Gained Gold","damage_taken":0,"max_hp_gain":0,"max_hp_loss":0,"event_name":"Golden Wing","floor":12,"gold_loss":0},{"damage_healed":0,"gold_gain":0,"player_choice":"Joined the Cult","damage_taken":6,"max_hp_gain":0,"max_hp_loss":0,"event_name":"Nest","floor":19,"gold_loss":0,"cards_obtained":["RitualDagger"]}],"is_beta":false,"boss_relics":[{"not_picked":["Black Star","Empty Cage"],"picked":"Inserter"}],"items_purged_floors":[],"is_endless":false,"potions_floor_spawned":[1,2,4,6,16,20],"killed_by":"Book of Stabbing","ascension_level":2}