{"gold_per_floor":[111,125,142,153,168,202,213,213,240,240,257,285,299,314,314,416,416,434,449,459,346,363,390,390,415,415,415],"floor_reached":27,"playtime":2838,"items_purged":[],"score":312,"play_id":"b797ceb5-2b90-4d85-ad18-03f60b1c526d","local_time":"20180825144840","is_ascension_mode":true,"campfire_choices":[{"floor":8,"key":"REST"},{"floor":10,"key":"REST"},{"data":"Armaments","floor":15,"key":"SMITH"},{"floor":24,"key":"REST"}],"neow_cost":"NONE","seed_source_timestamp":805959886958612,"circlet_count":0,"master_deck":["Bash","Whirlwind","Sentinel","Warcry","Clothesline","Cleave","Cleave","Anger","Warcry","Heavy Blade","Shrug It Off","Armaments+1","Twin Strike","Sentinel","Shrug It Off","Power Through","Thunderclap+1","Sword Boomerang+1","Thunderclap+1","Iron Wave+1","Disarm","Reaper+1","Flame Barrier","Intimidate","Inflame","Iron Wave+1","Pummel+1","Ghostly Armor","Shrug It Off"],"relics":["Pandora\u0027s Box","Molten Egg 2","Omamori","Mummified Hand","Velvet Choker","Orichalcum","Lantern","Paper Frog"],"potions_floor_usage":[16,16,22,25,25],"damage_taken":[{"damage":0,"enemies":"Cultist","floor":1,"turns":2},{"damage":4,"enemies":"Jaw Worm","floor":2,"turns":2},{"damage":2,"enemies":"Small Slimes","floor":3,"turns":2},{"damage":10,"enemies":"Exordium Thugs","floor":4,"turns":4},{"damage":14,"enemies":"Lots of Slimes","floor":5,"turns":2},{"damage":14,"enemies":"Lagavulin","floor":6,"turns":5},{"damage":14,"enemies":"3 Louse","floor":7,"turns":3},{"damage":0,"enemies":"Blue Slaver","floor":11,"turns":3},{"damage":16,"enemies":"Gremlin Nob","floor":12,"turns":3},{"damage":3,"enemies":"Gremlin Gang","floor":13,"turns":2},{"damage":0,"enemies":"3 Louse","floor":14,"turns":2},{"damage":19,"enemies":"Slime Boss","floor":16,"turns":8},{"damage":6,"enemies":"Spheric Guardian","floor":18,"turns":4},{"damage":17,"enemies":"2 Thieves","floor":19,"turns":3},{"damage":8,"enemies":"Shelled Parasite and Fungi","floor":20,"turns":7},{"damage":19,"enemies":"Snake Plant","floor":22,"turns":3},{"damage":51,"enemies":"Gremlin Leader","floor":23,"turns":7},{"damage":22,"enemies":"Book of Stabbing","floor":25,"turns":4},{"damage":16,"enemies":"Sentry and Sphere","floor":27,"turns":3}],"seed_played":"-6896002241011948448","potions_obtained":[{"floor":4,"key":"PowerPotion"},{"floor":5,"key":"Strength Potion"},{"floor":6,"key":"FearPotion"},{"floor":12,"key":"Block Potion"},{"floor":18,"key":"Swift Potion"},{"floor":19,"key":"Strength Potion"}],"is_trial":false,"path_per_floor":["M","M","M","M","M","E","M","R","T","R","M","E","M","M","R","B",null,"M","M","M","$","M","E","R","E","T"],"character_chosen":"IRONCLAD","items_purchased":["Inflame","Iron Wave+1"],"campfire_rested":3,"item_purchase_floors":[21,21],"current_hp_per_floor":[80,76,74,64,50,36,22,46,46,70,70,54,51,51,51,32,80,74,61,53,53,34,4,28,6,6,0],"gold":415,"neow_bonus":"BOSS_RELIC","is_prod":false,"is_daily":false,"chose_seed":false,"campfire_upgraded":1,"win_rate":0,"timestamp":1535233720,"path_taken":["M","M","M","M","M","E","M","R","T","R","M","E","M","M","R","BOSS","M","M","?","$","M","E","R","E","T","M"],"build_version":"2018-08-23v2","purchased_purges":0,"victory":false,"max_hp_per_floor":[80,80,80,80,80,80,80,80,80,80,80,80,80,80,80,80,80,80,80,80,80,80,80,80,80,80,80],"card_choices":[{"not_picked":["Body Slam","Combust"],"picked":"Shrug It Off","floor":1},{"not_picked":["Clash","Spot Weakness"],"picked":"Armaments","floor":2},{"not_picked":["Cleave","Blood for Blood"],"picked":"Twin Strike","floor":3},{"not_picked":["Combust","Warcry"],"picked":"Sentinel","floor":4},{"not_picked":["Havoc","Thunderclap"],"picked":"Shrug It Off","floor":5},{"not_picked":["Wild Strike","Twin Strike"],"picked":"Power Through","floor":6},{"not_picked":["Wild Strike+1","Iron Wave+1"],"picked":"Thunderclap+1","floor":7},{"not_picked":["Anger+1","Limit Break"],"picked":"Sword Boomerang+1","floor":11},{"not_picked":["Fire Breathing","Sentinel"],"picked":"Thunderclap+1","floor":12},{"not_picked":["Uppercut+1","Thunderclap+1"],"picked":"Iron Wave+1","floor":13},{"not_picked":["Sword Boomerang+1","Bloodletting"],"picked":"Disarm","floor":14},{"not_picked":["Dark Embrace","Fiend Fire+1"],"picked":"Reaper+1","floor":16},{"not_picked":["Blood for Blood+1","Heavy Blade+1","Perfected Strike+1"],"picked":"SKIP","floor":18},{"not_picked":["Intimidate","Perfected Strike+1"],"picked":"Flame Barrier","floor":19},{"not_picked":["Clash+1","Sever Soul+1"],"picked":"Intimidate","floor":20},{"not_picked":["Evolve","Feel No Pain"],"picked":"Pummel+1","floor":22},{"not_picked":["Reckless Charge+1","Shrug It Off"],"picked":"Ghostly Armor","floor":23},{"not_picked":["Perfected Strike+1","Flex"],"picked":"Shrug It Off","floor":25}],"player_experience":285719,"relics_obtained":[{"floor":6,"key":"Molten Egg 2"},{"floor":9,"key":"Omamori"},{"floor":12,"key":"Mummified Hand"},{"floor":23,"key":"Orichalcum"},{"floor":25,"key":"Lantern"},{"floor":26,"key":"Paper Frog"}],"event_choices":[],"is_beta":false,"boss_relics":[{"not_picked":["Black Star","Runic Pyramid"],"picked":"Velvet Choker"}],"items_purged_floors":[],"is_endless":false,"potions_floor_spawned":[4,5,6,7,12,14,18,19],"killed_by":"Sentry and Sphere","ascension_level":3}