{"gold_per_floor":[119,119,119,139,154,185,185,204,204,204,229,244,263,280,280,355,355,369,353,365,384,6,6,35,35,35,35],"floor_reached":27,"playtime":1614,"items_purged":[],"score":408,"play_id":"183d348c-097c-4dd0-b149-1802eef8eaa8","local_time":"20190613230616","is_ascension_mode":true,"campfire_choices":[{"data":"Whirlwind","floor":7,"key":"SMITH"},{"data":"Clothesline","floor":10,"key":"SMITH"},{"floor":15,"key":"REST"},{"floor":23,"key":"REST"},{"floor":25,"key":"REST"}],"neow_cost":"NONE","seed_source_timestamp":156943550881192,"circlet_count":0,"master_deck":["AscendersBane","Strike_R","Strike_R","Strike_R","Strike_R","Strike_R","Defend_R","Defend_R","Defend_R","Defend_R","Bash","Fiend Fire","Armaments+1","Clothesline+1","Whirlwind+1","Headbutt","Havoc","Ghostly Armor","Pommel Strike","Spot Weakness","True Grit","Dark Embrace+1","Body Slam+1","Bloodletting+1","Metallicize+1"],"relics":["Burning Blood","Peace Pipe","Pear","Frozen Egg 2","Busted Crown","FossilizedHelix","Vajra","Question Card"],"potions_floor_usage":[6,13,16,19,27],"damage_taken":[{"damage":10,"enemies":"Small Slimes","floor":1,"turns":4},{"damage":7,"enemies":"Jaw Worm","floor":4,"turns":4},{"damage":1,"enemies":"Cultist","floor":5,"turns":3},{"damage":2,"enemies":"Gremlin Nob","floor":6,"turns":3},{"damage":0,"enemies":"Large Slime","floor":8,"turns":4},{"damage":22,"enemies":"3 Sentries","floor":11,"turns":8},{"damage":9,"enemies":"Red Slaver","floor":12,"turns":4},{"damage":12,"enemies":"Exordium Wildlife","floor":13,"turns":5},{"damage":0,"enemies":"Large Slime","floor":14,"turns":4},{"damage":65,"enemies":"Hexaghost","floor":16,"turns":11},{"damage":22,"enemies":"Spheric Guardian","floor":18,"turns":4},{"damage":14,"enemies":"2 Thieves","floor":19,"turns":4},{"damage":28,"enemies":"Centurion and Healer","floor":20,"turns":8},{"damage":22,"enemies":"Snake Plant","floor":21,"turns":4},{"damage":39,"enemies":"Gremlin Leader","floor":24,"turns":6},{"damage":34,"enemies":"Slavers","floor":27,"turns":3}],"seed_played":"7995425954278845895","potions_obtained":[{"floor":1,"key":"SneckoOil"},{"floor":11,"key":"Explosive Potion"},{"floor":13,"key":"FearPotion"},{"floor":18,"key":"SkillPotion"},{"floor":21,"key":"Swift Potion"}],"is_trial":false,"path_per_floor":["M","?","?","M","M","E","R","M","T","R","E","M","M","M","R","B",null,"M","M","M","M","$","R","E","R","T","E"],"character_chosen":"IRONCLAD","items_purchased":["FossilizedHelix","Metallicize+1"],"campfire_rested":3,"item_purchase_floors":[22,22],"current_hp_per_floor":[68,68,68,67,72,76,76,80,90,90,74,71,65,71,90,31,75,59,51,29,13,13,40,7,34,34,0],"gold":35,"neow_bonus":"ONE_RANDOM_RARE_CARD","is_prod":false,"is_daily":false,"chose_seed":false,"campfire_upgraded":2,"win_rate":0,"timestamp":1560492376,"path_taken":["M","?","?","M","M","E","R","M","T","R","E","M","M","?","R","BOSS","M","M","M","M","$","R","E","R","T","E"],"build_version":"2019-01-23","purchased_purges":0,"victory":false,"max_hp_per_floor":[80,80,80,80,80,80,80,80,90,90,90,90,90,90,90,90,90,90,90,90,90,90,90,90,90,90,90],"card_choices":[{"not_picked":["Burning Pact","Anger"],"picked":"Armaments","floor":1},{"not_picked":["Havoc","Evolve"],"picked":"Clothesline","floor":4},{"not_picked":["Sword Boomerang","Perfected Strike"],"picked":"Whirlwind","floor":5},{"not_picked":["Dual Wield","Corruption"],"picked":"Headbutt","floor":6},{"not_picked":["Bloodletting","Thunderclap"],"picked":"Havoc","floor":8},{"not_picked":["Clash","Body Slam"],"picked":"Ghostly Armor","floor":11},{"not_picked":["Ghostly Armor","Havoc"],"picked":"Pommel Strike","floor":12},{"not_picked":["Ghostly Armor","Dropkick"],"picked":"Spot Weakness","floor":13},{"not_picked":["Reaper","Havoc"],"picked":"True Grit","floor":14},{"not_picked":["Fiend Fire","Offering"],"picked":"Dark Embrace+1","floor":16},{"not_picked":[],"picked":"Body Slam+1","floor":18},{"not_picked":[],"picked":"Bloodletting+1","floor":19},{"not_picked":["Anger"],"picked":"SKIP","floor":20},{"not_picked":["Thunderclap+1"],"picked":"SKIP","floor":21},{"not_picked":["Clothesline"],"picked":"SKIP","floor":24}],"player_experience":631686,"relics_obtained":[{"floor":6,"key":"Peace Pipe"},{"floor":9,"key":"Pear"},{"floor":11,"key":"Frozen Egg 2"},{"floor":24,"key":"Vajra"},{"floor":26,"key":"Question Card"}],"event_choices":[{"damage_healed":0,"gold_gain":0,"player_choice":"Leave","damage_taken":0,"max_hp_gain":0,"max_hp_loss":0,"event_name":"The Cleric","floor":2,"gold_loss":0},{"damage_healed":0,"gold_gain":0,"player_choice":"Upgraded","damage_taken":0,"max_hp_gain":0,"max_hp_loss":0,"event_name":"Upgrade Shrine","floor":3,"gold_loss":0,"cards_upgraded":["Armaments"]}],"is_beta":false,"boss_relics":[{"not_picked":["Calling Bell","Lizard Tail"],"picked":"Busted Crown"}],"items_purged_floors":[],"is_endless":false,"potions_floor_spawned":[1,11,13,18,21],"killed_by":"Slavers","ascension_level":13}