{"path_per_floor":["M","$","M","?","M","M","M","R","T","?","M","?","R","M","R"],"character_chosen":"DEFECT","items_purchased":["Capacitor"],"gold_per_floor":[111,33,44,44,54,72,92,92,168,168,178,178,178,193,193,193],"floor_reached":16,"campfire_rested":0,"playtime":597,"item_purchase_floors":[2],"current_hp_per_floor":[75,75,73,73,70,70,64,64,64,64,65,47,47,40,40,0],"items_purged":[],"gold":193,"score":118,"play_id":"f631fa0b-1cdd-47d7-b186-431e8934fb84","local_time":"20180616174715","is_prod":false,"is_daily":false,"chose_seed":false,"is_ascension_mode":true,"campfire_upgraded":3,"win_rate":0,"timestamp":1529196435,"campfire_choices":[{"data":"Zap","floor":8,"key":"SMITH"},{"data":"Leap","floor":13,"key":"SMITH"},{"data":"Beam Cell","floor":15,"key":"SMITH"}],"path_taken":["M","$","M","?","M","M","M","R","T","?","M","?","R","M","R","BOSS"],"build_version":"2018-06-14v2","seed_source_timestamp":2395744868864,"purchased_purges":0,"victory":false,"master_deck":["Strike_B","Strike_B","Strike_B","Defend_B","Defend_B","Defend_B","Defend_B","Zap+1","Dualcast","Streamline","Beam Cell+1","Capacitor","Leap+1","Tempest","Self Repair"],"max_hp_per_floor":[75,75,75,75,75,75,75,75,75,75,75,75,75,75,75,75],"relics":["Cracked Core","Symbiotic Virus","Turnip"],"card_choices":[{"not_picked":["Gash","Sweeping Beam"],"picked":"Beam Cell","floor":1},{"not_picked":["Storm","Cold Snap","Barrage"],"picked":"SKIP","floor":3},{"not_picked":["Gash","Cold Snap"],"picked":"Leap","floor":5},{"not_picked":["Coolheaded","Streamline"],"picked":"Tempest","floor":6},{"not_picked":["Aggregate","Capacitor"],"picked":"Self Repair","floor":7},{"not_picked":["Barrage","Coolheaded","Beam Cell"],"picked":"SKIP","floor":11},{"not_picked":["Fission","Streamline","Steam"],"picked":"SKIP","floor":14}],"player_experience":535646,"potions_floor_usage":[5,11],"damage_taken":[{"damage":0,"enemies":"2 Louse","floor":1,"turns":1},{"damage":2,"enemies":"Jaw Worm","floor":3,"turns":2},{"damage":3,"enemies":"Small Slimes","floor":5,"turns":3},{"damage":0,"enemies":"2 Fungi Beasts","floor":6,"turns":4},{"damage":6,"enemies":"Looter","floor":7,"turns":2},{"damage":6,"enemies":"Lots of Slimes","floor":11,"turns":4},{"damage":7,"enemies":"2 Fungi Beasts","floor":14,"turns":2},{"damage":45,"enemies":"Slime Boss","floor":16,"turns":9}],"relics_obtained":[{"floor":9,"key":"Symbiotic Virus"}],"event_choices":[{"event_name":"The Cleric","player_choice":"Leave","floor":4,"damage_taken":0},{"event_name":"Golden Idol","player_choice":"Ignored","floor":10,"damage_taken":0},{"event_name":"Scrap Ooze","player_choice":"success","floor":12,"damage_taken":18}],"boss_relics":[],"items_purged_floors":[],"is_endless":false,"potions_floor_spawned":[3,7,14],"seed_played":"8398888886871884364","killed_by":"Slime Boss","ascension_level":5,"potions_obtained":[{"floor":3,"key":"Block Potion"},{"floor":7,"key":"Poison Potion"},{"floor":14,"key":"Energy Potion"}],"is_trial":false}