{"gold_per_floor":[119,134,153,173,173,199,211,223,258,270,311,334,357,387,399,507,519,551,578,590,621,633,675,687,732,744,756],"floor_reached":27,"playtime":4489,"items_purged":[],"score":315,"play_id":"6c1387ba-a47b-4dd7-aed9-ac03028d2a40","local_time":"20191013191335","is_ascension_mode":false,"campfire_choices":[{"data":"Skewer","floor":7.0,"key":"SMITH"},{"floor":10.0,"key":"REST"},{"floor":15.0,"key":"REST"},{"floor":24,"key":"REST"}],"neow_cost":"NONE","seed_source_timestamp":26855024434700,"circlet_count":0,"master_deck":["Strike_G","Strike_G","Strike_G","Defend_G","Defend_G","Defend_G","Defend_G","Defend_G","Survivor","Neutralize","Terror","PiercingWail","Skewer+1","Dodge and Roll+1","Deadly Poison","Bane","Catalyst","Well Laid Plans","Night Terror","Poisoned Stab","Heel Hook","Flying Knee","Flying Knee","Acrobatics","Noxious Fumes"],"special_seed":0,"relics":["Ring of the Snake","Pen Nib","MawBank","Snake Skull","Orichalcum","WristBlade","Vajra","Dead Branch","Kunai","Peace Pipe"],"potions_floor_usage":[23,25],"damage_taken":[{"damage":0.0,"enemies":"2 Louse","floor":1.0,"turns":2.0},{"damage":0.0,"enemies":"Jaw Worm","floor":2.0,"turns":7.0},{"damage":0.0,"enemies":"Cultist","floor":3.0,"turns":4.0},{"damage":11.0,"enemies":"Exordium Wildlife","floor":4.0,"turns":6.0},{"damage":35.0,"enemies":"Lagavulin","floor":6.0,"turns":10.0},{"damage":26.0,"enemies":"3 Sentries","floor":11.0,"turns":10.0},{"damage":6.0,"enemies":"Large Slime","floor":12.0,"turns":5.0},{"damage":1.0,"enemies":"Looter","floor":13.0,"turns":3.0},{"damage":10.0,"enemies":"Lots of Slimes","floor":14.0,"turns":6.0},{"damage":0.0,"enemies":"The Guardian","floor":16.0,"turns":8.0},{"damage":17.0,"enemies":"Spheric Guardian","floor":18.0,"turns":6.0},{"damage":0.0,"enemies":"3 Byrds","floor":19.0,"turns":7.0},{"damage":19.0,"enemies":"Cultist and Chosen","floor":21.0,"turns":5.0},{"damage":31,"enemies":"Book of Stabbing","floor":23,"turns":6},{"damage":16,"enemies":"Gremlin Leader","floor":25,"turns":5},{"damage":18,"enemies":"Centurion and Healer","floor":27,"turns":2}],"seed_played":"-5309540001464933941","potions_obtained":[{"floor":1.0,"key":"Strength Potion"},{"floor":3.0,"key":"FearPotion"},{"floor":13.0,"key":"PowerPotion"},{"floor":16.0,"key":"Swift Potion"},{"floor":19.0,"key":"Fire Potion"},{"floor":25,"key":"GamblersBrew"}],"is_trial":false,"path_per_floor":["M","M","M","M","?","E","R","?","T","R","E","M","M","M","R","B",null,"M","M","?","M","?","E","R","E","T","M"],"character_chosen":"THE_SILENT","items_purchased":[],"campfire_rested":3,"item_purchase_floors":[],"current_hp_per_floor":[77,77,77,66,63,28,28,28,28,51,25,19,18,8,31,31,77,60,60,60,41,41,10,33,17,17,0],"gold":756,"neow_bonus":"TEN_PERCENT_HP_BONUS","is_prod":false,"is_daily":false,"chose_seed":false,"campfire_upgraded":1,"win_rate":0.0,"timestamp":1571019215,"path_taken":["M","M","M","M","?","E","R","?","T","R","E","?","M","M","R","BOSS","M","M","?","M","?","E","R","E","T","M"],"build_version":"2019-07-17","purchased_purges":0,"victory":false,"max_hp_per_floor":[77,77,77,77,77,77,77,77,77,77,77,77,77,77,77,77,77,77,77,77,77,77,77,77,77,77,77],"card_choices":[{"not_picked":["Dodge and Roll","Slice"],"picked":"Terror","floor":1.0},{"not_picked":["Deadly Poison","Quick Slash"],"picked":"PiercingWail","floor":2.0},{"not_picked":["Deflect","Quick Slash"],"picked":"Skewer","floor":3.0},{"not_picked":["Bane","Distraction"],"picked":"Dodge and Roll","floor":4.0},{"not_picked":["Slice","Malaise"],"picked":"Deadly Poison","floor":6.0},{"not_picked":["Deflect","Quick Slash"],"picked":"Bane","floor":11.0},{"not_picked":["Prepared","Sucker Punch","Skewer"],"picked":"SKIP","floor":12.0},{"not_picked":["Prepared","Riddle With Holes"],"picked":"Catalyst","floor":13.0},{"not_picked":["Slice","Backflip"],"picked":"Well Laid Plans","floor":14.0},{"not_picked":["Malaise","Corpse Explosion"],"picked":"Night Terror","floor":16.0},{"not_picked":["Slice","Deflect"],"picked":"Poisoned Stab","floor":18.0},{"not_picked":["Dodge and Roll","Bane"],"picked":"Heel Hook","floor":19.0},{"not_picked":["All Out Attack","Blade Dance"],"picked":"Acrobatics","floor":21.0},{"not_picked":["Acrobatics","Dagger Throw","Choke"],"picked":"SKIP","floor":23},{"not_picked":["Blur+1","Flying Knee+1"],"picked":"Noxious Fumes","floor":25}],"player_experience":76371,"relics_obtained":[{"floor":6.0,"key":"MawBank"},{"floor":9.0,"key":"Snake Skull"},{"floor":11.0,"key":"Orichalcum"},{"floor":23,"key":"Dead Branch"},{"floor":25,"key":"Kunai"},{"floor":26,"key":"Peace Pipe"}],"event_choices":[{"damage_healed":0.0,"max_hp_gain":0.0,"max_hp_loss":0.0,"gold_gain":0.0,"event_name":"Scrap Ooze","player_choice":"Success","floor":5.0,"gold_loss":0.0,"damage_taken":3.0,"relics_obtained":["Pen Nib"]},{"damage_healed":0.0,"max_hp_gain":0.0,"max_hp_loss":0.0,"gold_gain":0.0,"event_name":"Accursed Blacksmith","player_choice":"Forge","floor":8.0,"gold_loss":0.0,"damage_taken":0.0,"cards_upgraded":["Dodge and Roll"]},{"damage_healed":0.0,"max_hp_gain":0.0,"max_hp_loss":0.0,"gold_gain":0.0,"cards_transformed":["Strike_G","Strike_G"],"event_name":"Drug Dealer","player_choice":"Became Test Subject","floor":20.0,"gold_loss":0.0,"damage_taken":0.0,"cards_obtained":["Flying Knee","Flying Knee"]},{"damage_healed":0.0,"max_hp_gain":0.0,"max_hp_loss":0.0,"gold_gain":0.0,"event_name":"The Mausoleum","player_choice":"Opened","floor":22.0,"gold_loss":0.0,"damage_taken":0.0,"relics_obtained":["Vajra"]}],"is_beta":false,"boss_relics":[{"not_picked":["Calling Bell","Snecko Eye"],"picked":"WristBlade"}],"items_purged_floors":[],"is_endless":false,"potions_floor_spawned":[1,3,13,16,19,25],"killed_by":"Centurion and Healer","ascension_level":0}