{"gold_per_floor":[118,134,52,71,71,102,128,128,154,154,178,212,226,242,242,373,373,393,393,393,46,61,61,105,105,105,105,121,162,175,205,205,205],"floor_reached":33,"playtime":1584,"items_purged":[],"score":312,"play_id":"5e9c890f-8498-46b6-ba1b-cac7d059ee84","local_time":"20190823172939","is_ascension_mode":true,"campfire_choices":[{"floor":8,"key":"REST"},{"data":"Noxious Fumes","floor":15,"key":"SMITH"},{"data":"Apotheosis","floor":23,"key":"SMITH"},{"floor":25,"key":"RECALL"},{"floor":27,"key":"REST"},{"floor":32,"key":"REST"}],"neow_cost":"NONE","seed_source_timestamp":69244041069000,"circlet_count":0,"master_deck":["Strike_G","Strike_G","Strike_G","Strike_G","Strike_G","Defend_G","Defend_G","Defend_G","Defend_G","Defend_G","Survivor","Neutralize+1","Footwork+1","Deflect","Predator","Dagger Spray","Dagger Throw","Noxious Fumes+1","Dagger Throw","Crippling Poison","Bouncing Flask","Night Terror","Apotheosis+1","Caltrops","Catalyst","Backflip","Bullet Time","Backflip"],"relics":["Ring of the Serpent","Golden Idol","Boot","Odd Mushroom","Bronze Scales","Bag of Preparation","Dream Catcher","Ninja Scroll","Centennial Puzzle","Tiny Chest"],"potions_floor_usage":[6,6,16,19,22,22,33],"damage_taken":[{"damage":3,"enemies":"Jaw Worm","floor":1,"turns":5},{"damage":0,"enemies":"Small Slimes","floor":2,"turns":4},{"damage":0,"enemies":"2 Louse","floor":4,"turns":3},{"damage":18,"enemies":"Gremlin Nob","floor":6,"turns":4},{"damage":7,"enemies":"The Mushroom Lair","floor":7,"turns":4},{"damage":8,"enemies":"Large Slime","floor":11,"turns":5},{"damage":3,"enemies":"3 Sentries","floor":12,"turns":6},{"damage":0,"enemies":"2 Fungi Beasts","floor":13,"turns":2},{"damage":1,"enemies":"Blue Slaver","floor":14,"turns":4},{"damage":10,"enemies":"The Guardian","floor":16,"turns":9},{"damage":3,"enemies":"Shell Parasite","floor":18,"turns":5},{"damage":0,"enemies":"2 Thieves","floor":19,"turns":1},{"damage":6,"enemies":"Snecko","floor":22,"turns":5},{"damage":25,"enemies":"Gremlin Leader","floor":24,"turns":6},{"damage":4,"enemies":"Chosen and Byrds","floor":28,"turns":5},{"damage":28,"enemies":"Slavers","floor":29,"turns":4},{"damage":4,"enemies":"Cultist and Chosen","floor":30,"turns":5},{"damage":42,"enemies":"Collector","floor":33,"turns":5}],"seed_played":"6594903545468808251","potions_obtained":[{"floor":1,"key":"SteroidPotion"},{"floor":2,"key":"FearPotion"},{"floor":7,"key":"Swift Potion"},{"floor":12,"key":"Ancient Potion"},{"floor":13,"key":"EssenceOfSteel"},{"floor":18,"key":"SmokeBomb"},{"floor":24,"key":"Ancient Potion"},{"floor":29,"key":"Dexterity Potion"}],"is_trial":false,"path_per_floor":["M","M","$","M","?","E","?","R","T","?","M","E","M","M","R","B",null,"M","M","?","$","M","R","E","R","T","R","M","E","M","?","R","B"],"character_chosen":"THE_SILENT","items_purchased":["Predator","Apotheosis","Caltrops","Dream Catcher"],"campfire_rested":3,"item_purchase_floors":[3,21,21,21],"current_hp_per_floor":[67,67,67,67,50,32,25,46,46,46,38,35,35,34,34,24,70,67,67,67,67,61,61,36,36,36,57,53,25,21,21,42,0],"gold":205,"neow_bonus":"UPGRADE_CARD","is_prod":false,"is_daily":false,"chose_seed":false,"campfire_upgraded":2,"win_rate":0,"timestamp":1566606579,"path_taken":["M","M","$","M","?","E","?","R","T","?","?","E","M","M","R","BOSS","M","M","?","$","M","R","E","R","T","R","M","E","M","?","R","BOSS"],"build_version":"2019-08-15","purchased_purges":0,"victory":false,"max_hp_per_floor":[70,70,70,70,70,70,70,70,70,70,70,70,70,70,70,70,70,70,70,70,70,70,70,70,70,70,70,70,70,70,70,70,70],"card_choices":[{"not_picked":["Accuracy","Dodge and Roll"],"picked":"Footwork","floor":1},{"not_picked":["Finisher","Outmaneuver"],"picked":"Deflect","floor":2},{"not_picked":["Caltrops","Dagger Throw"],"picked":"Dagger Spray","floor":4},{"not_picked":["Accuracy","Caltrops"],"picked":"Dagger Throw","floor":6},{"not_picked":["Backstab","A Thousand Cuts"],"picked":"Noxious Fumes","floor":7},{"not_picked":["Eviscerate","Endless Agony"],"picked":"Dagger Throw","floor":11},{"not_picked":["Underhanded Strike","Blade Dance"],"picked":"Crippling Poison","floor":12},{"not_picked":["Sucker Punch","Dagger Throw","Expertise"],"picked":"SKIP","floor":13},{"not_picked":["Cloak And Dagger","Dodge and Roll"],"picked":"Bouncing Flask","floor":14},{"not_picked":["Malaise","Die Die Die"],"picked":"Night Terror","floor":16},{"not_picked":["Poisoned Stab","Blade Dance","Dagger Throw"],"picked":"SKIP","floor":18},{"not_picked":["PiercingWail","Prepared","Endless Agony"],"picked":"SKIP","floor":22},{"not_picked":["A Thousand Cuts","Underhanded Strike","Sucker Punch+1"],"picked":"SKIP","floor":24},{"not_picked":["Well Laid Plans","PiercingWail"],"picked":"Catalyst","floor":28},{"not_picked":["Dodge and Roll","Dagger Spray"],"picked":"Backflip","floor":29},{"not_picked":["Cloak And Dagger","Deadly Poison+1"],"picked":"Bullet Time","floor":30},{"not_picked":["Infinite Blades","Bane+1"],"picked":"Backflip","floor":32}],"player_experience":1414813,"relics_obtained":[{"floor":6,"key":"Boot"},{"floor":7,"key":"Odd Mushroom"},{"floor":9,"key":"Bronze Scales"},{"floor":12,"key":"Bag of Preparation"},{"floor":24,"key":"Ninja Scroll"},{"floor":29,"key":"Centennial Puzzle"}],"event_choices":[{"damage_healed":0,"gold_gain":0,"player_choice":"Take Damage","damage_taken":17,"relics_obtained":["Golden Idol"],"max_hp_gain":0,"max_hp_loss":0,"event_name":"Golden Idol","floor":5,"gold_loss":0},{"damage_healed":0,"gold_gain":0,"player_choice":"Fought Mushrooms","damage_taken":0,"max_hp_gain":0,"max_hp_loss":0,"event_name":"Mushrooms","floor":7,"gold_loss":0},{"damage_healed":0,"gold_gain":0,"player_choice":"Grow","damage_taken":0,"max_hp_gain":0,"max_hp_loss":0,"event_name":"Living Wall","floor":10,"gold_loss":0,"cards_upgraded":["Footwork"]},{"damage_healed":0,"gold_gain":0,"player_choice":"Ignored","damage_taken":0,"max_hp_gain":0,"max_hp_loss":0,"event_name":"Beggar","floor":20,"gold_loss":0},{"damage_healed":0,"gold_gain":0,"player_choice":"Opened","damage_taken":0,"relics_obtained":["Tiny Chest"],"max_hp_gain":0,"max_hp_loss":0,"event_name":"The Mausoleum","floor":31,"gold_loss":0}],"is_beta":true,"boss_relics":[{"not_picked":["Runic Dome","Coffee Dripper"],"picked":"Ring of the Serpent"}],"items_purged_floors":[],"is_endless":false,"potions_floor_spawned":[1,2,7,12,13,18,24,29],"killed_by":"Collector","ascension_level":1}