{"gold_per_floor":[129,159,171,198,223,235,217,229,241,263,286,333,445,469,481,588,600,598,214,225,243,260,260,260,260,313,332,332,365,52,71,71,170,170,189,189,189],"floor_reached":37,"playtime":2699,"items_purged":[],"score":418,"play_id":"f82b3417-4b79-4710-89cc-d504d4fcb9f7","local_time":"20191009210329","is_ascension_mode":false,"campfire_choices":[{"data":"Barricade","floor":6,"key":"SMITH"},{"data":"Entrench","floor":8,"key":"SMITH"},{"floor":15,"key":"REST"},{"floor":23,"key":"REST"},{"floor":28,"key":"REST"},{"floor":32,"key":"REST"}],"neow_cost":"NONE","seed_source_timestamp":67892670710900,"circlet_count":0,"master_deck":["Strike_R","Strike_R","Strike_R","Defend_R","Defend_R","Defend_R","Defend_R","Bash","Inflame","Uppercut","Barricade+1","Feel No Pain","Corruption","Entrench+1","Pommel Strike","Sever Soul","Fiend Fire","Shockwave","Dark Embrace","Flex","Dark Shackles","Second Wind","Warcry","Panache","Intimidate","Anger+1","Warcry+1","Twin Strike","Body Slam+1","Clash","Finesse","Whirlwind","Limit Break","Disarm+1"],"relics":["Burning Blood","MawBank","Happy Flower","Ornamental Fan","Black Star","Nilry\u0027s Codex","Bag of Preparation","Question Card","Meat on the Bone","Sling","White Beast Statue"],"potions_floor_usage":[12,29,29,29,37],"damage_taken":[{"damage":12,"enemies":"Small Slimes","floor":1,"turns":6},{"damage":8,"enemies":"Jaw Worm","floor":2,"turns":5},{"damage":1,"enemies":"Cultist","floor":4,"turns":3},{"damage":9,"enemies":"2 Fungi Beasts","floor":5,"turns":4},{"damage":2,"enemies":"Looter","floor":7,"turns":4},{"damage":42,"enemies":"Gremlin Gang","floor":10,"turns":6},{"damage":21,"enemies":"3 Louse","floor":11,"turns":7},{"damage":17,"enemies":"3 Sentries","floor":12,"turns":9},{"damage":10,"enemies":"Exordium Wildlife","floor":14,"turns":4},{"damage":25,"enemies":"Slime Boss","floor":16,"turns":15},{"damage":27,"enemies":"2 Thieves","floor":18,"turns":4},{"damage":34,"enemies":"Spheric Guardian","floor":20,"turns":6},{"damage":25,"enemies":"Snake Plant","floor":21,"turns":7},{"damage":2,"enemies":"Centurion and Healer","floor":22,"turns":10},{"damage":0,"enemies":"Snecko","floor":27,"turns":6},{"damage":18,"enemies":"Gremlin Leader","floor":29,"turns":9},{"damage":17,"enemies":"Shelled Parasite and Fungi","floor":31,"turns":8},{"damage":27,"enemies":"Collector","floor":33,"turns":7},{"damage":70,"enemies":"Orb Walker","floor":35,"turns":6},{"damage":29,"enemies":"3 Darklings","floor":37,"turns":4}],"seed_played":"-4181365897054185837","potions_obtained":[{"floor":4,"key":"LiquidBronze"},{"floor":10,"key":"SkillPotion"},{"floor":12,"key":"Block Potion"},{"floor":14,"key":"SpeedPotion"},{"floor":33,"key":"AttackPotion"},{"floor":35,"key":"Block Potion"}],"is_trial":false,"path_per_floor":["M","M","?","M","M","R","M","R","T","M","M","E","?","M","R","B",null,"M","$","M","M","M","R","?","?","T","M","R","E","$","M","R","B",null,"M","?","M"],"character_chosen":"IRONCLAD","items_purchased":["Dark Shackles","Second Wind","Warcry","Panache","Sling","Clash","Finesse"],"campfire_rested":4,"item_purchase_floors":[19,19,19,19,30,30,30],"current_hp_per_floor":[74,72,72,77,74,74,78,78,78,42,27,16,16,12,36,17,80,59,59,31,12,16,40,24,24,24,30,54,42,42,43,67,58,80,28,28,0],"gold":189,"neow_bonus":"RANDOM_COMMON_RELIC","is_prod":false,"is_daily":false,"chose_seed":false,"campfire_upgraded":2,"win_rate":0.0,"timestamp":1570680209,"path_taken":["M","M","?","M","M","R","M","R","T","M","M","E","?","M","R","BOSS","M","$","?","M","M","R","?","?","T","?","R","E","$","M","R","BOSS","M","?","M"],"build_version":"2019-07-17","purchased_purges":0,"victory":false,"max_hp_per_floor":[80,80,80,80,80,80,80,80,80,80,80,80,80,80,80,80,80,80,80,80,80,80,80,80,80,80,80,80,80,80,80,80,80,80,80,80,80],"card_choices":[{"not_picked":["Cleave","Shrug It Off"],"picked":"Inflame","floor":1},{"not_picked":["Shockwave","Twin Strike"],"picked":"Uppercut","floor":2},{"not_picked":["Sever Soul","Reckless Charge"],"picked":"Feel No Pain","floor":4},{"not_picked":["True Grit","Uppercut"],"picked":"Corruption","floor":5},{"not_picked":["Wild Strike","Seeing Red"],"picked":"Entrench","floor":7},{"not_picked":["Thunderclap","Carnage"],"picked":"Pommel Strike","floor":10},{"not_picked":["Twin Strike","Perfected Strike"],"picked":"Sever Soul","floor":11},{"not_picked":["Rampage","Clothesline"],"picked":"Fiend Fire","floor":12},{"not_picked":["Hemokinesis","Dual Wield"],"picked":"Shockwave","floor":14},{"not_picked":["Exhume","Limit Break"],"picked":"Dark Embrace","floor":16},{"not_picked":["Cleave+1","Thunderclap"],"picked":"Flex","floor":18},{"not_picked":["Thunderclap","Sentinel"],"picked":"Intimidate","floor":20},{"not_picked":["Combust","Carnage"],"picked":"Anger+1","floor":21},{"not_picked":["Flex","Anger"],"picked":"Warcry+1","floor":22},{"not_picked":["Combust","Bloodletting+1"],"picked":"Twin Strike","floor":27},{"not_picked":["Power Through","Fire Breathing+1"],"picked":"Body Slam+1","floor":29},{"not_picked":["Thunderclap","Bloodletting","Pommel Strike"],"picked":"Whirlwind","floor":31},{"not_picked":["Offering","Double Tap","Barricade"],"picked":"Limit Break","floor":33},{"not_picked":["Second Wind","Twin Strike+1","Carnage+1"],"picked":"Disarm+1","floor":35}],"player_experience":42567,"relics_obtained":[{"floor":9,"key":"Happy Flower"},{"floor":12,"key":"Ornamental Fan"},{"floor":24,"key":"Nilry\u0027s Codex"},{"floor":26,"key":"Bag of Preparation"},{"floor":29,"key":"Question Card"},{"floor":29,"key":"Meat on the Bone"}],"event_choices":[{"damage_healed":0,"gold_gain":0,"cards_transformed":["Strike_R"],"player_choice":"Change","damage_taken":0,"max_hp_gain":0,"max_hp_loss":0,"event_name":"Living Wall","floor":3,"gold_loss":0,"cards_obtained":["Barricade"]},{"damage_healed":0,"gold_gain":100,"player_choice":"Pray","damage_taken":0,"max_hp_gain":0,"max_hp_loss":0,"event_name":"Golden Shrine","floor":13,"gold_loss":0},{"damage_healed":0,"gold_gain":0,"player_choice":"Obtained Book","damage_taken":16,"max_hp_gain":0,"max_hp_loss":0,"event_name":"Cursed Tome","floor":24,"gold_loss":0},{"cards_removed":["Strike_R"],"damage_healed":0,"gold_gain":0,"player_choice":"Purged","damage_taken":0,"max_hp_gain":0,"max_hp_loss":0,"event_name":"Purifier","floor":25,"gold_loss":0},{"damage_healed":0,"gold_gain":0,"player_choice":"Ignored","damage_taken":0,"max_hp_gain":0,"max_hp_loss":0,"event_name":"The Moai Head","floor":36,"gold_loss":0}],"is_beta":false,"boss_relics":[{"not_picked":["Philosopher\u0027s Stone","Tiny House"],"picked":"Black Star"},{"not_picked":["Mark of Pain","Eternal Feather"],"picked":"White Beast Statue"}],"items_purged_floors":[],"is_endless":false,"potions_floor_spawned":[4,10,12,14,21,22,33,35],"killed_by":"3 Darklings","ascension_level":0}