{"gold_per_floor":[114,124,143,218,21,53,66,66,66,94,133,145,174,186,198,310,322,353,365,377,399,425,465,477,112,112,128,128],"floor_reached":28,"playtime":1126,"items_purged":[],"score":250,"play_id":"01451e3b-cdb4-43c1-9fae-8255199e1543","local_time":"20191012112750","is_ascension_mode":false,"campfire_choices":[{"floor":8,"key":"REST"},{"floor":12,"key":"REST"},{"floor":15,"key":"REST"},{"floor":24,"key":"REST"}],"neow_cost":"NONE","seed_source_timestamp":294134439951500,"circlet_count":0,"master_deck":["Strike_B","Strike_B","Strike_B","Defend_B","Defend_B","Defend_B","Defend_B","Zap","Dualcast","Blind","Sunder","Redo","Gash","Sweeping Beam","Ball Lightning","Coolheaded","Electrodynamics","Doom and Gloom","Machine Learning","Leap+1","Writhe","Rebound","Sweeping Beam+1","Lockon","White Noise+1","Static Discharge","Melter","Lockon","Chrysalis","Thunder Strike"],"relics":["Cracked Core","Chemical X","Juzu Bracelet","MawBank","Darkstone Periapt","Nuclear Battery","Mummified Hand","Pantograph","Unceasing Top"],"potions_floor_usage":[11,23,28],"damage_taken":[{"damage":3,"enemies":"Jaw Worm","floor":1,"turns":4},{"damage":0,"enemies":"2 Louse","floor":2,"turns":1},{"damage":0,"enemies":"Cultist","floor":3,"turns":3},{"damage":28,"enemies":"Gremlin Nob","floor":6,"turns":4},{"damage":9,"enemies":"Blue Slaver","floor":7,"turns":4},{"damage":10,"enemies":"Looter","floor":10,"turns":3},{"damage":27,"enemies":"3 Sentries","floor":11,"turns":6},{"damage":6,"enemies":"Large Slime","floor":13,"turns":4},{"damage":22,"enemies":"Slime Boss","floor":16,"turns":9},{"damage":14,"enemies":"Spheric Guardian","floor":18,"turns":4},{"damage":19,"enemies":"2 Thieves","floor":21,"turns":3},{"damage":24,"enemies":"Snake Plant","floor":22,"turns":4},{"damage":8,"enemies":"Gremlin Leader","floor":23,"turns":6},{"damage":34,"enemies":"Shelled Parasite and Fungi","floor":27,"turns":4},{"damage":23,"enemies":"Slavers","floor":28,"turns":1}],"seed_played":"-6445065809821697452","potions_obtained":[{"floor":1,"key":"Fruit Juice"},{"floor":3,"key":"Weak Potion"},{"floor":27,"key":"EssenceOfSteel"}],"is_trial":false,"path_per_floor":["M","M","M","?","$","E","M","R","T","M","E","R","M","?","R","B",null,"M","?","?","M","M","E","R","$","T","M","E"],"character_chosen":"DEFECT","items_purchased":["Chemical X","Static Discharge","Melter","Lockon","Chrysalis"],"campfire_rested":4,"item_purchase_floors":[5,25,25,25,25],"current_hp_per_floor":[72,72,72,61,61,33,24,46,46,36,14,38,32,32,56,34,80,66,72,72,53,29,21,46,46,46,12,0],"gold":128,"neow_bonus":"RANDOM_COLORLESS","is_prod":false,"is_daily":false,"chose_seed":false,"campfire_upgraded":0,"win_rate":0.0,"timestamp":1570904870,"path_taken":["M","M","M","?","$","E","M","R","T","M","E","R","M","?","R","BOSS","M","?","?","M","M","E","R","$","T","M","E"],"build_version":"2019-07-17","purchased_purges":0,"victory":false,"max_hp_per_floor":[75,75,75,75,75,75,75,75,75,75,80,80,80,80,80,80,80,80,86,86,86,86,86,86,86,86,86,86],"card_choices":[{"not_picked":["Hologram","Melter"],"picked":"Sunder","floor":1},{"not_picked":["Barrage","Rebound"],"picked":"Redo","floor":2},{"not_picked":["Blizzard","Streamline"],"picked":"Gash","floor":3},{"not_picked":["Rip and Tear","Meteor Strike"],"picked":"Sweeping Beam","floor":6},{"not_picked":["Redo","Doom and Gloom"],"picked":"Ball Lightning","floor":7},{"not_picked":["Defragment","Storm"],"picked":"Coolheaded","floor":10},{"not_picked":["Fusion","Darkness"],"picked":"Electrodynamics","floor":11},{"not_picked":["Redo","Ball Lightning"],"picked":"Doom and Gloom","floor":13},{"not_picked":["Buffer","Electrodynamics"],"picked":"Machine Learning","floor":16},{"not_picked":["Sweeping Beam","Barrage"],"picked":"Leap+1","floor":18},{"not_picked":["Go for the Eyes+1","Rebound"],"picked":"Sweeping Beam+1","floor":21},{"not_picked":["Cold Snap","Darkness"],"picked":"Lockon","floor":22},{"not_picked":["Streamline","Go for the Eyes+1"],"picked":"White Noise+1","floor":23},{"not_picked":["Coolheaded","Storm"],"picked":"Thunder Strike","floor":27}],"player_experience":60155,"relics_obtained":[{"floor":6,"key":"Juzu Bracelet"},{"floor":9,"key":"MawBank"},{"floor":11,"key":"Darkstone Periapt"},{"floor":23,"key":"Pantograph"},{"floor":26,"key":"Unceasing Top"}],"event_choices":[{"damage_healed":0,"gold_gain":75,"player_choice":"Gather Gold","damage_taken":11,"max_hp_gain":0,"max_hp_loss":0,"event_name":"World of Goop","floor":4,"gold_loss":0},{"cards_removed":["Strike_B"],"damage_healed":0,"gold_gain":0,"player_choice":"Purged","damage_taken":0,"max_hp_gain":0,"max_hp_loss":0,"event_name":"Purifier","floor":14,"gold_loss":0},{"damage_healed":0,"gold_gain":0,"player_choice":"Opened","damage_taken":0,"relics_obtained":["Mummified Hand"],"max_hp_gain":0,"max_hp_loss":0,"event_name":"The Mausoleum","floor":19,"gold_loss":0,"cards_obtained":["Writhe"]},{"damage_healed":0,"gold_gain":0,"player_choice":"Read","damage_taken":0,"max_hp_gain":0,"max_hp_loss":0,"event_name":"The Library","floor":20,"gold_loss":0,"cards_obtained":["Rebound"]}],"is_beta":false,"boss_relics":[{"not_picked":["Sozu","Snecko Eye"],"picked":"Nuclear Battery"}],"items_purged_floors":[],"is_endless":false,"potions_floor_spawned":[1,3,27],"killed_by":"Slavers","ascension_level":0}