{"path_per_floor":["M","M","M","M","M","R","M","E","T","?","E","R","$","M","R","B",null,"M","?","?","M","M","R","$","R","T","?","M","R","E","T","R","B",null,"M","M","$","M","?","M","R","M","T","$","?","R","?","E","R"],"character_chosen":"IRONCLAD","items_purchased":["Shrug It Off","Armaments","Strength Potion","Block Potion","Vajra"],"gold_per_floor":[117,134,148,166,177,177,197,222,245,266,301,301,173,187,187,289,289,303,218,218,237,248,248,51,51,51,51,61,61,95,95,95,200,200,213,231,54,72,72,85,85,98,153,5,5,5,0,33,33,33],"floor_reached":50,"campfire_rested":3,"playtime":4623,"current_hp_per_floor":[80,80,80,80,76,76,77,62,62,59,51,51,51,57,80,24,80,69,69,69,66,69,69,69,69,69,52,58,97,91,91,91,33,105,77,42,42,51,51,53,53,53,53,53,53,104,104,93,93,0],"items_purged":["Strike_R","Strike_R","Defend_R"],"gold":33,"score":577,"play_id":"1d0b9776-e8ed-49ce-9abe-39818682aa38","local_time":"20180422234508","is_prod":false,"is_daily":false,"chose_seed":false,"is_ascension_mode":false,"campfire_upgraded":7,"timestamp":1524465908,"path_taken":["M","M","M","M","M","R","?","E","T","?","E","R","$","M","R","BOSS","M","?","?","M","M","R","$","R","T","?","M","R","E","?","R","BOSS","M","M","$","M","?","M","R","M","T","?","?","R","?","E","R","BOSS"],"build_version":"2018-04-19","seed_source_timestamp":523749824600421,"purchased_purges":3,"victory":false,"master_deck":["Strike_R","Strike_R","Strike_R","Defend_R","Defend_R","Defend_R","Bash","Heavy Blade+1","Spot Weakness+1","Dropkick","Heavy Blade+1","Heavy Blade","Rampage","Twin Strike","Feed+1","Offering","Shrug It Off","Havoc","Double Tap+1","Shrug It Off","Sword Boomerang+1","Armaments+1","Inflame+1","Berserk+1","Armaments+1","Headbutt","Headbutt+1"],"max_hp_per_floor":[80,80,80,80,80,80,80,80,80,80,80,80,80,80,80,80,80,84,84,84,84,88,88,88,88,88,93,97,97,101,101,101,105,105,109,109,109,113,113,117,117,121,121,121,121,121,121,125,125,125],"relics":["Black Blood","Bag of Marbles","Bronze Scales","Odd Mushroom","Prayer Wheel","Runic Pyramid","Regal Pillow","Mercury Hourglass","Juzu Bracelet","Lantern","Pen Nib","Vajra","Red Mask","Gremlin Horn"],"card_choices":[{"not_picked":["Fire Breathing","Flex"],"picked":"Heavy Blade","floor":1},{"not_picked":["Pommel Strike","Ghostly Armor"],"picked":"Spot Weakness","floor":2},{"not_picked":["Flex","Metallicize"],"picked":"Dropkick","floor":3},{"not_picked":["Rupture","Shrug It Off"],"picked":"Heavy Blade","floor":4},{"not_picked":["Anger","Blood for Blood"],"picked":"Heavy Blade","floor":5},{"not_picked":["Intimidate","Ghostly Armor"],"picked":"Rampage","floor":7},{"not_picked":["Carnage","Entrench"],"picked":"Twin Strike","floor":8},{"not_picked":["Armaments","Body Slam"],"picked":"Feed","floor":10},{"not_picked":["Anger","Sword Boomerang"],"picked":"Offering","floor":11},{"not_picked":["Feel No Pain","Clash"],"picked":"Havoc","floor":14},{"not_picked":["Berserk","Exhume"],"picked":"Double Tap","floor":16},{"not_picked":["Bloodletting","Heavy Blade"],"picked":"Shrug It Off","floor":18},{"not_picked":["Twin Strike","Shrug It Off"],"picked":"Sword Boomerang","floor":22},{"not_picked":["Carnage","Pommel Strike"],"picked":"Inflame","floor":30},{"not_picked":["Bludgeon","Demon Form"],"picked":"Berserk","floor":33},{"not_picked":["Perfected Strike","Sword Boomerang"],"picked":"Armaments","floor":35},{"not_picked":["Sever Soul","Flex"],"picked":"Headbutt","floor":40},{"not_picked":["Feel No Pain","Hemokinesis"],"picked":"Headbutt","floor":48}],"player_experience":123773,"potions_floor_usage":[8,11,14,22,22,33,40,50,50,50],"damage_taken":[{"damage":6,"enemies":"Cultist","floor":1,"turns":4},{"damage":2,"enemies":"2 Louse","floor":2,"turns":3},{"damage":3,"enemies":"Small Slimes","floor":3,"turns":3},{"damage":6,"enemies":"3 Louse","floor":4,"turns":4},{"damage":10,"enemies":"Looter","floor":5,"turns":3},{"damage":5,"enemies":"Large Slime","floor":7,"turns":6},{"damage":21,"enemies":"Gremlin Nob","floor":8,"turns":5},{"damage":9,"enemies":"The Mushroom Lair","floor":10,"turns":3},{"damage":26,"enemies":"Lagavulin","floor":11,"turns":5},{"damage":0,"enemies":"Exordium Wildlife","floor":14,"turns":2},{"damage":62,"enemies":"The Guardian","floor":16,"turns":10},{"damage":21,"enemies":"2 Thieves","floor":18,"turns":3},{"damage":9,"enemies":"Shell Parasite","floor":21,"turns":2},{"damage":7,"enemies":"Snake Plant","floor":22,"turns":3},{"damage":4,"enemies":"Centurion and Healer","floor":28,"turns":6},{"damage":16,"enemies":"Slavers","floor":30,"turns":4},{"damage":68,"enemies":"Automaton","floor":33,"turns":8},{"damage":42,"enemies":"3 Shapes","floor":35,"turns":5},{"damage":45,"enemies":"3 Darklings","floor":36,"turns":5},{"damage":5,"enemies":"Sphere and 2 Shapes","floor":38,"turns":4},{"damage":12,"enemies":"4 Shapes","floor":40,"turns":5},{"damage":14,"enemies":"Maw","floor":42,"turns":6},{"damage":25,"enemies":"Nemesis","floor":48,"turns":5},{"damage":106,"enemies":"Awakened One","floor":50,"turns":6}],"event_choices":[{"event_name":"Mushrooms","player_choice":"Fought Mushrooms","floor":10,"damage_taken":0},{"event_name":"Addict","player_choice":"Obtained Relic","floor":19,"damage_taken":0},{"event_name":"The Lab","player_choice":"Got Potions","floor":20,"damage_taken":0},{"event_name":"Forgotten Altar","player_choice":"Shed Blood","floor":27,"damage_taken":0},{"event_name":"Mysterious Sphere","player_choice":"Ignore","floor":39,"damage_taken":0},{"event_name":"Upgrade Shrine","player_choice":"Upgraded","floor":45,"damage_taken":0},{"event_name":"Tomb of Lord Red Mask","player_choice":"Paid","floor":47,"damage_taken":0}],"boss_relics":[{"not_picked":["Runic Cube","Lizard Tail"],"picked":"Runic Pyramid"},{"not_picked":["Eternal Feather","Snecko Eye"],"picked":"Black Blood"}],"potions_floor_spawned":[1,3,4,10,16,21,30,38,48],"seed_played":"-6363435899777666537","killed_by":"Awakened One","ascension_level":0,"is_trial":false}