{"gold_per_floor":[114,131,141,141,66,101,101,131,131,456,456,467,484,503,503,605,605,623,236,250,165,179,209,209,209,209,209,235,235,250,260,260,359,359,375,387,403,11,111,143,143,170,170,203,203,218,12,29,29,29],"floor_reached":51,"playtime":4290,"items_purged":["Strike_G","Strike_G","Strike_G+1"],"score":1193,"play_id":"c567609e-4ed0-44df-bff7-df1ee3e90cb8","local_time":"20190813223156","is_ascension_mode":true,"campfire_choices":[{"floor":7,"key":"REST"},{"data":"Footwork","floor":11,"key":"SMITH"},{"floor":15,"key":"REST"},{"floor":24,"key":"REST"},{"floor":29,"key":"REST"},{"floor":32,"key":"REST"},{"floor":41,"key":"REST"},{"floor":45,"key":"DIG"},{"floor":49,"key":"DIG"}],"neow_cost":"NONE","seed_source_timestamp":1167699001043672,"circlet_count":0,"master_deck":["AscendersBane","Strike_G+1","Defend_G+1","Defend_G+1","Defend_G+1","Defend_G+1","Defend_G+1","Survivor","Neutralize","Footwork+1","Deadly Poison","Poisoned Stab","Dagger Throw","Catalyst","Sucker Punch","Cloak And Dagger","Cloak And Dagger","Tools of the Trade","Bane+1","Footwork","Poisoned Stab","Backflip+1","Dodge and Roll","Escape Plan","After Image","Blur+1","Deflect","Deadly Poison+1","After Image","Bouncing Flask","Catalyst+1","Escape Plan","Distraction","Catalyst+1"],"relics":["Ring of the Snake","Pantograph","Pear","Old Coin","Fusion Hammer","Anchor","Snake Skull","Mummified Hand","Letter Opener","Orichalcum","Eternal Feather","Lantern","Dream Catcher","Shovel","Bottled Tornado","Tingsha","Strawberry","Kunai"],"potions_floor_usage":[13,13,22,30,31,33,36,40,50,50],"damage_taken":[{"damage":1,"enemies":"Small Slimes","floor":1,"turns":4},{"damage":3,"enemies":"Jaw Worm","floor":2,"turns":8},{"damage":0,"enemies":"2 Louse","floor":3,"turns":4},{"damage":22,"enemies":"3 Sentries","floor":6,"turns":17},{"damage":2,"enemies":"Lagavulin","floor":10,"turns":10},{"damage":1,"enemies":"2 Fungi Beasts","floor":12,"turns":3},{"damage":0,"enemies":"Large Slime","floor":13,"turns":5},{"damage":15,"enemies":"Exordium Thugs","floor":14,"turns":8},{"damage":5,"enemies":"The Guardian","floor":16,"turns":10},{"damage":7,"enemies":"Shell Parasite","floor":18,"turns":7},{"damage":1,"enemies":"3 Byrds","floor":20,"turns":6},{"damage":14,"enemies":"Snake Plant","floor":22,"turns":5},{"damage":24,"enemies":"Gremlin Leader","floor":23,"turns":6},{"damage":7,"enemies":"Colosseum Slavers","floor":27,"turns":5},{"damage":9,"enemies":"Slavers","floor":28,"turns":7},{"damage":10,"enemies":"3 Cultists","floor":30,"turns":6},{"damage":2,"enemies":"Cultist and Chosen","floor":31,"turns":6},{"damage":48,"enemies":"Collector","floor":33,"turns":10},{"damage":4,"enemies":"3 Shapes","floor":35,"turns":5},{"damage":27,"enemies":"3 Darklings","floor":36,"turns":8},{"damage":5,"enemies":"Transient","floor":37,"turns":5},{"damage":5,"enemies":"Reptomancer","floor":40,"turns":9},{"damage":2,"enemies":"Giant Head","floor":42,"turns":6},{"damage":7,"enemies":"Nemesis","floor":44,"turns":7},{"damage":7,"enemies":"Jaw Worm Horde","floor":46,"turns":4},{"damage":0,"enemies":"4 Shapes","floor":48,"turns":5},{"damage":10,"enemies":"Awakened One","floor":50,"turns":11}],"seed_played":"8471392930717369119","potions_obtained":[{"floor":1,"key":"AttackPotion"},{"floor":6,"key":"Explosive Potion"},{"floor":13,"key":"Block Potion"},{"floor":23,"key":"GamblersBrew"},{"floor":30,"key":"AttackPotion"},{"floor":31,"key":"Block Potion"},{"floor":35,"key":"Block Potion"},{"floor":37,"key":"AttackPotion"},{"floor":40,"key":"Weak Potion"},{"floor":44,"key":"GhostInAJar"},{"floor":46,"key":"Poison Potion"}],"is_trial":false,"path_per_floor":["M","M","M","?","$","E","R","?","T","E","R","M","M","M","R","B",null,"M","$","M","?","M","E","R","?","T","?","E","R","M","M","R","B",null,"M","M","M","$","?","E","R","E","T","E","R","M","$","M","R","B",null],"character_chosen":"THE_SILENT","items_purchased":["Footwork","Anchor","Poisoned Stab","After Image","Bouncing Flask","Lantern","Block Potion","Distraction"],"campfire_rested":6,"item_purchase_floors":[19,19,19,38,38,38,38,47],"current_hp_per_floor":[62,59,59,45,45,23,44,44,54,52,52,51,51,36,60,75,79,72,72,71,71,57,33,57,57,57,50,41,65,55,53,77,32,68,64,37,32,32,32,27,69,67,67,60,85,78,78,78,87,77],"gold":29,"neow_bonus":"REMOVE_CARD","is_prod":false,"is_daily":false,"chose_seed":false,"campfire_upgraded":1,"win_rate":0,"timestamp":1565760716,"path_taken":["M","M","M","?","$","E","R","?","T","E","R","?","M","M","R","BOSS","M","$","M","?","M","E","R","?","T","?","E","R","M","M","R","BOSS","M","M","M","$","?","E","R","E","T","E","R","M","$","M","R","BOSS"],"build_version":"2019-07-17","purchased_purges":3,"victory":true,"max_hp_per_floor":[70,70,70,70,70,70,70,70,80,80,80,80,80,80,80,80,80,80,80,80,80,80,80,80,80,80,80,80,80,80,80,80,80,80,80,80,80,80,80,80,80,80,80,80,87,87,87,87,87,87],"card_choices":[{"not_picked":["Cloak And Dagger","Blade Dance"],"picked":"Footwork","floor":1},{"not_picked":["Setup","Deflect"],"picked":"Deadly Poison","floor":2},{"not_picked":["Heel Hook","Escape Plan"],"picked":"Poisoned Stab","floor":3},{"not_picked":["Storm of Steel","Bane"],"picked":"Dagger Throw","floor":6},{"not_picked":["Flying Knee","Terror"],"picked":"Catalyst","floor":10},{"not_picked":["Reflex","Setup"],"picked":"Sucker Punch","floor":12},{"not_picked":["Expertise","Dagger Throw"],"picked":"Cloak And Dagger","floor":13},{"not_picked":["Blur","Slice"],"picked":"Cloak And Dagger","floor":14},{"not_picked":["Phantasmal Killer","Die Die Die"],"picked":"Tools of the Trade","floor":16},{"not_picked":["Accuracy","Blade Dance"],"picked":"Bane+1","floor":18},{"not_picked":["Poisoned Stab","Dodge and Roll"],"picked":"Backflip+1","floor":20},{"not_picked":["Poisoned Stab","Tactician"],"picked":"Dodge and Roll","floor":22},{"not_picked":["Cloak And Dagger","Tactician"],"picked":"Escape Plan","floor":23},{"not_picked":["Slice","Dodge and Roll","Grand Finale"],"picked":"SKIP","floor":28},{"not_picked":["Quick Slash+1","Blade Dance","Masterful Stab"],"picked":"SKIP","floor":30},{"not_picked":["Acrobatics","Infinite Blades","Flying Knee"],"picked":"SKIP","floor":31},{"not_picked":["Phantasmal Killer","Unload"],"picked":"After Image","floor":33},{"not_picked":["Riddle With Holes+1","Setup+1"],"picked":"Blur+1","floor":35},{"not_picked":["Quick Slash","Choke+1"],"picked":"Deflect","floor":36},{"not_picked":["Outmaneuver","Flying Knee+1"],"picked":"Deadly Poison+1","floor":37},{"not_picked":["Deadly Poison+1","Tactician+1"],"picked":"Catalyst+1","floor":40},{"not_picked":["Slice","Dagger Throw"],"picked":"Escape Plan","floor":41},{"not_picked":["Sucker Punch","Concentrate","Doppelganger"],"picked":"SKIP","floor":42},{"not_picked":["Quick Slash+1","Backstab+1","Terror"],"picked":"SKIP","floor":44},{"not_picked":["Skewer+1","Blade Dance","Underhanded Strike+1"],"picked":"SKIP","floor":46},{"not_picked":["Flying Knee+1","Prepared+1"],"picked":"Catalyst+1","floor":48}],"player_experience":713595,"relics_obtained":[{"floor":6,"key":"Pantograph"},{"floor":9,"key":"Pear"},{"floor":10,"key":"Old Coin"},{"floor":23,"key":"Mummified Hand"},{"floor":26,"key":"Letter Opener"},{"floor":28,"key":"Orichalcum"},{"floor":40,"key":"Dream Catcher"},{"floor":42,"key":"Shovel"},{"floor":43,"key":"Bottled Tornado"},{"floor":44,"key":"Tingsha"},{"floor":45,"key":"Strawberry"},{"floor":49,"key":"Kunai"}],"event_choices":[{"damage_healed":0,"gold_gain":0,"player_choice":"Entered Light","damage_taken":14,"max_hp_gain":0,"max_hp_loss":0,"event_name":"Shining Light","floor":4,"gold_loss":0,"cards_upgraded":["Defend_G","Defend_G"]},{"damage_healed":0,"gold_gain":30,"player_choice":"Searched \u00271\u0027 times","damage_taken":0,"max_hp_gain":0,"max_hp_loss":0,"event_name":"Dead Adventurer","floor":8,"gold_loss":0},{"damage_healed":0,"gold_gain":0,"player_choice":"Obtained Relic","damage_taken":0,"relics_obtained":["Snake Skull"],"max_hp_gain":0,"max_hp_loss":0,"event_name":"Addict","floor":21,"gold_loss":85},{"damage_healed":0,"gold_gain":0,"player_choice":"Simplicity","damage_taken":0,"max_hp_gain":0,"max_hp_loss":0,"event_name":"Back to Basics","floor":25,"gold_loss":0,"cards_upgraded":["Strike_G","Strike_G","Defend_G","Defend_G","Defend_G"]},{"damage_healed":0,"gold_gain":0,"player_choice":"Fight","damage_taken":0,"max_hp_gain":0,"max_hp_loss":0,"event_name":"Colosseum","floor":27,"gold_loss":0},{"damage_healed":0,"gold_gain":0,"player_choice":"Fled From Nobs","damage_taken":0,"max_hp_gain":0,"max_hp_loss":0,"event_name":"Colosseum","floor":27,"gold_loss":0},{"damage_healed":0,"gold_gain":100,"player_choice":"Pray","damage_taken":0,"max_hp_gain":0,"max_hp_loss":0,"event_name":"Golden Shrine","floor":39,"gold_loss":0}],"is_beta":false,"boss_relics":[{"not_picked":["Empty Cage","Orrery"],"picked":"Fusion Hammer"},{"not_picked":["Runic Dome","HoveringKite"],"picked":"Eternal Feather"}],"items_purged_floors":[5,19,47],"is_endless":false,"potions_floor_spawned":[1,6,13,23,27,30,31,35,37,40,44,46],"ascension_level":10}