{"gold_per_floor":[109,128,148,166,180,180,31,59,59,76,76,76,76,76,76,172,172,189,203,63,63,80,80,107,107,107,136,156,255,38,73,73,169,169,184,231,231,115,115,115,125,125,125,125,125,152,170,183,183,183],"floor_reached":51,"playtime":2245,"items_purged":[],"score":1194,"play_id":"2e7a6664-a3c9-421d-94c7-c3dd597aaf8a","local_time":"20181221171752","is_ascension_mode":true,"campfire_choices":[{"data":"Conserve Battery","floor":6,"key":"SMITH"},{"floor":13,"key":"REST"},{"data":"Melter","floor":15,"key":"SMITH"},{"data":"Tempest","floor":23,"key":"SMITH"},{"floor":25,"key":"REST"},{"floor":32,"key":"REST"},{"data":"Storm","floor":40,"key":"SMITH"},{"data":"Electrodynamics","floor":45,"key":"SMITH"},{"floor":49,"key":"REST"}],"neow_cost":"NONE","seed_source_timestamp":82686981675298,"circlet_count":0,"master_deck":["Strike_B","Strike_B","Strike_B","Defend_B","Defend_B","Defend_B","Defend_B","Zap","Dualcast","Melter+1","Conserve Battery+1","Sweeping Beam+1","Electrodynamics+1","Streamline","Meteor Strike","Tempest+1","Sunder","Creative AI","Thunder Strike","Undo","Machine Learning","Lockon+1","Reinforced Body","Storm+1","Force Field+1","Capacitor"],"relics":["Snecko Eye","Happy Flower","Symbiotic Virus","Cables","Philosopher\u0027s Stone","Orichalcum","Mummified Hand","Incense Burner","Question Card","Sozu","Calipers","Ornamental Fan","Pocketwatch"],"potions_floor_usage":[18,31],"damage_taken":[{"damage":1,"enemies":"Jaw Worm","floor":1,"turns":4},{"damage":0,"enemies":"Small Slimes","floor":2,"turns":2},{"damage":0,"enemies":"Cultist","floor":3,"turns":3},{"damage":6,"enemies":"Looter","floor":4,"turns":4},{"damage":2,"enemies":"Large Slime","floor":5,"turns":5},{"damage":20,"enemies":"3 Sentries","floor":8,"turns":10},{"damage":0,"enemies":"Exordium Thugs","floor":10,"turns":3},{"damage":0,"enemies":"Slime Boss","floor":16,"turns":4},{"damage":8,"enemies":"3 Byrds","floor":18,"turns":2},{"damage":0,"enemies":"Spheric Guardian","floor":19,"turns":2},{"damage":4,"enemies":"Cultist and Chosen","floor":22,"turns":4},{"damage":11,"enemies":"Gremlin Leader","floor":24,"turns":3},{"damage":18,"enemies":"Book of Stabbing","floor":27,"turns":3},{"damage":0,"enemies":"Sentry and Sphere","floor":28,"turns":2},{"damage":17,"enemies":"Slavers","floor":31,"turns":2},{"damage":0,"enemies":"Collector","floor":33,"turns":4},{"damage":16,"enemies":"Orb Walker","floor":35,"turns":3},{"damage":30,"enemies":"2 Orb Walkers","floor":36,"turns":3},{"damage":0,"enemies":"3 Shapes","floor":41,"turns":2},{"damage":0,"enemies":"Nemesis","floor":46,"turns":3},{"damage":7,"enemies":"Maw","floor":47,"turns":5},{"damage":14,"enemies":"Spire Growth","floor":48,"turns":4},{"damage":0,"enemies":"Time Eater","floor":50,"turns":7}],"seed_played":"-3853707027619738637","potions_obtained":[{"floor":5,"key":"Weak Potion"},{"floor":16,"key":"Ancient Potion"},{"floor":19,"key":"FearPotion"},{"floor":27,"key":"Regen Potion"},{"floor":31,"key":"SteroidPotion"}],"is_trial":false,"path_per_floor":["M","M","M","M","M","R","$","E","T","M","?","?","R","?","R","B",null,"M","M","$","?","M","R","E","R","T","E","M","?","$","E","R","B",null,"M","?","?","$","?","R","M","$","T","$","R","E","M","M","R","B",null],"character_chosen":"DEFECT","items_purchased":["Happy Flower","Meteor Strike","Thunder Strike","Undo","Reinforced Body","Storm"],"campfire_rested":4,"item_purchase_floors":[7,20,30,30,38,38],"current_hp_per_floor":[74,74,74,68,66,66,66,46,46,46,46,46,68,73,73,73,80,72,72,72,72,68,68,57,80,80,62,62,62,62,45,69,69,80,64,34,34,34,70,70,70,70,70,70,70,70,63,49,70,70],"gold":183,"neow_bonus":"BOSS_RELIC","is_prod":false,"is_daily":false,"chose_seed":false,"campfire_upgraded":5,"win_rate":0,"timestamp":1545441472,"path_taken":["M","M","M","M","M","R","$","E","T","M","?","?","R","?","R","BOSS","M","M","$","?","?","R","E","R","T","E","M","?","$","E","R","BOSS","M","?","?","$","?","R","M","$","T","?","R","E","M","M","R","BOSS"],"build_version":"2018-12-20","purchased_purges":0,"victory":true,"max_hp_per_floor":[75,75,75,75,75,75,75,75,75,75,75,75,75,80,80,80,80,80,80,80,80,80,80,80,80,80,80,80,80,80,80,80,80,80,80,80,80,80,70,70,70,70,70,70,70,70,70,70,70,70],"card_choices":[{"not_picked":["Beam Cell","Redo","Lockon"],"picked":"SKIP","floor":1},{"not_picked":["Turbo","Heatsinks","Go for the Eyes"],"picked":"SKIP","floor":2},{"not_picked":["Hologram","Steam Power","Beam Cell"],"picked":"SKIP","floor":3},{"not_picked":["Conserve Battery","Scrape"],"picked":"Melter","floor":4},{"not_picked":["Steam Power","Beam Cell"],"picked":"Conserve Battery","floor":5},{"not_picked":["Gash","Storm"],"picked":"Sweeping Beam","floor":8},{"not_picked":["Scrape","Machine Learning","Compile Driver"],"picked":"SKIP","floor":10},{"not_picked":["Core Surge","Machine Learning"],"picked":"Electrodynamics","floor":16},{"not_picked":["Hologram+1","Compile Driver+1","Beam Cell+1"],"picked":"SKIP","floor":18},{"not_picked":["Barrage","Beam Cell"],"picked":"Streamline","floor":19},{"not_picked":["Redo","Go for the Eyes"],"picked":"Tempest","floor":22},{"not_picked":["Beam Cell","Doom and Gloom"],"picked":"Sunder","floor":24},{"not_picked":["Rebound","Go for the Eyes"],"picked":"Creative AI","floor":27},{"not_picked":["Redo","Gash","Hologram"],"picked":"SKIP","floor":28},{"not_picked":["Leap+1","Scrape+1","Chill"],"picked":"SKIP","floor":31},{"not_picked":["Rainbow","Reboot","Core Surge"],"picked":"Machine Learning","floor":33},{"not_picked":["Redo","Streamline","Ball Lightning","Darkness+1"],"picked":"SKIP","floor":35},{"not_picked":["Rebound+1","Turbo","White Noise+1"],"picked":"Lockon+1","floor":36},{"not_picked":["Gash","Leap","Turbo+1"],"picked":"Force Field+1","floor":41},{"not_picked":["Rip and Tear+1","Streamline+1","Beam Cell+1","White Noise"],"picked":"SKIP","floor":46},{"not_picked":["Go for the Eyes+1","Hologram+1","Stack+1"],"picked":"Capacitor","floor":47},{"not_picked":["Chaos","Ball Lightning+1","Biased Cognition","Leap+1"],"picked":"SKIP","floor":48}],"player_experience":548740,"relics_obtained":[{"floor":8,"key":"Symbiotic Virus"},{"floor":9,"key":"Cables"},{"floor":24,"key":"Orichalcum"},{"floor":26,"key":"Mummified Hand"},{"floor":27,"key":"Incense Burner"},{"floor":31,"key":"Question Card"},{"floor":36,"key":"Calipers"},{"floor":43,"key":"Ornamental Fan"},{"floor":46,"key":"Pocketwatch"}],"event_choices":[{"damage_healed":0,"gold_gain":0,"player_choice":"Ignored","damage_taken":0,"max_hp_gain":0,"max_hp_loss":0,"event_name":"Shining Light","floor":11,"gold_loss":0},{"damage_healed":0,"gold_gain":0,"player_choice":"Grow","damage_taken":0,"max_hp_gain":0,"max_hp_loss":0,"event_name":"Living Wall","floor":12,"gold_loss":0,"cards_upgraded":["Sweeping Beam"]},{"damage_healed":0,"gold_gain":0,"player_choice":"Donut","damage_taken":0,"max_hp_gain":5,"max_hp_loss":0,"event_name":"Big Fish","floor":14,"gold_loss":0},{"cards_removed":["Strike_B"],"damage_healed":0,"gold_gain":0,"player_choice":"Purged","damage_taken":0,"max_hp_gain":0,"max_hp_loss":0,"event_name":"Purifier","floor":21,"gold_loss":0},{"damage_healed":0,"gold_gain":99,"player_choice":"Stole From Cult","damage_taken":0,"max_hp_gain":0,"max_hp_loss":0,"event_name":"Nest","floor":29,"gold_loss":0},{"damage_healed":0,"gold_gain":0,"player_choice":"Fight","damage_taken":0,"max_hp_gain":0,"max_hp_loss":0,"event_name":"Mysterious Sphere","floor":36,"gold_loss":0},{"damage_healed":0,"gold_gain":0,"player_choice":"Ignored","damage_taken":0,"max_hp_gain":0,"max_hp_loss":0,"event_name":"Tomb of Lord Red Mask","floor":37,"gold_loss":0},{"damage_healed":70,"gold_gain":0,"player_choice":"Heal","damage_taken":0,"max_hp_gain":0,"max_hp_loss":10,"event_name":"The Moai Head","floor":39,"gold_loss":0}],"is_beta":false,"boss_relics":[{"not_picked":["Busted Crown","Tiny House"],"picked":"Philosopher\u0027s Stone"},{"not_picked":["Calling Bell","Runic Pyramid"],"picked":"Sozu"}],"items_purged_floors":[],"is_endless":false,"potions_floor_spawned":[5,16,19,27,31,41,47,48],"ascension_level":3}