{"gold_per_floor":[119,137,137,147,147,180,180,195,495,495,514,514,528,18,18,115,165,178,196,214,227,227],"floor_reached":22,"playtime":1357,"items_purged":[],"score":190,"play_id":"0c246936-5570-4d4f-b9a8-bde183bfa80b","local_time":"20191011090611","is_ascension_mode":false,"campfire_choices":[{"data":"Infernal Blade","floor":7,"key":"SMITH"},{"floor":10,"key":"REST"},{"data":"Inflame","floor":12,"key":"SMITH"},{"data":"Bandage Up","floor":15,"key":"SMITH"}],"neow_cost":"NONE","seed_source_timestamp":261372076478100,"circlet_count":0,"master_deck":["Strike_R","Strike_R","Strike_R","Strike_R+1","Strike_R","Defend_R","Defend_R","Defend_R","Defend_R","Bash","Infernal Blade+1","Inflame+1","Rampage","Sword Boomerang","Thunderclap","True Grit","Bloodletting","Bandage Up+1","Rupture+1","Berserk+1","Anger","Shrug It Off+1","Barricade+1","Entrench+1","Armaments"],"relics":["Burning Blood","NeowsBlessing","Frozen Egg 2","Old Coin","Strawberry","HandDrill","Tiny House"],"potions_floor_usage":[16,16,16,20,20,22,22],"damage_taken":[{"damage":0,"enemies":"Jaw Worm","floor":1,"turns":1},{"damage":0,"enemies":"Cultist","floor":2,"turns":1},{"damage":0,"enemies":"2 Louse","floor":4,"turns":1},{"damage":35,"enemies":"3 Sentries","floor":6,"turns":8},{"damage":5,"enemies":"Looter","floor":8,"turns":3},{"damage":0,"enemies":"3 Louse","floor":11,"turns":3},{"damage":12,"enemies":"Blue Slaver","floor":13,"turns":3},{"damage":62,"enemies":"The Guardian","floor":16,"turns":12},{"damage":16,"enemies":"Chosen","floor":18,"turns":5},{"damage":19,"enemies":"3 Byrds","floor":19,"turns":6},{"damage":48,"enemies":"Sentry and Sphere","floor":20,"turns":6},{"damage":38,"enemies":"Shelled Parasite and Fungi","floor":21,"turns":7},{"damage":25,"enemies":"Snecko","floor":22,"turns":3}],"seed_played":"-4217095685104445955","potions_obtained":[{"floor":1,"key":"EssenceOfSteel"},{"floor":4,"key":"SpeedPotion"},{"floor":6,"key":"SpeedPotion"},{"floor":11,"key":"LiquidBronze"},{"floor":16,"key":"Explosive Potion"},{"floor":17,"key":"Strength Potion"},{"floor":18,"key":"Fire Potion"},{"floor":21,"key":"SteroidPotion"}],"is_trial":false,"path_per_floor":["M","M","?","M","$","E","R","M","T","R","M","R","M","$","R","B",null,"M","M","M","M","M"],"character_chosen":"IRONCLAD","items_purchased":["Bandage Up","Rupture+1","Strawberry","HandDrill"],"campfire_rested":1,"item_purchase_floors":[14,14,14,14],"current_hp_per_floor":[80,80,80,80,80,51,51,52,52,76,80,80,74,81,81,31,92,82,75,39,13,0],"gold":227,"neow_bonus":"THREE_ENEMY_KILL","is_prod":false,"is_daily":false,"chose_seed":false,"campfire_upgraded":3,"win_rate":0,"timestamp":1570802771,"path_taken":["M","M","?","?","$","E","R","M","T","R","M","R","M","$","R","BOSS","M","M","M","M","?"],"build_version":"2019-07-17","purchased_purges":0,"victory":false,"max_hp_per_floor":[80,80,80,80,80,80,80,80,80,80,80,80,80,87,87,87,92,92,92,92,92,92],"card_choices":[{"not_picked":["Shockwave","Headbutt"],"picked":"Infernal Blade","floor":1},{"not_picked":["Clash","Searing Blow"],"picked":"Inflame","floor":2},{"not_picked":["Sword Boomerang","Power Through"],"picked":"Rampage","floor":4},{"not_picked":["Headbutt","Twin Strike"],"picked":"Sword Boomerang","floor":6},{"not_picked":["Searing Blow","Wild Strike"],"picked":"Thunderclap","floor":8},{"not_picked":["Ghostly Armor","Rampage"],"picked":"True Grit","floor":11},{"not_picked":["Flex","Havoc"],"picked":"Bloodletting","floor":13},{"not_picked":["Bludgeon","Immolate"],"picked":"Berserk+1","floor":16},{"not_picked":["Perfected Strike","Thunderclap"],"picked":"Anger","floor":17},{"not_picked":["Clothesline","Havoc+1"],"picked":"Shrug It Off+1","floor":18},{"not_picked":["Pummel","Iron Wave"],"picked":"Barricade+1","floor":19},{"not_picked":["True Grit","Infernal Blade"],"picked":"Entrench+1","floor":20},{"not_picked":["Perfected Strike+1","Shockwave"],"picked":"Armaments","floor":21}],"player_experience":107126,"relics_obtained":[{"floor":6,"key":"Frozen Egg 2"},{"floor":9,"key":"Old Coin"}],"event_choices":[{"damage_healed":0,"gold_gain":0,"player_choice":"Ignored","damage_taken":0,"max_hp_gain":0,"max_hp_loss":0,"event_name":"NoteForYourself","floor":3,"gold_loss":0}],"is_beta":false,"boss_relics":[{"not_picked":["Cursed Key","Snecko Eye"],"picked":"Tiny House"}],"items_purged_floors":[],"is_endless":false,"potions_floor_spawned":[1,4,6,11,16,18,21],"killed_by":"Snecko","ascension_level":0}