{"gold_per_floor":[117,130,130,150,60,60,86,102,102,102,125,157,157,177,177,251,251,264,65,77,77,97,97,122,122,147,157,170,184,184,214,214,285,285,296,310,310,329,344,369,9,9,81,101,101,118,118,134,134,134],"floor_reached":51,"playtime":2816,"items_purged":[],"score":1240,"play_id":"b3d7b46e-5b44-47c1-ad54-24b80f3b244a","local_time":"20190724010656","is_ascension_mode":true,"campfire_choices":[{"data":"Berserk","floor":6.0,"key":"SMITH"},{"floor":10.0,"key":"REST"},{"data":"True Grit","floor":13.0,"key":"SMITH"},{"floor":15.0,"key":"REST"},{"data":"Armaments","floor":23.0,"key":"SMITH"},{"data":"Corruption","floor":25.0,"key":"SMITH"},{"floor":32.0,"key":"REST"},{"data":"Heavy Blade","floor":42,"key":"SMITH"},{"data":"Pummel","floor":45,"key":"SMITH"},{"data":"Shockwave","floor":49,"key":"SMITH"}],"neow_cost":"NONE","seed_source_timestamp":0,"circlet_count":0,"master_deck":["AscendersBane","Strike_R","Strike_R","Defend_R","Defend_R","Defend_R+1","Bash","Berserk+1","Heavy Blade+1","Battle Trance","Twin Strike","Swift Strike","Armaments+1","True Grit+1","Rampage","Shockwave+1","Clothesline","Whirlwind+1","Iron Wave+1","Limit Break+1","True Grit","Corruption+1","Ghostly","Ghostly","Ghostly","Ghostly","Ghostly","Pummel+1","Reaper","Power Through","Sentinel","Reaper","Shrug It Off+1","Battle Trance","Heavy Blade+1","Dropkick+1","Flash of Steel+1","Pommel Strike+1","Shrug It Off+1"],"special_seed":0,"relics":["Burning Blood","Pear","Mercury Hourglass","Odd Mushroom","Paper Frog","Astrolabe","Brimstone","Bag of Marbles","Vajra","Mummified Hand","Question Card","Runic Dome","Molten Egg 2","Strawberry","Meat on the Bone"],"potions_floor_usage":[50,50],"damage_taken":[{"damage":4.0,"enemies":"Small Slimes","floor":1.0,"turns":4.0},{"damage":6.0,"enemies":"Cultist","floor":2.0,"turns":4.0},{"damage":1.0,"enemies":"2 Louse","floor":4.0,"turns":2.0},{"damage":32.0,"enemies":"3 Sentries","floor":7.0,"turns":9.0},{"damage":17.0,"enemies":"Gremlin Gang","floor":8.0,"turns":6.0},{"damage":7.0,"enemies":"The Mushroom Lair","floor":11.0,"turns":3.0},{"damage":34.0,"enemies":"Lagavulin","floor":12.0,"turns":8.0},{"damage":0.0,"enemies":"Blue Slaver","floor":14.0,"turns":4.0},{"damage":65.0,"enemies":"Hexaghost","floor":16.0,"turns":11.0},{"damage":1.0,"enemies":"Chosen","floor":18.0,"turns":4.0},{"damage":0.0,"enemies":"Spheric Guardian","floor":20.0,"turns":2.0},{"damage":1.0,"enemies":"Centurion and Healer","floor":22.0,"turns":3.0},{"damage":8.0,"enemies":"Book of Stabbing","floor":24.0,"turns":3.0},{"damage":2.0,"enemies":"Chosen and Byrds","floor":27.0,"turns":3.0},{"damage":3.0,"enemies":"Snake Plant","floor":28.0,"turns":2.0},{"damage":4.0,"enemies":"Centurion and Healer","floor":29.0,"turns":4.0},{"damage":22.0,"enemies":"Gremlin Leader","floor":31.0,"turns":4.0},{"damage":42.0,"enemies":"Collector","floor":33.0,"turns":7.0},{"damage":3,"enemies":"3 Darklings","floor":35,"turns":3},{"damage":0,"enemies":"3 Shapes","floor":36,"turns":3},{"damage":21,"enemies":"Jaw Worm Horde","floor":38,"turns":4},{"damage":0,"enemies":"3 Darklings","floor":39,"turns":1},{"damage":3,"enemies":"Reptomancer","floor":40,"turns":4},{"damage":0,"enemies":"Maw","floor":44,"turns":3},{"damage":0,"enemies":"Jaw Worm Horde","floor":46,"turns":2},{"damage":0,"enemies":"Spire Growth","floor":48,"turns":3},{"damage":8,"enemies":"Awakened One","floor":50,"turns":7}],"seed_played":"4302655241285227349","potions_obtained":[{"floor":2.0,"key":"BloodPotion"},{"floor":7.0,"key":"EntropicBrew"},{"floor":14.0,"key":"Explosive Potion"},{"floor":16.0,"key":"SneckoOil"},{"floor":22.0,"key":"AttackPotion"},{"floor":28.0,"key":"Block Potion"},{"floor":29.0,"key":"Weak Potion"},{"floor":36,"key":"Dexterity Potion"},{"floor":48,"key":"PowerPotion"}],"is_trial":false,"path_per_floor":["M","M","?","M","$","R","E","M","T","R","?","E","R","M","R","B",null,"M","$","M","?","M","R","E","R","T","M","M","M","?","E","R","B",null,"M","M","?","M","M","E","$","R","T","M","R","M","?","M","R","B",null],"character_chosen":"IRONCLAD","items_purchased":["Swift Strike","Brimstone","Strawberry","Dropkick+1","Flash of Steel+1","AttackPotion"],"campfire_rested":3,"item_purchase_floors":[5,19,41,41,41,41],"current_hp_per_floor":[74,74,58,63,63,63,67,56,56,83,82,54,54,60,87,28,75,80,80,86,45,45,45,43,43,43,45,45,45,45,34,45,9,36,39,45,55,54,55,55,62,62,62,62,62,62,62,62,62,62],"gold":134,"neow_bonus":"ONE_RANDOM_RARE_CARD","is_prod":false,"is_daily":false,"chose_seed":false,"campfire_upgraded":7,"win_rate":0,"timestamp":1563955616,"path_taken":["M","M","?","M","$","R","E","M","T","R","?","E","R","M","R","BOSS","M","$","M","?","M","R","E","R","T","M","M","M","?","E","R","BOSS","M","?","?","M","?","E","$","R","T","M","R","M","?","M","R","BOSS"],"build_version":"2019-07-17","purchased_purges":0,"victory":true,"max_hp_per_floor":[80,80,80,80,80,80,90,90,90,90,90,90,90,90,90,90,90,90,90,90,45,45,45,45,45,45,45,45,45,45,45,45,45,45,45,45,55,55,55,55,62,62,62,62,62,62,62,62,62,62],"card_choices":[{"not_picked":["Clash","Evolve"],"picked":"Heavy Blade","floor":1.0},{"not_picked":["Sword Boomerang","Wild Strike"],"picked":"Battle Trance","floor":2.0},{"not_picked":["Heavy Blade","Headbutt"],"picked":"Twin Strike","floor":4.0},{"not_picked":["Dual Wield","Heavy Blade"],"picked":"Armaments","floor":7.0},{"not_picked":["Evolve","Blood for Blood"],"picked":"True Grit","floor":8.0},{"not_picked":["Heavy Blade","Perfected Strike"],"picked":"Rampage","floor":11.0},{"not_picked":["Wild Strike","Flame Barrier"],"picked":"Shockwave","floor":12.0},{"not_picked":["Carnage","Blood for Blood"],"picked":"Clothesline","floor":14.0},{"not_picked":["Exhume","Berserk"],"picked":"Bludgeon","floor":16.0},{"not_picked":["Warcry","Entrench"],"picked":"True Grit","floor":18.0},{"not_picked":["Iron Wave+1","Sever Soul"],"picked":"Corruption","floor":20.0},{"not_picked":["Rupture+1","Headbutt"],"picked":"Iron Wave","floor":22.0},{"not_picked":["True Grit","Twin Strike"],"picked":"Pummel","floor":24.0},{"not_picked":["Havoc","Anger","Rage"],"picked":"SKIP","floor":27.0},{"not_picked":["Carnage+1","Blood for Blood"],"picked":"Reaper","floor":28.0},{"not_picked":["Anger","Inflame"],"picked":"Power Through","floor":29.0},{"not_picked":["Perfected Strike","Iron Wave"],"picked":"Sentinel","floor":31.0},{"not_picked":["Demon Form","Juggernaut","Immolate"],"picked":"Reaper","floor":33.0},{"not_picked":["Wild Strike+1","Fire Breathing","Armaments"],"picked":"Shrug It Off+1","floor":35},{"not_picked":["Reckless Charge","Ghostly Armor+1","Wild Strike+1","Disarm+1"],"picked":"SKIP","floor":36},{"not_picked":["Carnage+1","Thunderclap","Body Slam"],"picked":"Battle Trance","floor":38},{"not_picked":["Armaments","True Grit+1","Shrug It Off+1"],"picked":"Heavy Blade","floor":39},{"not_picked":["Pommel Strike","Armaments+1","Flame Barrier","Flex"],"picked":"SKIP","floor":40},{"not_picked":["Iron Wave+1","Demon Form","Perfected Strike+1"],"picked":"Pommel Strike+1","floor":44},{"not_picked":["Intimidate","Clash+1","Body Slam+1","Anger+1"],"picked":"SKIP","floor":46},{"not_picked":["Thunderclap+1","Metallicize","Flex"],"picked":"Shrug It Off+1","floor":48}],"player_experience":671801,"relics_obtained":[{"floor":7.0,"key":"Pear"},{"floor":9.0,"key":"Mercury Hourglass"},{"floor":11.0,"key":"Odd Mushroom"},{"floor":12.0,"key":"Paper Frog"},{"floor":24.0,"key":"Bag of Marbles"},{"floor":26.0,"key":"Vajra"},{"floor":31.0,"key":"Question Card"},{"floor":40,"key":"Molten Egg 2"},{"floor":43,"key":"Meat on the Bone"}],"event_choices":[{"damage_healed":0.0,"max_hp_gain":0.0,"max_hp_loss":0.0,"gold_gain":0.0,"event_name":"Shining Light","player_choice":"Entered Light","floor":3.0,"gold_loss":0.0,"damage_taken":16.0,"cards_upgraded":["Heavy Blade","Defend_R"]},{"damage_healed":0.0,"max_hp_gain":0.0,"max_hp_loss":0.0,"gold_gain":0.0,"event_name":"Mushrooms","player_choice":"Fought Mushrooms","floor":11.0,"gold_loss":0.0,"damage_taken":0.0},{"damage_healed":0.0,"max_hp_gain":0.0,"max_hp_loss":45.0,"gold_gain":0.0,"event_name":"Ghosts","player_choice":"Became a Ghost","floor":21.0,"gold_loss":0.0,"damage_taken":0.0,"cards_obtained":["Ghostly","Ghostly","Ghostly","Ghostly","Ghostly"]},{"cards_removed":["Iron Wave"],"damage_healed":0.0,"max_hp_gain":0.0,"max_hp_loss":0.0,"gold_gain":0.0,"event_name":"WeMeetAgain","player_choice":"Gave Card","floor":30.0,"gold_loss":0.0,"damage_taken":0.0,"relics_obtained":["Mummified Hand"]},{"cards_removed":["Bludgeon"],"damage_healed":0,"gold_gain":0,"player_choice":"Offered Rare","damage_taken":0,"max_hp_gain":10,"max_hp_loss":0,"event_name":"Bonfire Elementals","floor":37,"gold_loss":0},{"cards_removed":["Defend_R"],"damage_healed":0,"gold_gain":0,"player_choice":"Removed Skill","damage_taken":0,"max_hp_gain":0,"max_hp_loss":0,"event_name":"Falling","floor":47,"gold_loss":0}],"is_beta":false,"boss_relics":[{"not_picked":["Pandora\u0027s Box","Runic Pyramid"],"picked":"Astrolabe"},{"not_picked":["Eternal Feather","White Beast Statue"],"picked":"Runic Dome"}],"items_purged_floors":[],"is_endless":false,"potions_floor_spawned":[2,7,14,16,22,28,29,36,46,48],"ascension_level":13}