{"gold_per_floor":[112,112,132,207,222,255,255,282,282,282,293,311,187,200,200,295,295,312,312,331,366,12,12,27,44,44,71,71,71,86,99,99,99],"floor_reached":33,"playtime":4058,"items_purged":[],"score":304,"play_id":"f2c9b644-175c-4315-b43f-7f6eb45b159f","local_time":"20191006032610","is_ascension_mode":false,"campfire_choices":[{"floor":7,"key":"REST"},{"floor":10,"key":"REST"},{"floor":15,"key":"REST"},{"data":"Dualcast","floor":23,"key":"SMITH"},{"data":"Biased Cognition","floor":29,"key":"SMITH"},{"data":"Conserve Battery","floor":32,"key":"SMITH"}],"neow_cost":"NONE","seed_source_timestamp":176696389969200,"circlet_count":0,"master_deck":["Strike_B+1","Strike_B+1","Strike_B+1","Strike_B+1","Defend_B+1","Defend_B+1","Defend_B+1","Defend_B+1","Zap+1","Dualcast+1","Skim","Cold Snap","Coolheaded","Barrage","Barrage","Hologram","Go for the Eyes","Coolheaded","Blizzard","Electrodynamics","Biased Cognition+1","Skim+1","Go for the Eyes","Coolheaded","Heatsinks","Hologram","Barrage","Storm","Conserve Battery+1","FTL","Storm"],"relics":["Cracked Core","Sundial","Question Card","Matryoshka","Nuclear Battery","Red Mask","Mummified Hand","Bottled Tornado","The Courier","Smiling Mask"],"potions_floor_usage":[8,16,16,16,21,27,27],"damage_taken":[{"damage":0,"enemies":"2 Louse","floor":1,"turns":2},{"damage":3,"enemies":"Jaw Worm","floor":3,"turns":3},{"damage":1,"enemies":"Small Slimes","floor":5,"turns":3},{"damage":34,"enemies":"Lagavulin","floor":6,"turns":8},{"damage":48,"enemies":"Gremlin Nob","floor":8,"turns":5},{"damage":9,"enemies":"Exordium Thugs","floor":11,"turns":4},{"damage":2,"enemies":"Blue Slaver","floor":12,"turns":3},{"damage":21,"enemies":"Lots of Slimes","floor":14,"turns":5},{"damage":1,"enemies":"Slime Boss","floor":16,"turns":6},{"damage":0,"enemies":"Chosen","floor":18,"turns":4},{"damage":0,"enemies":"3 Byrds","floor":20,"turns":5},{"damage":10,"enemies":"Masked Bandits","floor":21,"turns":4},{"damage":16,"enemies":"Cultist and Chosen","floor":24,"turns":6},{"damage":9,"enemies":"Shelled Parasite and Fungi","floor":25,"turns":5},{"damage":0,"enemies":"Gremlin Leader","floor":27,"turns":5},{"damage":0,"enemies":"Centurion and Healer","floor":30,"turns":4},{"damage":2,"enemies":"3 Cultists","floor":31,"turns":3},{"damage":73,"enemies":"Collector","floor":33,"turns":7}],"seed_played":"-6448748326957573440","potions_obtained":[{"floor":1,"key":"SkillPotion"},{"floor":5,"key":"SteroidPotion"},{"floor":6,"key":"Poison Potion"},{"floor":11,"key":"Ancient Potion"},{"floor":20,"key":"Strength Potion"},{"floor":25,"key":"Regen Potion"},{"floor":27,"key":"Fruit Juice"}],"is_trial":false,"path_per_floor":["M","?","M","?","M","E","R","E","T","R","M","M","$","M","R","B",null,"M","?","M","?","$","R","M","M","T","E","?","R","M","M","R","B"],"character_chosen":"DEFECT","items_purchased":["Coolheaded","Blizzard","Heatsinks","Hologram","Mummified Hand"],"campfire_rested":3,"item_purchase_floors":[13,13,22,22,22],"current_hp_per_floor":[82,82,79,68,67,33,57,9,9,33,24,22,22,1,25,24,82,82,82,82,72,72,72,56,47,47,64,64,64,64,62,62,0],"gold":99,"neow_bonus":"TEN_PERCENT_HP_BONUS","is_prod":false,"is_daily":false,"chose_seed":false,"campfire_upgraded":3,"win_rate":0.0,"timestamp":1570350370,"path_taken":["M","?","M","?","M","E","R","E","T","R","M","M","$","M","R","BOSS","M","?","M","?","?","R","M","M","T","E","?","R","M","?","R","BOSS"],"build_version":"2019-07-17","purchased_purges":0,"victory":false,"max_hp_per_floor":[82,82,82,82,82,82,82,82,82,82,82,82,82,82,82,82,82,82,82,82,82,82,82,82,82,82,87,87,87,87,87,87,87],"card_choices":[{"not_picked":["Melter","Beam Cell"],"picked":"Skim","floor":1},{"not_picked":["Scrape","Streamline"],"picked":"Cold Snap","floor":3},{"not_picked":["Steam","Redo"],"picked":"Coolheaded","floor":5},{"not_picked":["Compile Driver","BootSequence"],"picked":"Barrage","floor":6},{"not_picked":["Darkness","Fusion"],"picked":"Barrage","floor":8},{"not_picked":["Lockon","Tempest","Conserve Battery"],"picked":"Hologram","floor":11},{"not_picked":["Beam Cell","Gash","Doom and Gloom"],"picked":"Go for the Eyes","floor":12},{"not_picked":["Gash","Static Discharge","Self Repair"],"picked":"Electrodynamics","floor":14},{"not_picked":["Thunder Strike","Fission","Amplify"],"picked":"Biased Cognition","floor":16},{"not_picked":["Steam Power","Conserve Battery","Redo"],"picked":"Skim+1","floor":18},{"not_picked":["Reprogram","Double Energy","Streamline+1"],"picked":"Go for the Eyes","floor":20},{"not_picked":["Ball Lightning","Melter","Beam Cell+1"],"picked":"Coolheaded","floor":21},{"not_picked":["Beam Cell","Steam Power+1","Compile Driver"],"picked":"Barrage","floor":24},{"not_picked":["Static Discharge","Fusion","Steam"],"picked":"Storm","floor":25},{"not_picked":["Reboot","Sweeping Beam","Streamline"],"picked":"Conserve Battery","floor":27},{"not_picked":["Leap","Redo+1","Sweeping Beam"],"picked":"FTL","floor":30},{"not_picked":["Fusion","Steam","Rip and Tear"],"picked":"Storm","floor":31}],"player_experience":80003,"relics_obtained":[{"floor":6,"key":"Sundial"},{"floor":8,"key":"Question Card"},{"floor":9,"key":"Matryoshka"},{"floor":21,"key":"Red Mask"},{"floor":26,"key":"Bottled Tornado"},{"floor":26,"key":"The Courier"},{"floor":27,"key":"Smiling Mask"}],"event_choices":[{"damage_healed":0,"gold_gain":0,"player_choice":"Grow","damage_taken":0,"max_hp_gain":0,"max_hp_loss":0,"event_name":"Living Wall","floor":2,"gold_loss":0,"cards_upgraded":["Zap"]},{"damage_healed":0,"gold_gain":75,"player_choice":"Gather Gold","damage_taken":11,"max_hp_gain":0,"max_hp_loss":0,"event_name":"World of Goop","floor":4,"gold_loss":0},{"damage_healed":0,"gold_gain":0,"player_choice":"Ignored","damage_taken":0,"max_hp_gain":0,"max_hp_loss":0,"event_name":"Beggar","floor":19,"gold_loss":0},{"damage_healed":0,"gold_gain":0,"player_choice":"Fought Bandits","damage_taken":0,"max_hp_gain":0,"max_hp_loss":0,"event_name":"Masked Bandits","floor":21,"gold_loss":0},{"damage_healed":0,"gold_gain":0,"player_choice":"Simplicity","damage_taken":0,"max_hp_gain":0,"max_hp_loss":0,"event_name":"Back to Basics","floor":28,"gold_loss":0,"cards_upgraded":["Strike_B","Strike_B","Strike_B","Strike_B","Defend_B","Defend_B","Defend_B","Defend_B"]}],"is_beta":false,"boss_relics":[{"not_picked":["Black Star","Coffee Dripper"],"picked":"Nuclear Battery"}],"items_purged_floors":[],"is_endless":false,"potions_floor_spawned":[1,5,6,11,20,25,27],"killed_by":"Collector","ascension_level":0}