{"gold_per_floor":[99,99,119,136,136,171,171,184,184,184,201,216,235,248,248,346,346,360,360,380,12,12,12,12,12,35,55,83,107,132,149,149,149],"floor_reached":33,"playtime":1641,"items_purged":[],"score":316,"play_id":"cf594b96-784f-46b6-89ab-e48f19999d4e","local_time":"20191007225820","is_ascension_mode":false,"campfire_choices":[{"floor":7.0,"key":"REST"},{"data":"Spot Weakness","floor":15.0,"key":"SMITH"},{"data":"Double Tap","floor":23.0,"key":"SMITH"},{"floor":32.0,"key":"REST"}],"neow_cost":"NONE","seed_source_timestamp":207306109674400,"circlet_count":0,"master_deck":["Strike_R","Strike_R","Strike_R","Strike_R","Strike_R","Defend_R","Defend_R","Defend_R","Defend_R","Bash","Blind","Armaments+1","Perfected Strike","Dropkick","Spot Weakness+1","Ghostly Armor","Carnage+1","Seeing Red","Anger+1","Body Slam+1","Reaper+1","Blood for Blood+1","Flex","Double Tap+1","Finesse","Flex","Flame Barrier","Wild Strike+1","Reckless Charge+1","Rage","Corruption"],"special_seed":0,"relics":["Burning Blood","Molten Egg 2","Paper Frog","Runic Cube","Lantern","Nilry\u0027s Codex","PreservedInsect","Darkstone Periapt","Orichalcum","Vajra"],"potions_floor_usage":[33],"damage_taken":[{"damage":2.0,"enemies":"Small Slimes","floor":1.0,"turns":5.0},{"damage":4.0,"enemies":"Cultist","floor":3.0,"turns":4.0},{"damage":1.0,"enemies":"Jaw Worm","floor":4.0,"turns":4.0},{"damage":54.0,"enemies":"3 Sentries","floor":6.0,"turns":10.0},{"damage":8.0,"enemies":"2 Fungi Beasts","floor":8.0,"turns":4.0},{"damage":4.0,"enemies":"Looter","floor":11.0,"turns":3.0},{"damage":11.0,"enemies":"Exordium Thugs","floor":12.0,"turns":6.0},{"damage":5.0,"enemies":"Large Slime","floor":13.0,"turns":6.0},{"damage":6.0,"enemies":"3 Louse","floor":14.0,"turns":4.0},{"damage":43.0,"enemies":"Slime Boss","floor":16.0,"turns":12.0},{"damage":12.0,"enemies":"Shell Parasite","floor":18.0,"turns":7.0},{"damage":0.0,"enemies":"Spheric Guardian","floor":20.0,"turns":3.0},{"damage":23.0,"enemies":"3 Cultists","floor":25.0,"turns":6.0},{"damage":32.0,"enemies":"Snake Plant","floor":27.0,"turns":4.0},{"damage":27.0,"enemies":"Gremlin Leader","floor":28.0,"turns":3.0},{"damage":21.0,"enemies":"Slavers","floor":30.0,"turns":3.0},{"damage":18.0,"enemies":"Sentry and Sphere","floor":31.0,"turns":5.0},{"damage":40,"enemies":"Collector","floor":33,"turns":5}],"seed_played":"-5131640079754799659","potions_obtained":[{"floor":3.0,"key":"Regen Potion"},{"floor":4.0,"key":"BloodPotion"},{"floor":11.0,"key":"Fruit Juice"},{"floor":12.0,"key":"SteroidPotion"},{"floor":13.0,"key":"Explosive Potion"},{"floor":27.0,"key":"Strength Potion"},{"floor":30.0,"key":"LiquidBronze"}],"is_trial":false,"path_per_floor":["M","?","M","M","?","E","R","M","T","?","M","M","M","M","R","B",null,"M","?","M","$","?","R","?","M","T","M","E","T","E","M","R","B"],"character_chosen":"IRONCLAD","items_purchased":["Double Tap","Lantern","Finesse","Flex"],"campfire_rested":2,"item_purchase_floors":[21,21,21,21],"current_hp_per_floor":[80,85,85,85,85,37,62,60,60,60,62,62,63,63,63,26,90,84,66,72,72,56,56,56,39,39,43,37,37,22,10,38,0],"gold":149,"neow_bonus":"RANDOM_COLORLESS","is_prod":false,"is_daily":false,"chose_seed":false,"campfire_upgraded":2,"win_rate":0.0,"timestamp":1570514300,"path_taken":["M","?","M","M","?","E","R","M","T","?","M","M","?","M","R","BOSS","M","?","M","$","?","R","?","M","T","M","E","?","E","M","R","BOSS"],"build_version":"2019-07-17","purchased_purges":0,"victory":false,"max_hp_per_floor":[80,85,85,85,85,85,85,85,85,85,85,90,90,90,90,90,90,90,95,95,95,95,95,95,95,95,95,95,95,95,95,95,95],"card_choices":[{"not_picked":["Second Wind","Thunderclap"],"picked":"Armaments","floor":1.0},{"not_picked":["Evolve","Anger"],"picked":"Perfected Strike","floor":3.0},{"not_picked":["Twin Strike","Heavy Blade"],"picked":"Dropkick","floor":4.0},{"not_picked":["Wild Strike","Infernal Blade"],"picked":"Spot Weakness","floor":6.0},{"not_picked":["Pommel Strike+1","Rampage+1"],"picked":"Ghostly Armor","floor":8.0},{"not_picked":["Searing Blow+1","Heavy Blade+1"],"picked":"Carnage+1","floor":11.0},{"not_picked":["Thunderclap+1","Hemokinesis+1"],"picked":"Seeing Red","floor":12.0},{"not_picked":["Wild Strike+1","Sword Boomerang+1"],"picked":"Anger+1","floor":13.0},{"not_picked":["Thunderclap+1","Wild Strike+1"],"picked":"Body Slam+1","floor":14.0},{"not_picked":["Offering","Berserk"],"picked":"Reaper+1","floor":16.0},{"not_picked":["Pummel+1","Anger+1"],"picked":"Blood for Blood+1","floor":18.0},{"not_picked":["Body Slam+1","Spot Weakness"],"picked":"Flex","floor":20.0},{"not_picked":["Metallicize","Uppercut+1"],"picked":"Flame Barrier","floor":25.0},{"not_picked":["Whirlwind+1","Disarm"],"picked":"Wild Strike+1","floor":27.0},{"not_picked":["Heavy Blade+1","Havoc+1"],"picked":"Reckless Charge+1","floor":28.0},{"not_picked":["Twin Strike+1","Heavy Blade+1"],"picked":"Rage","floor":30.0},{"not_picked":["Iron Wave+1","Thunderclap+1"],"picked":"Corruption","floor":31.0}],"player_experience":29214,"relics_obtained":[{"floor":6.0,"key":"Molten Egg 2"},{"floor":9.0,"key":"Paper Frog"},{"floor":22.0,"key":"Nilry\u0027s Codex"},{"floor":26.0,"key":"PreservedInsect"},{"floor":28.0,"key":"Darkstone Periapt"},{"floor":29.0,"key":"Orichalcum"},{"floor":30.0,"key":"Vajra"}],"event_choices":[{"damage_healed":0.0,"max_hp_gain":5.0,"max_hp_loss":0.0,"gold_gain":0.0,"event_name":"Big Fish","player_choice":"Donut","floor":2.0,"gold_loss":0.0,"damage_taken":0.0},{"damage_healed":0.0,"max_hp_gain":0.0,"max_hp_loss":0.0,"gold_gain":0.0,"event_name":"Living Wall","player_choice":"Grow","floor":5.0,"gold_loss":0.0,"damage_taken":0.0,"cards_upgraded":["Armaments"]},{"damage_healed":0.0,"max_hp_gain":0.0,"max_hp_loss":0.0,"gold_gain":0.0,"event_name":"NoteForYourself","player_choice":"Ignored","floor":10.0,"gold_loss":0.0,"damage_taken":0.0},{"damage_healed":0.0,"max_hp_gain":5.0,"max_hp_loss":0.0,"gold_gain":0.0,"event_name":"Forgotten Altar","player_choice":"Shed Blood","floor":19.0,"gold_loss":0.0,"damage_taken":23.0},{"damage_healed":0.0,"max_hp_gain":0.0,"max_hp_loss":0.0,"gold_gain":0.0,"event_name":"Cursed Tome","player_choice":"Obtained Book","floor":22.0,"gold_loss":0.0,"damage_taken":16.0},{"damage_healed":0.0,"max_hp_gain":0.0,"max_hp_loss":0.0,"gold_gain":0.0,"event_name":"Ghosts","player_choice":"Ignored","floor":24.0,"gold_loss":0.0,"damage_taken":0.0}],"is_beta":false,"boss_relics":[{"not_picked":["Astrolabe","Ectoplasm"],"picked":"Runic Cube"}],"items_purged_floors":[],"is_endless":false,"potions_floor_spawned":[3,4,11,12,13,25,27,30],"killed_by":"Collector","ascension_level":0}