{"path_per_floor":["M","?","M","M","M","R","M","?","T","M","R","M","M","M","R","B",null,"M","?","?","M","?","R","M","M","T"],"character_chosen":"THE_SILENT","items_purchased":[],"gold_per_floor":[114,114,129,144,159,159,174,178,203,218,218,233,248,263,263,363,393,408,323,323,293,293,293,308,323,323,323],"floor_reached":27,"campfire_rested":0,"playtime":2082,"current_hp_per_floor":[68,67,66,65,64,63,62,45,52,52,52,52,52,52,52,34,64,63,62,51,33,33,33,16,8,8,0],"items_purged":[],"gold":323,"score":236,"play_id":"3a42058b-eabb-4c7a-8963-5e761ac14ab5","local_time":"20180520030613","daily_mods":["Specialized","Binary","Terminal"],"is_prod":false,"is_daily":true,"chose_seed":false,"is_ascension_mode":false,"campfire_upgraded":4,"timestamp":1526810773,"campfire_choices":[{"data":"Neutralize","floor":6,"key":"SMITH"},{"data":"Cloak And Dagger","floor":11,"key":"SMITH"},{"data":"Distraction","floor":15,"key":"SMITH"},{"data":"Burst","floor":23,"key":"SMITH"}],"path_taken":["M","?","?","M","M","R","M","?","T","M","R","M","?","?","R","BOSS","M","?","?","M","?","R","M","M","T","M"],"build_version":"2018-05-17","seed_source_timestamp":5244696725324,"purchased_purges":0,"victory":false,"master_deck":["Defend_G","Defend_G","Defend_G","Defend_G","Defend_G","Strike_G","Strike_G","Strike_G","Strike_G","Strike_G","Survivor+1","Neutralize+1","A Thousand Cuts+1","A Thousand Cuts","A Thousand Cuts","A Thousand Cuts","A Thousand Cuts","Dagger Throw","Underhanded Strike","Cloak And Dagger+1","Distraction+1","Escape Plan","Storm of Steel","All Out Attack+1","Burst+1","Escape Plan+1"],"max_hp_per_floor":[68,67,66,65,64,63,62,61,67,66,65,64,63,62,61,60,64,63,62,66,65,64,63,62,61,60,60],"relics":["Ring of the Snake","Odd Mushroom","Strawberry","Tiny House","Anchor","Toxic Egg 2"],"card_choices":[{"not_picked":["Quick Slash"],"picked":"Dagger Throw","floor":1},{"not_picked":["Underhanded Strike","Quick Slash"],"picked":"SKIP","floor":3},{"not_picked":["Deadly Poison"],"picked":"Underhanded Strike","floor":4},{"not_picked":["Setup","Reflex"],"picked":"SKIP","floor":5},{"not_picked":["Dagger Spray","Venomology"],"picked":"SKIP","floor":7},{"not_picked":["Deadly Poison"],"picked":"Cloak And Dagger","floor":8},{"not_picked":["Dagger Throw"],"picked":"Distraction","floor":10},{"not_picked":["Slice","Reflex"],"picked":"SKIP","floor":12},{"not_picked":["Riddle With Holes"],"picked":"Escape Plan","floor":13},{"not_picked":["Slice","PiercingWail"],"picked":"SKIP","floor":14},{"not_picked":["Tactician"],"picked":"Storm of Steel","floor":16},{"not_picked":["Underhanded Strike+1"],"picked":"All Out Attack+1","floor":18},{"not_picked":["Underhanded Strike","Setup"],"picked":"SKIP","floor":21},{"not_picked":["Acrobatics"],"picked":"Escape Plan+1","floor":24},{"not_picked":["Bouncing Flask","Distraction"],"picked":"SKIP","floor":25}],"player_experience":212646,"potions_floor_usage":[7,13,14],"damage_taken":[{"damage":0,"enemies":"Jaw Worm","floor":1,"turns":6},{"damage":0,"enemies":"Cultist","floor":3,"turns":5},{"damage":0,"enemies":"2 Louse","floor":4,"turns":3},{"damage":0,"enemies":"Gremlin Gang","floor":5,"turns":6},{"damage":0,"enemies":"Looter","floor":7,"turns":4},{"damage":17,"enemies":"The Mushroom Lair","floor":8,"turns":5},{"damage":0,"enemies":"2 Fungi Beasts","floor":10,"turns":4},{"damage":0,"enemies":"Exordium Wildlife","floor":12,"turns":3},{"damage":0,"enemies":"Looter","floor":13,"turns":3},{"damage":0,"enemies":"Exordium Thugs","floor":14,"turns":5},{"damage":18,"enemies":"Hexaghost","floor":16,"turns":12},{"damage":0,"enemies":"Chosen","floor":18,"turns":7},{"damage":18,"enemies":"2 Thieves","floor":21,"turns":5},{"damage":17,"enemies":"Centurion and Healer","floor":24,"turns":9},{"damage":8,"enemies":"Snake Plant","floor":25,"turns":6},{"damage":13,"enemies":"Slaver and Parasite","floor":27,"turns":3}],"relics_obtained":[{"floor":8,"key":"Odd Mushroom"},{"floor":9,"key":"Strawberry"},{"floor":26,"key":"Toxic Egg 2"}],"event_choices":[{"event_name":"Upgrade Shrine","player_choice":"Upgraded","floor":2,"damage_taken":0},{"event_name":"Mushrooms","player_choice":"Fought Mushrooms","floor":8,"damage_taken":0},{"event_name":"Addict","player_choice":"Obtained Relic","floor":19,"damage_taken":0},{"event_name":"Forgotten Altar","player_choice":"Shed Blood","floor":20,"damage_taken":0},{"event_name":"Match and Keep!","player_choice":"1 cards matched","floor":22,"damage_taken":0}],"boss_relics":[{"not_picked":["Velvet Choker","Runic Dome"],"picked":"Tiny House"}],"potions_floor_spawned":[1,4,8,12,13,16,18,21],"seed_played":"5982385652797705941","killed_by":"Slaver and Parasite","ascension_level":0,"potions_obtained":[{"floor":1,"key":"Swift Potion"},{"floor":4,"key":"Explosive Potion"},{"floor":8,"key":"Poison Potion"},{"floor":12,"key":"Dexterity Potion"},{"floor":13,"key":"Fire Potion"},{"floor":16,"key":"Dexterity Potion"},{"floor":17,"key":"SmokeBomb"},{"floor":21,"key":"Regen Potion"}],"is_trial":false}