{"gold_per_floor":[112,130,143,72,85,118,128,156,180,213,233,233,88,98,98,201,251,263,275,275,70,88,120,120,139,139,139,158,178,512,525,525,630,630,645,659,677,695,709,709,738,738,738,771,12,26,26,42,42,42],"floor_reached":50,"playtime":3556,"items_purged":["Strike_R"],"score":708,"play_id":"2a0077c3-423a-42e4-8c27-29d91957e91f","local_time":"20180824171332","is_ascension_mode":true,"campfire_choices":[{"floor":15,"key":"REST"},{"floor":24,"key":"REST"},{"floor":27,"key":"REST"},{"floor":32,"key":"REST"},{"floor":40,"key":"REST"},{"floor":42,"key":"REST"},{"floor":49,"key":"REST"}],"neow_cost":"NONE","seed_source_timestamp":727531360123575,"circlet_count":0,"master_deck":["Strike_R","Strike_R","Strike_R","Strike_R","Defend_R","Defend_R","Defend_R","Defend_R","Bash","Berserk","Cleave","Dropkick","Wild Strike","Double Tap","Shrug It Off","Demon Form","Thunderclap","Power Through","Heavy Blade+1","Evolve","Wild Strike","Bandage Up","Armaments","Offering","Whirlwind","Shrug It Off+1","Twin Strike+1","Spot Weakness","Seeing Red","Uppercut","Clothesline","Headbutt+1","Wild Strike+1","Shrug It Off+1","Immolate","Rampage+1","Heavy Blade+1","Blood for Blood+1","Warcry+1","Impervious","Power Through+1","Fiend Fire","PanicButton","Shockwave","Perfected Strike+1","Inflame+1"],"relics":["Burning Blood","Meat on the Bone","Question Card","Bag of Marbles","Bronze Scales","Tiny House","Sling","Happy Flower","Self Forming Clay","Old Coin","Fusion Hammer","Magic Flower","Regal Pillow","Vajra","Strawberry","HandDrill"],"potions_floor_usage":[6,8,10,16,22,22,23,30,38,41,46,50,50],"damage_taken":[{"damage":4,"enemies":"Small Slimes","floor":1,"turns":4},{"damage":2,"enemies":"Jaw Worm","floor":2,"turns":4},{"damage":6,"enemies":"Cultist","floor":3,"turns":3},{"damage":14,"enemies":"Blue Slaver","floor":5,"turns":4},{"damage":17,"enemies":"Lagavulin","floor":6,"turns":5},{"damage":12,"enemies":"2 Fungi Beasts","floor":7,"turns":4},{"damage":40,"enemies":"Gremlin Nob","floor":8,"turns":4},{"damage":17,"enemies":"3 Sentries","floor":10,"turns":5},{"damage":6,"enemies":"Gremlin Gang","floor":11,"turns":2},{"damage":7,"enemies":"Exordium Wildlife","floor":14,"turns":3},{"damage":65,"enemies":"Hexaghost","floor":16,"turns":9},{"damage":17,"enemies":"2 Thieves","floor":18,"turns":2},{"damage":25,"enemies":"Spheric Guardian","floor":19,"turns":4},{"damage":27,"enemies":"Centurion and Healer","floor":22,"turns":5},{"damage":66,"enemies":"Book of Stabbing","floor":23,"turns":6},{"damage":23,"enemies":"Snake Plant","floor":25,"turns":3},{"damage":10,"enemies":"3 Cultists","floor":28,"turns":4},{"damage":21,"enemies":"Cultist and Chosen","floor":29,"turns":4},{"damage":27,"enemies":"Gremlin Leader","floor":30,"turns":6},{"damage":33,"enemies":"Shelled Parasite and Fungi","floor":31,"turns":7},{"damage":39,"enemies":"Champ","floor":33,"turns":8},{"damage":9,"enemies":"3 Shapes","floor":35,"turns":3},{"damage":6,"enemies":"Orb Walker","floor":36,"turns":2},{"damage":43,"enemies":"Maw","floor":37,"turns":8},{"damage":32,"enemies":"3 Darklings","floor":38,"turns":5},{"damage":25,"enemies":"Sphere and 2 Shapes","floor":39,"turns":5},{"damage":42,"enemies":"Giant Head","floor":41,"turns":7},{"damage":25,"enemies":"2 Orb Walkers","floor":44,"turns":4},{"damage":29,"enemies":"Transient","floor":46,"turns":5},{"damage":7,"enemies":"3 Darklings","floor":48,"turns":3},{"damage":93,"enemies":"Time Eater","floor":50,"turns":9}],"seed_played":"-2813925449778380509","potions_obtained":[{"floor":1,"key":"Energy Potion"},{"floor":3,"key":"PowerPotion"},{"floor":5,"key":"Energy Potion"},{"floor":11,"key":"Block Potion"},{"floor":17,"key":"Fire Potion"},{"floor":19,"key":"Explosive Potion"},{"floor":22,"key":"Dexterity Potion"},{"floor":28,"key":"GamblersBrew"},{"floor":29,"key":"GamblersBrew"},{"floor":33,"key":"Strength Potion"},{"floor":35,"key":"Explosive Potion"},{"floor":41,"key":"Explosive Potion"},{"floor":44,"key":"Strength Potion"}],"is_trial":false,"path_per_floor":["M","M","M","$","M","E","M","E","T","E","M","?","$","M","R","B",null,"M","M","?","$","M","E","R","M","T","R","M","M","E","M","R","B",null,"M","M","M","M","M","R","E","R","T","E","$","M","?","M","R"],"character_chosen":"IRONCLAD","items_purchased":["Double Tap","Wild Strike","Bandage Up","Sling","Fiend Fire","PanicButton","Shockwave","Strawberry","HandDrill"],"campfire_rested":7,"item_purchase_floors":[4,13,13,21,45,45,45,45,45],"current_hp_per_floor":[80,80,80,80,72,61,55,33,33,34,46,46,46,49,73,30,85,74,59,85,85,64,20,45,40,40,65,65,54,49,38,63,46,85,85,85,52,42,35,60,40,65,65,55,62,66,66,74,92,0],"gold":42,"neow_bonus":"ONE_RANDOM_RARE_CARD","is_prod":false,"is_daily":false,"chose_seed":false,"campfire_upgraded":0,"win_rate":0,"timestamp":1535156012,"path_taken":["M","M","M","$","M","E","M","E","T","E","M","?","?","M","R","BOSS","M","M","?","$","M","E","R","M","T","R","M","M","E","M","R","BOSS","M","M","M","M","M","R","E","R","T","E","$","M","?","M","R","BOSS"],"build_version":"2018-08-23v2","purchased_purges":1,"victory":false,"max_hp_per_floor":[80,80,80,80,80,80,80,80,80,80,80,80,80,80,80,80,85,85,85,85,85,85,85,85,85,85,85,85,85,85,85,85,85,85,85,85,85,85,85,85,85,85,85,85,92,92,92,92,92,92],"card_choices":[{"not_picked":["Searing Blow","Burning Pact"],"picked":"Cleave","floor":1},{"not_picked":["Sword Boomerang","Feel No Pain"],"picked":"Dropkick","floor":2},{"not_picked":["True Grit","Hemokinesis"],"picked":"Wild Strike","floor":3},{"not_picked":["Blood for Blood","Clothesline"],"picked":"Shrug It Off","floor":5},{"not_picked":["Clash","Anger"],"picked":"Demon Form","floor":6},{"not_picked":["Ghostly Armor","Seeing Red"],"picked":"Thunderclap","floor":7},{"not_picked":["Dropkick","Bloodletting"],"picked":"Power Through","floor":8},{"not_picked":["Perfected Strike","Uppercut","Sentinel"],"picked":"Heavy Blade","floor":10},{"not_picked":["Clash","Twin Strike","Corruption"],"picked":"Evolve","floor":11},{"not_picked":["Carnage","Rage","Body Slam"],"picked":"Armaments","floor":14},{"not_picked":["Brutality","Immolate","Barricade"],"picked":"Offering","floor":16},{"not_picked":["Body Slam","Sentinel","Rampage"],"picked":"Whirlwind","floor":17},{"not_picked":["Clash","Anger","Flex"],"picked":"Shrug It Off+1","floor":18},{"not_picked":["Warcry","Whirlwind","Havoc+1"],"picked":"Twin Strike+1","floor":19},{"not_picked":["Searing Blow","Feel No Pain","Heavy Blade"],"picked":"Spot Weakness","floor":22},{"not_picked":["Pummel","Feel No Pain","Body Slam"],"picked":"Seeing Red","floor":23},{"not_picked":["Corruption","Carnage","Anger"],"picked":"Uppercut","floor":25},{"not_picked":["Anger","Blood for Blood+1","Demon Form"],"picked":"Clothesline","floor":28},{"not_picked":["Thunderclap","Rampage","Perfected Strike+1"],"picked":"Headbutt+1","floor":29},{"not_picked":["Twin Strike+1","Clothesline","Cleave"],"picked":"Wild Strike+1","floor":30},{"not_picked":["Dark Embrace","Rage","Uppercut"],"picked":"Shrug It Off+1","floor":31},{"not_picked":["Brutality","Double Tap","Exhume"],"picked":"Immolate","floor":33},{"not_picked":["Body Slam","Dropkick+1","Clothesline+1"],"picked":"Rampage+1","floor":35},{"not_picked":["Cleave","Clash+1","True Grit"],"picked":"Heavy Blade+1","floor":36},{"not_picked":["Body Slam","True Grit+1","Bludgeon"],"picked":"Blood for Blood+1","floor":37},{"not_picked":["Anger","Rupture","Perfected Strike"],"picked":"Warcry+1","floor":38},{"not_picked":["Entrench","Iron Wave","Clash"],"picked":"Impervious","floor":39},{"not_picked":["Blood for Blood+1","Second Wind+1","Clothesline+1"],"picked":"Power Through+1","floor":41},{"not_picked":["Havoc+1","Sever Soul","Warcry","Shrug It Off"],"picked":"SKIP","floor":44},{"not_picked":["Clash","Thunderclap","Combust+1"],"picked":"Perfected Strike+1","floor":46},{"not_picked":["Perfected Strike+1","Clothesline+1","Heavy Blade+1"],"picked":"Inflame+1","floor":48}],"player_experience":276439,"relics_obtained":[{"floor":6,"key":"Meat on the Bone"},{"floor":8,"key":"Question Card"},{"floor":9,"key":"Bag of Marbles"},{"floor":10,"key":"Bronze Scales"},{"floor":23,"key":"Happy Flower"},{"floor":26,"key":"Self Forming Clay"},{"floor":30,"key":"Old Coin"},{"floor":41,"key":"Magic Flower"},{"floor":43,"key":"Regal Pillow"},{"floor":44,"key":"Vajra"}],"event_choices":[{"event_name":"Golden Idol","player_choice":"Ignored","floor":12,"damage_taken":0},{"event_name":"Wheel of Change","player_choice":"Full Heal","floor":20,"damage_taken":0},{"event_name":"Match and Keep!","player_choice":"0 cards matched","floor":47,"damage_taken":0}],"is_beta":false,"boss_relics":[{"not_picked":["Calling Bell","Sozu"],"picked":"Tiny House"},{"not_picked":["Philosopher\u0027s Stone","Pandora\u0027s Box"],"picked":"Fusion Hammer"}],"items_purged_floors":[45],"is_endless":false,"potions_floor_spawned":[1,3,5,11,19,22,28,29,33,35,41,44],"killed_by":"Time Eater","ascension_level":3}