{"gold_per_floor":[118,133,143,159,148,181,181,216,216,216,235,235,235,253,253,253],"floor_reached":16,"playtime":645,"items_purged":[],"score":143,"play_id":"0686d1ef-405c-4c9b-b428-9f36c5361d7f","local_time":"20180829101101","is_ascension_mode":true,"campfire_choices":[{"floor":7,"key":"REST"},{"floor":10,"key":"REST"},{"floor":15,"key":"REST"}],"neow_cost":"NONE","seed_source_timestamp":1137088188111481,"circlet_count":0,"master_deck":["Strike_R","Strike_R","Strike_R","Strike_R","Strike_R","Defend_R","Defend_R","Defend_R","Defend_R","Bash","Shrug It Off","Dropkick","Twin Strike","Barricade","Thunderclap","Fire Breathing","Twin Strike","Dropkick","Body Slam+1","Injury","Carnage+1"],"relics":["Burning Blood","Gremlin Horn","Gambling Chip","Molten Egg 2","Golden Idol"],"potions_floor_usage":[4,6,16],"damage_taken":[{"damage":6,"enemies":"2 Louse","floor":1,"turns":4},{"damage":7,"enemies":"Jaw Worm","floor":2,"turns":2},{"damage":1,"enemies":"Cultist","floor":3,"turns":3},{"damage":12,"enemies":"Large Slime","floor":4,"turns":6},{"damage":17,"enemies":"Exordium Thugs","floor":5,"turns":4},{"damage":37,"enemies":"3 Sentries","floor":6,"turns":8},{"damage":23,"enemies":"Gremlin Nob","floor":8,"turns":4},{"damage":10,"enemies":"2 Fungi Beasts","floor":11,"turns":3},{"damage":8,"enemies":"Lots of Slimes","floor":14,"turns":3},{"damage":94,"enemies":"Hexaghost","floor":16,"turns":11}],"seed_played":"-2598923521534238847","potions_obtained":[{"floor":1,"key":"AttackPotion"},{"floor":2,"key":"EssenceOfSteel"},{"floor":11,"key":"LiquidBronze"},{"floor":14,"key":"Fruit Juice"}],"is_trial":false,"path_per_floor":["M","M","M","M","M","E","R","E","T","R","M","?","?","M","R"],"character_chosen":"IRONCLAD","items_purchased":[],"campfire_rested":3,"item_purchase_floors":[],"current_hp_per_floor":[80,79,80,74,63,32,56,39,39,63,59,64,64,62,85,0],"gold":253,"neow_bonus":"THREE_CARDS","is_prod":false,"is_daily":false,"chose_seed":false,"campfire_upgraded":0,"win_rate":0,"timestamp":1535562661,"path_taken":["M","M","M","M","M","E","R","E","T","R","M","?","?","M","R","BOSS"],"build_version":"2018-08-23v2","purchased_purges":0,"victory":false,"max_hp_per_floor":[80,80,80,80,80,80,80,80,80,80,80,85,85,85,85,90],"card_choices":[{"not_picked":["Shockwave","Pummel"],"picked":"Shrug It Off","floor":0},{"not_picked":["Clash","Clothesline"],"picked":"Dropkick","floor":1},{"not_picked":["Shrug It Off","Pommel Strike"],"picked":"Twin Strike","floor":2},{"not_picked":["Armaments","Pommel Strike"],"picked":"Barricade","floor":3},{"not_picked":["Twin Strike","Headbutt"],"picked":"Thunderclap","floor":4},{"not_picked":["Sentinel","Headbutt"],"picked":"Fire Breathing","floor":5},{"not_picked":["Corruption","Blood for Blood"],"picked":"Twin Strike","floor":6},{"not_picked":["Anger","Flex"],"picked":"Dropkick","floor":8},{"not_picked":["Warcry","Flex"],"picked":"Body Slam+1","floor":11},{"not_picked":["Perfected Strike+1","Shrug It Off"],"picked":"Carnage+1","floor":14}],"player_experience":309493,"relics_obtained":[{"floor":6,"key":"Gremlin Horn"},{"floor":8,"key":"Gambling Chip"},{"floor":9,"key":"Molten Egg 2"}],"event_choices":[{"event_name":"Big Fish","player_choice":"Donut","floor":12,"damage_taken":0},{"event_name":"Golden Idol","player_choice":"Take Wound","floor":13,"damage_taken":0}],"is_beta":false,"boss_relics":[],"items_purged_floors":[],"is_endless":false,"potions_floor_spawned":[1,2,11,14],"killed_by":"Hexaghost","ascension_level":5}