{"gold_per_floor":[114,134,134,59,72,107,107,107,107,107,138,69,69,86,86,185,185,201,201,101,115,125,152,152,172,172,87,87,100,100,131,131,227,227,244,244,119,136,148,148,148,148,148,148,164,14,24,24,24,24],"floor_reached":51,"playtime":2769,"items_purged":["Strike_R","Strike_R","Writhe","Strike_R"],"score":793,"play_id":"c22aa89e-98c6-4a67-9606-677b43ae6f57","local_time":"20191015234940","is_ascension_mode":false,"campfire_choices":[{"floor":7.0,"key":"REST"},{"data":"Bash","floor":10.0,"key":"SMITH"},{"data":"Whirlwind","floor":13.0,"key":"SMITH"},{"data":"Flame Barrier","floor":15.0,"key":"SMITH"},{"floor":24.0,"key":"REST"},{"data":"Limit Break","floor":28.0,"key":"SMITH"},{"floor":30.0,"key":"REST"},{"floor":32.0,"key":"REST"},{"data":"Ghostly Armor","floor":40.0,"key":"SMITH"},{"data":"Clothesline","floor":42.0,"key":"SMITH"},{"data":"Iron Wave","floor":44.0,"key":"SMITH"},{"floor":49.0,"key":"REST"}],"neow_cost":"NONE","seed_source_timestamp":198854422895700,"circlet_count":0,"master_deck":["Strike_R","Defend_R","Defend_R","Defend_R","Defend_R","Bash+1","Iron Wave+1","Pommel Strike","Clothesline+1","Whirlwind+1","Flame Barrier+1","Limit Break+1","Cleave+1","Barricade+1","Ghostly Armor+1","Demon Form+1","Anger+1","Immolate"],"special_seed":0,"relics":["Burning Blood","Frozen Egg 2","Pear","Ornamental Fan","Sozu","Letter Opener","Regal Pillow","WingedGreaves","Mummified Hand","Runic Pyramid","Paper Frog"],"potions_floor_usage":[50],"damage_taken":[{"damage":7.0,"enemies":"Jaw Worm","floor":1.0,"turns":6.0},{"damage":0.0,"enemies":"2 Louse","floor":2.0,"turns":2.0},{"damage":0.0,"enemies":"Small Slimes","floor":5.0,"turns":3.0},{"damage":34.0,"enemies":"3 Sentries","floor":6.0,"turns":11.0},{"damage":14.0,"enemies":"Gremlin Nob","floor":11.0,"turns":4.0},{"damage":11.0,"enemies":"Blue Slaver","floor":14.0,"turns":6.0},{"damage":52.0,"enemies":"Slime Boss","floor":16.0,"turns":15.0},{"damage":0.0,"enemies":"3 Byrds","floor":18.0,"turns":4.0},{"damage":15.0,"enemies":"Shell Parasite","floor":21.0,"turns":6.0},{"damage":7.0,"enemies":"Chosen and Byrds","floor":22.0,"turns":4.0},{"damage":22.0,"enemies":"Slavers","floor":23.0,"turns":5.0},{"damage":2.0,"enemies":"3 Cultists","floor":25.0,"turns":4.0},{"damage":32.0,"enemies":"Centurion and Healer","floor":29.0,"turns":4.0},{"damage":29.0,"enemies":"Gremlin Leader","floor":31.0,"turns":5.0},{"damage":62.0,"enemies":"Collector","floor":33.0,"turns":13.0},{"damage":27.0,"enemies":"3 Darklings","floor":35.0,"turns":3.0},{"damage":18.0,"enemies":"Orb Walker","floor":38.0,"turns":4.0},{"damage":0.0,"enemies":"Maw","floor":39.0,"turns":6.0},{"damage":17.0,"enemies":"4 Shapes","floor":45.0,"turns":2.0},{"damage":46.0,"enemies":"Transient","floor":47.0,"turns":5.0},{"damage":46,"enemies":"Time Eater","floor":50,"turns":7}],"seed_played":"-1411732785746973473","potions_obtained":[{"floor":2.0,"key":"EssenceOfSteel"},{"floor":11.0,"key":"PowerPotion"},{"floor":16.0,"key":"Ancient Potion"}],"is_trial":false,"path_per_floor":["M","M","?","$","M","E","R","?","T","R","E","$","R","M","R","B",null,"M","?","$","M","M","E","R","M","T","?","R","M","R","E","R","B",null,"M","?","$","M","M","R","?","R","T","R","M","$","M","$","R","B",null],"character_chosen":"IRONCLAD","items_purchased":["Whirlwind"],"campfire_rested":5,"item_purchase_floors":[12],"current_hp_per_floor":[87,88,93,93,93,65,92,92,102,102,94,94,94,89,89,43,103,103,103,103,94,93,77,103,103,103,103,103,77,103,80,103,47,103,82,103,103,91,97,97,97,97,97,97,86,86,46,46,91,51],"gold":24,"neow_bonus":"TEN_PERCENT_HP_BONUS","is_prod":false,"is_daily":false,"chose_seed":false,"campfire_upgraded":7,"win_rate":0.0,"timestamp":1571208580,"path_taken":["M","M","?","$","M","E","R","?","T","R","E","?","R","M","R","BOSS","M","?","$","M","M","E","R","M","T","?","R","M","R","E","R","BOSS","M","?","$","M","M","R","?","R","T","R","M","$","M","$","R","BOSS"],"build_version":"2019-07-17","purchased_purges":4,"victory":true,"max_hp_per_floor":[88,88,93,93,93,93,93,93,103,103,103,103,103,103,103,103,103,103,103,103,103,103,103,103,103,103,103,103,103,103,103,103,103,103,103,103,103,103,103,103,103,103,103,103,103,103,103,103,103,103],"card_choices":[{"not_picked":["True Grit","Body Slam"],"picked":"Iron Wave","floor":1.0},{"not_picked":["Havoc","Perfected Strike"],"picked":"Pommel Strike","floor":2.0},{"not_picked":["Rupture","Sword Boomerang","Havoc"],"picked":"SKIP","floor":5.0},{"not_picked":["Second Wind","Pommel Strike"],"picked":"Shockwave","floor":6.0},{"not_picked":["Body Slam","Carnage"],"picked":"Clothesline","floor":11.0},{"not_picked":["Inflame+1","True Grit"],"picked":"Flame Barrier","floor":14.0},{"not_picked":["Barricade+1","Double Tap"],"picked":"Limit Break","floor":16.0},{"not_picked":["Twin Strike","Iron Wave"],"picked":"Cleave+1","floor":18.0},{"not_picked":["Flex","Twin Strike","Iron Wave+1"],"picked":"SKIP","floor":21.0},{"not_picked":["Clothesline+1","Dropkick+1","Warcry"],"picked":"SKIP","floor":22.0},{"not_picked":["Pommel Strike+1","Carnage","Power Through"],"picked":"SKIP","floor":23.0},{"not_picked":["Pummel+1","Body Slam"],"picked":"Barricade+1","floor":25.0},{"not_picked":["Burning Pact+1","Clash"],"picked":"Ghostly Armor","floor":29.0},{"not_picked":["Corruption+1","Combust+1","Wild Strike"],"picked":"SKIP","floor":31.0},{"not_picked":["Brutality+1","Immolate"],"picked":"Demon Form+1","floor":33.0},{"not_picked":["Wild Strike+1","Hemokinesis","Armaments"],"picked":"SKIP","floor":35.0},{"not_picked":["Rampage+1","Perfected Strike+1"],"picked":"Anger+1","floor":38.0},{"not_picked":["Iron Wave+1","Twin Strike","Rampage"],"picked":"SKIP","floor":39.0},{"not_picked":["Sword Boomerang","Whirlwind"],"picked":"Immolate","floor":45.0},{"not_picked":["Wild Strike+1","Iron Wave+1","Thunderclap"],"picked":"SKIP","floor":47.0}],"player_experience":74807,"relics_obtained":[{"floor":6.0,"key":"Frozen Egg 2"},{"floor":9.0,"key":"Pear"},{"floor":11.0,"key":"Ornamental Fan"},{"floor":23.0,"key":"Letter Opener"},{"floor":26.0,"key":"Regal Pillow"},{"floor":31.0,"key":"Mummified Hand"},{"floor":43.0,"key":"Paper Frog"}],"event_choices":[{"damage_healed":0.0,"max_hp_gain":5.0,"max_hp_loss":0.0,"gold_gain":0.0,"event_name":"Big Fish","player_choice":"Donut","floor":3.0,"gold_loss":0.0,"damage_taken":0.0},{"damage_healed":0.0,"max_hp_gain":0.0,"max_hp_loss":0.0,"gold_gain":0.0,"event_name":"Living Wall","player_choice":"Grow","floor":8.0,"gold_loss":0.0,"damage_taken":0.0,"cards_upgraded":["Shockwave"]},{"cards_removed":["Strike_R"],"damage_healed":0.0,"max_hp_gain":0.0,"max_hp_loss":0.0,"gold_gain":0.0,"event_name":"Back to Basics","player_choice":"Elegance","floor":19.0,"gold_loss":0.0,"damage_taken":0.0},{"damage_healed":0.0,"max_hp_gain":0.0,"max_hp_loss":0.0,"gold_gain":0.0,"event_name":"Addict","player_choice":"Obtained Relic","floor":27.0,"gold_loss":85.0,"damage_taken":0.0,"relics_obtained":["WingedGreaves"]},{"damage_healed":26.0,"max_hp_gain":0.0,"max_hp_loss":0.0,"gold_gain":0.0,"event_name":"Winding Halls","player_choice":"Writhe","floor":36.0,"gold_loss":0.0,"damage_taken":0.0,"cards_obtained":["Writhe"]},{"cards_removed":["Shockwave"],"damage_healed":0.0,"max_hp_gain":0.0,"max_hp_loss":0.0,"gold_gain":0.0,"event_name":"Falling","player_choice":"Removed Skill","floor":41.0,"gold_loss":0.0,"damage_taken":0.0}],"is_beta":false,"boss_relics":[{"not_picked":["Cursed Key","Runic Dome"],"picked":"Sozu"},{"not_picked":["Empty Cage","Calling Bell"],"picked":"Runic Pyramid"}],"items_purged_floors":[4,20,37,46],"is_endless":false,"potions_floor_spawned":[2,11,16,23,29,31,39,47],"ascension_level":0}