{"gold_per_floor":[112,124,139,159,40,67,85,85,85,160,160,160,170,181,181,283,283,299,315,35,48,60,395,411,326,373,373,373,383,383,383,383,383],"floor_reached":33,"playtime":1733,"items_purged":[],"score":271,"play_id":"4d8b16c6-9cb2-45bb-ac77-65ca377802f6","local_time":"20191007222700","is_ascension_mode":false,"campfire_choices":[{"data":"Seeing Red","floor":8,"key":"SMITH"},{"data":"Clothesline","floor":12,"key":"SMITH"},{"data":"Intimidate","floor":15,"key":"SMITH"},{"floor":28,"key":"REST"},{"floor":30,"key":"REST"},{"data":"Impervious","floor":32,"key":"SMITH"}],"neow_cost":"TEN_PERCENT_HP_LOSS","seed_source_timestamp":205558310886600,"circlet_count":0,"master_deck":["Strike_R+1","Strike_R+1","Strike_R+1","Strike_R+1","Strike_R+1","Defend_R+1","Defend_R+1","Defend_R+1","Defend_R+1","Bash","Seeing Red+1","Feel No Pain","Ghostly Armor+1","Havoc","Pummel","Dropkick","Clothesline+1","Anger","Warcry","Intimidate+1","Immolate","Armaments+1","Headbutt","Whirlwind","Searing Blow","Impervious+1","Flex","Body Slam+1","Clash+1"],"relics":["Burning Blood","Calipers","War Paint","Self Forming Clay","Black Star","Brimstone","Old Coin","Ornamental Fan","Letter Opener","Bag of Preparation"],"potions_floor_usage":[6,6,23,23,29,33],"damage_taken":[{"damage":1,"enemies":"Small Slimes","floor":1,"turns":3},{"damage":6,"enemies":"2 Louse","floor":2,"turns":4},{"damage":1,"enemies":"Cultist","floor":3,"turns":3},{"damage":2,"enemies":"Looter","floor":4,"turns":4},{"damage":14,"enemies":"Gremlin Nob","floor":6,"turns":4},{"damage":11,"enemies":"Large Slime","floor":7,"turns":11},{"damage":7,"enemies":"Red Slaver","floor":13,"turns":3},{"damage":1,"enemies":"2 Fungi Beasts","floor":14,"turns":5},{"damage":31,"enemies":"The Guardian","floor":16,"turns":16},{"damage":5,"enemies":"3 Byrds","floor":18,"turns":6},{"damage":1,"enemies":"Chosen","floor":19,"turns":6},{"damage":13,"enemies":"Snecko","floor":21,"turns":4},{"damage":16,"enemies":"Cultist and Chosen","floor":22,"turns":6},{"damage":54,"enemies":"Book of Stabbing","floor":23,"turns":6},{"damage":1,"enemies":"Chosen and Byrds","floor":24,"turns":4},{"damage":0,"enemies":"Snake Plant","floor":29,"turns":2},{"damage":75,"enemies":"Automaton","floor":33,"turns":6}],"seed_played":"7400592714145829475","potions_obtained":[{"floor":2,"key":"Fire Potion"},{"floor":3,"key":"Fire Potion"},{"floor":7,"key":"SteroidPotion"},{"floor":22,"key":"Fire Potion"},{"floor":23,"key":"LiquidBronze"},{"floor":24,"key":"EssenceOfSteel"}],"is_trial":false,"path_per_floor":["M","M","M","M","$","E","M","R","T","?","?","R","M","M","R","B",null,"M","M","$","M","M","E","M","?","T","?","R","M","R","?","R","B"],"character_chosen":"IRONCLAD","items_purchased":["Pummel","Dropkick","Brimstone","Whirlwind"],"campfire_rested":2,"item_purchase_floors":[5,5,20,20],"current_hp_per_floor":[72,72,72,72,72,64,59,59,59,48,72,72,71,72,72,47,72,72,72,72,65,55,7,12,12,12,12,33,39,60,60,60,0],"gold":383,"neow_bonus":"ONE_RARE_RELIC","is_prod":false,"is_daily":false,"chose_seed":false,"campfire_upgraded":4,"win_rate":0.0,"timestamp":1570512420,"path_taken":["M","M","M","M","$","E","M","R","T","?","?","R","M","M","R","BOSS","M","M","$","M","M","E","M","?","T","?","R","M","R","?","R","BOSS"],"build_version":"2019-07-17","purchased_purges":0,"victory":false,"max_hp_per_floor":[72,72,72,72,72,72,72,72,72,72,72,72,72,72,72,72,72,72,72,72,72,72,72,72,72,72,72,72,72,72,72,72,72],"card_choices":[{"not_picked":["Sword Boomerang","Battle Trance"],"picked":"Seeing Red","floor":1},{"not_picked":["Metallicize","Shrug It Off"],"picked":"Feel No Pain","floor":2},{"not_picked":["Thunderclap","Metallicize"],"picked":"Ghostly Armor","floor":3},{"not_picked":["Wild Strike","Spot Weakness"],"picked":"Havoc","floor":4},{"not_picked":["Heavy Blade","Sever Soul"],"picked":"Clothesline","floor":6},{"not_picked":["Barricade","True Grit"],"picked":"Anger","floor":7},{"not_picked":["Wild Strike","Hemokinesis"],"picked":"Warcry","floor":13},{"not_picked":["Rupture","Headbutt"],"picked":"Intimidate","floor":14},{"not_picked":["Feed","Exhume"],"picked":"Immolate","floor":16},{"not_picked":["Clash","Whirlwind"],"picked":"Armaments+1","floor":18},{"not_picked":["Havoc","Armaments"],"picked":"Headbutt","floor":19},{"not_picked":["Headbutt","Perfected Strike"],"picked":"Searing Blow","floor":21},{"not_picked":["Rampage","Body Slam"],"picked":"Impervious","floor":22},{"not_picked":["Dual Wield","Feel No Pain"],"picked":"Flex","floor":23},{"not_picked":["Inflame","Sever Soul"],"picked":"Body Slam+1","floor":24},{"not_picked":["Armaments","Combust"],"picked":"Clash+1","floor":29}],"player_experience":27481,"relics_obtained":[{"floor":6,"key":"War Paint"},{"floor":9,"key":"Self Forming Clay"},{"floor":23,"key":"Old Coin"},{"floor":23,"key":"Ornamental Fan"},{"floor":26,"key":"Bag of Preparation"}],"event_choices":[{"damage_healed":0,"gold_gain":75,"player_choice":"Gather Gold","damage_taken":11,"max_hp_gain":0,"max_hp_loss":0,"event_name":"World of Goop","floor":10,"gold_loss":0},{"damage_healed":24,"gold_gain":0,"player_choice":"Full Heal","damage_taken":0,"max_hp_gain":0,"max_hp_loss":0,"event_name":"Wheel of Change","floor":11,"gold_loss":0},{"damage_healed":0,"gold_gain":0,"player_choice":"Obtained Relic","damage_taken":0,"relics_obtained":["Letter Opener"],"max_hp_gain":0,"max_hp_loss":0,"event_name":"Addict","floor":25,"gold_loss":85},{"damage_healed":0,"gold_gain":0,"player_choice":"Ignored","damage_taken":0,"max_hp_gain":0,"max_hp_loss":0,"event_name":"Ghosts","floor":27,"gold_loss":0},{"damage_healed":0,"gold_gain":0,"player_choice":"Simplicity","damage_taken":0,"max_hp_gain":0,"max_hp_loss":0,"event_name":"Back to Basics","floor":31,"gold_loss":0,"cards_upgraded":["Strike_R","Strike_R","Strike_R","Strike_R","Strike_R","Defend_R","Defend_R","Defend_R"]}],"is_beta":false,"boss_relics":[{"not_picked":["Busted Crown","Philosopher\u0027s Stone"],"picked":"Black Star"}],"items_purged_floors":[],"is_endless":false,"potions_floor_spawned":[2,3,7,22,23,24],"killed_by":"Automaton","ascension_level":0}