{"gold_per_floor":[219,219,234,244,18,18,36,36,36,36,36,36,36,48,48,119,119,135,152,152,152,152,152,152,163,163,174,174,187,9,24,24,101,101,113,130,5,22,22,22,122,172,219,254,254,267,277,287,287,287],"floor_reached":51,"playtime":12989,"items_purged":["Dualcast","Strike_B+1","Strike_B+1"],"score":1083,"play_id":"57c5c585-b49b-4564-932c-ed30a852021d","local_time":"20190616172049","is_ascension_mode":true,"campfire_choices":[{"data":"Zap","floor":6.0,"key":"SMITH"},{"data":"Loop","floor":10.0,"key":"SMITH"},{"data":"Rainbow","floor":12.0,"key":"SMITH"},{"data":"Self Repair","floor":15.0,"key":"SMITH"},{"data":"Echo Form","floor":23,"key":"SMITH"},{"data":"Sunder","floor":32,"key":"SMITH"},{"data":"Go for the Eyes","floor":40,"key":"SMITH"},{"data":"Blizzard","floor":45,"key":"SMITH"},{"data":"Fusion","floor":49,"key":"SMITH"}],"neow_cost":"NONE","seed_source_timestamp":0,"circlet_count":0,"master_deck":["AscendersBane","Strike_B+1","Strike_B+1","Defend_B+1","Defend_B+1","Defend_B+1","Defend_B+1","Zap+1","Leap","Genetic Algorithm","Loop+1","Rainbow+1","White Noise","Self Repair+1","Echo Form+1","Glacier","BootSequence","Go for the Eyes+1","Sunder+1","Blizzard+1","Machine Learning+1","Self Repair+1","Fusion+1"],"special_seed":0,"relics":["Cracked Core","Symbiotic Virus","Dodecahedron","Inserter","MutagenicStrength","Frozen Egg 2","Bag of Preparation","Sozu","Girya","Lantern","Centennial Puzzle"],"potions_floor_usage":[19,19,33,50],"damage_taken":[{"damage":2.0,"enemies":"Jaw Worm","floor":1.0,"turns":5.0},{"damage":0.0,"enemies":"Cultist","floor":3.0,"turns":4.0},{"damage":1.0,"enemies":"2 Louse","floor":4.0,"turns":3.0},{"damage":2.0,"enemies":"Looter","floor":7.0,"turns":4.0},{"damage":0.0,"enemies":"2 Fungi Beasts","floor":14.0,"turns":4.0},{"damage":7.0,"enemies":"The Guardian","floor":16.0,"turns":12.0},{"damage":12,"enemies":"Spheric Guardian","floor":18,"turns":6},{"damage":31,"enemies":"2 Thieves","floor":19,"turns":5},{"damage":9,"enemies":"Cultist and Chosen","floor":25,"turns":7},{"damage":0,"enemies":"Centurion and Healer","floor":27,"turns":13},{"damage":3,"enemies":"Shelled Parasite and Fungi","floor":29,"turns":6},{"damage":1,"enemies":"Sentry and Sphere","floor":31,"turns":5},{"damage":71,"enemies":"Collector","floor":33,"turns":12},{"damage":0,"enemies":"Orb Walker","floor":35,"turns":6},{"damage":8,"enemies":"3 Shapes","floor":36,"turns":7},{"damage":21,"enemies":"Sphere and 2 Shapes","floor":38,"turns":8},{"damage":0,"enemies":"Mind Bloom Boss Battle","floor":41,"turns":4},{"damage":32,"enemies":"Nemesis","floor":44,"turns":9},{"damage":2,"enemies":"Writhing Mass","floor":46,"turns":7},{"damage":6,"enemies":"3 Darklings","floor":47,"turns":6},{"damage":0,"enemies":"Maw","floor":48,"turns":7},{"damage":68,"enemies":"Donu and Deca","floor":50,"turns":11}],"seed_played":"-2871978094547890281","potions_obtained":[{"floor":3.0,"key":"FocusPotion"},{"floor":16.0,"key":"Poison Potion"},{"floor":19,"key":"AttackPotion"},{"floor":27,"key":"Swift Potion"},{"floor":29,"key":"Energy Potion"},{"floor":33,"key":"Poison Potion"}],"is_trial":false,"path_per_floor":["M","?","M","M","$","R","M","?","T","R","?","R","?","M","R","B",null,"M","M","?","?","?","R","?","M","T","M","T","M","$","M","R","B",null,"M","M","$","M","?","R","?","?","T","E","R","M","M","M","R","B",null],"character_chosen":"DEFECT","items_purchased":["Loop","Rainbow","Blizzard"],"campfire_rested":0,"item_purchase_floors":[5,5,30],"current_hp_per_floor":[62,62,62,61,61,61,59,64,64,64,64,64,59,59,59,62,73,61,40,40,40,40,40,40,41,41,61,61,76,76,76,76,25,63,73,65,65,64,64,64,74,74,74,72,72,76,76,76,76,28],"gold":287,"neow_bonus":"HUNDRED_GOLD","is_prod":false,"is_daily":false,"chose_seed":false,"campfire_upgraded":9,"win_rate":0,"timestamp":1560730849,"path_taken":["M","?","?","M","$","R","M","?","T","R","?","R","?","M","R","BOSS","M","M","?","?","?","R","?","?","T","M","?","M","$","M","R","BOSS","M","M","$","M","?","R","?","?","T","E","R","M","M","M","R","BOSS"],"build_version":"2019-01-23","purchased_purges":3,"victory":true,"max_hp_per_floor":[71,71,71,71,71,71,71,76,76,76,76,76,76,76,76,76,76,76,76,76,76,76,76,76,76,76,76,76,76,76,76,76,76,76,76,76,76,76,76,76,76,76,76,76,76,76,76,76,76,76],"card_choices":[{"not_picked":["Streamline","Tempest"],"picked":"Leap","floor":1.0},{"not_picked":["Beam Cell","Stack"],"picked":"Genetic Algorithm","floor":3.0},{"not_picked":["Redo","Rip and Tear","Turbo"],"picked":"SKIP","floor":4.0},{"not_picked":["Skim","Beam Cell"],"picked":"White Noise","floor":7.0},{"not_picked":["Ball Lightning","Melter"],"picked":"Self Repair","floor":14.0},{"not_picked":["Biased Cognition","Buffer"],"picked":"Echo Form","floor":16.0},{"not_picked":["White Noise","Ball Lightning"],"picked":"Glacier","floor":18},{"not_picked":["Steam","Reprogram","Gash"],"picked":"SKIP","floor":19},{"not_picked":["Capacitor","Ball Lightning"],"picked":"BootSequence","floor":25},{"not_picked":["Barrage","Static Discharge+1"],"picked":"Go for the Eyes","floor":27},{"not_picked":["Genetic Algorithm","Cold Snap"],"picked":"Sunder","floor":29},{"not_picked":["Streamline+1","Redo","Compile Driver"],"picked":"SKIP","floor":31},{"not_picked":["Rainbow","Amplify"],"picked":"Machine Learning+1","floor":33},{"not_picked":["Conserve Battery","Go for the Eyes","Gash+1"],"picked":"SKIP","floor":35},{"not_picked":["Conserve Battery+1","Gash","Hello World+1"],"picked":"SKIP","floor":36},{"not_picked":["Gash+1","Heatsinks+1"],"picked":"Self Repair+1","floor":38},{"not_picked":["Beam Cell","Turbo","Compile Driver"],"picked":"SKIP","floor":44},{"not_picked":["Ball Lightning","Conserve Battery","Beam Cell"],"picked":"SKIP","floor":46},{"not_picked":["Ball Lightning","Stack","Thunder Strike"],"picked":"SKIP","floor":47},{"not_picked":["Double Energy","Rebound"],"picked":"Fusion","floor":48}],"player_experience":1273140,"relics_obtained":[{"floor":9.0,"key":"Symbiotic Virus"},{"floor":26,"key":"Frozen Egg 2"},{"floor":28,"key":"Bag of Preparation"},{"floor":41,"key":"Girya"},{"floor":43,"key":"Lantern"},{"floor":44,"key":"Centennial Puzzle"}],"event_choices":[{"damage_healed":0.0,"max_hp_gain":0.0,"max_hp_loss":0.0,"gold_gain":0.0,"event_name":"Match and Keep!","player_choice":"0 cards matched","floor":2.0,"gold_loss":0.0,"damage_taken":0.0,"cards_obtained":[]},{"damage_healed":0.0,"max_hp_gain":5.0,"max_hp_loss":0.0,"gold_gain":0.0,"event_name":"Big Fish","player_choice":"Donut","floor":8.0,"gold_loss":0.0,"damage_taken":0.0},{"damage_healed":0.0,"max_hp_gain":0.0,"max_hp_loss":0.0,"gold_gain":0.0,"event_name":"Golden Idol","player_choice":"Ignored","floor":11.0,"gold_loss":0.0,"damage_taken":0.0},{"damage_healed":0.0,"max_hp_gain":0.0,"max_hp_loss":0.0,"gold_gain":0.0,"event_name":"Scrap Ooze","player_choice":"Success","floor":13.0,"gold_loss":0.0,"damage_taken":5.0,"relics_obtained":["Dodecahedron"]},{"damage_healed":0,"gold_gain":0,"player_choice":"Ignored","damage_taken":0,"max_hp_gain":0,"max_hp_loss":0,"event_name":"The Mausoleum","floor":20,"gold_loss":0},{"damage_healed":0,"gold_gain":0,"player_choice":"Inject Mutagens","damage_taken":0,"relics_obtained":["MutagenicStrength"],"max_hp_gain":0,"max_hp_loss":0,"event_name":"Drug Dealer","floor":21,"gold_loss":0},{"damage_healed":0,"gold_gain":0,"player_choice":"Simplicity","damage_taken":0,"max_hp_gain":0,"max_hp_loss":0,"event_name":"Back to Basics","floor":22,"gold_loss":0,"cards_upgraded":["Strike_B","Strike_B","Strike_B","Strike_B","Defend_B","Defend_B","Defend_B","Defend_B"]},{"damage_healed":0,"gold_gain":0,"player_choice":"Ignored","damage_taken":0,"max_hp_gain":0,"max_hp_loss":0,"event_name":"Vampires","floor":24,"gold_loss":0},{"damage_healed":0,"gold_gain":0,"player_choice":"Ignored","damage_taken":0,"max_hp_gain":0,"max_hp_loss":0,"event_name":"Mysterious Sphere","floor":39,"gold_loss":0},{"damage_healed":0,"gold_gain":0,"player_choice":"Fight","damage_taken":0,"max_hp_gain":0,"max_hp_loss":0,"event_name":"MindBloom","floor":41,"gold_loss":0},{"damage_healed":0,"gold_gain":50,"player_choice":"Pray","damage_taken":0,"max_hp_gain":0,"max_hp_loss":0,"event_name":"Golden Shrine","floor":42,"gold_loss":0}],"is_beta":false,"boss_relics":[{"not_picked":["Eternal Feather","Astrolabe"],"picked":"Inserter"},{"not_picked":["Velvet Choker","White Beast Statue"],"picked":"Sozu"}],"items_purged_floors":[5,30,37],"is_endless":false,"potions_floor_spawned":[3,16,19,27,29,33,36,38,41,48],"ascension_level":15}