{"gold_per_floor":[118,128,148,94,109,137,137,137,137,137,137,147,173,189,189,286,286,296,296,316,38,38,38,38,51,51,51,67,67,82,82,82,82],"floor_reached":33,"playtime":1464,"items_purged":["Strike_R"],"score":398,"play_id":"5a994fe8-565a-4b32-b505-3211f2cb8ee2","local_time":"20181221235604","is_ascension_mode":true,"campfire_choices":[{"floor":7,"key":"REST"},{"floor":10,"key":"REST"},{"data":"Armaments","floor":15,"key":"SMITH"},{"floor":23,"key":"REST"},{"floor":27,"key":"REST"},{"floor":32,"key":"REST"}],"neow_cost":"NONE","seed_source_timestamp":107367624349237,"circlet_count":0,"master_deck":["AscendersBane","Strike_R","Strike_R","Defend_R","Defend_R+1","Defend_R","Defend_R","Bash","Infernal Blade+1","Dropkick","Twin Strike","Shrug It Off","Thunderclap","Sword Boomerang","Pommel Strike","Fiend Fire","Armaments+1","Immolate","Sword Boomerang","J.A.X.","RitualDagger","Shame","True Grit+1"],"relics":["Burning Blood","Frozen Egg 2","Bottled Lightning","Self Forming Clay","Busted Crown","TheAbacus","Smiling Mask","Paper Frog","Darkstone Periapt"],"potions_floor_usage":[6,16,16,33,33],"damage_taken":[{"damage":3,"enemies":"2 Louse","floor":1,"turns":3},{"damage":4,"enemies":"Small Slimes","floor":2,"turns":4},{"damage":1,"enemies":"Cultist","floor":3,"turns":3},{"damage":0,"enemies":"2 Fungi Beasts","floor":5,"turns":4},{"damage":45,"enemies":"Lagavulin","floor":6,"turns":9},{"damage":10,"enemies":"3 Louse","floor":12,"turns":3},{"damage":9,"enemies":"3 Sentries","floor":13,"turns":5},{"damage":1,"enemies":"Large Slime","floor":14,"turns":6},{"damage":57,"enemies":"Hexaghost","floor":16,"turns":14},{"damage":2,"enemies":"Chosen","floor":18,"turns":4},{"damage":20,"enemies":"3 Byrds","floor":20,"turns":4},{"damage":42,"enemies":"Shelled Parasite and Fungi","floor":25,"turns":5},{"damage":5,"enemies":"Centurion and Healer","floor":28,"turns":4},{"damage":25,"enemies":"Sentry and Sphere","floor":30,"turns":6},{"damage":68,"enemies":"Champ","floor":33,"turns":6}],"seed_played":"-5210294104362153491","potions_obtained":[{"floor":1,"key":"Block Potion"},{"floor":3,"key":"Dexterity Potion"},{"floor":12,"key":"Energy Potion"},{"floor":14,"key":"Dexterity Potion"},{"floor":18,"key":"PowerPotion"},{"floor":28,"key":"Fire Potion"}],"is_trial":false,"path_per_floor":["M","M","M","$","M","E","R","?","T","R","?","M","E","M","R","B",null,"M","?","M","$","?","R","?","M","T","R","M","?","M","?","R","B"],"character_chosen":"IRONCLAD","items_purchased":["Shrug It Off","TheAbacus"],"campfire_rested":5,"item_purchase_floors":[4,21],"current_hp_per_floor":[75,77,80,80,80,41,65,49,49,73,73,69,66,71,71,20,65,69,69,55,55,49,73,73,37,37,61,62,47,28,28,53,0],"gold":82,"neow_bonus":"TRANSFORM_CARD","is_prod":false,"is_daily":false,"chose_seed":false,"campfire_upgraded":1,"win_rate":0,"timestamp":1545465364,"path_taken":["M","M","M","$","M","E","R","?","T","R","?","?","E","M","R","BOSS","M","?","M","$","?","R","?","M","T","R","M","?","?","?","R","BOSS"],"build_version":"2018-12-20","purchased_purges":1,"victory":false,"max_hp_per_floor":[80,80,80,80,80,80,80,80,80,80,80,80,80,80,80,80,80,80,80,80,80,80,80,80,80,80,80,80,85,85,85,85,85],"card_choices":[{"not_picked":["Sever Soul","Second Wind"],"picked":"Infernal Blade","floor":1},{"not_picked":["Perfected Strike","Armaments"],"picked":"Dropkick","floor":2},{"not_picked":["Perfected Strike","Entrench"],"picked":"Twin Strike","floor":3},{"not_picked":["Flex","Rupture"],"picked":"Thunderclap","floor":5},{"not_picked":["Corruption","Reckless Charge"],"picked":"Sword Boomerang","floor":6},{"not_picked":["Body Slam","Infernal Blade"],"picked":"Pommel Strike","floor":12},{"not_picked":["Searing Blow","Ghostly Armor"],"picked":"Fiend Fire","floor":13},{"not_picked":["Iron Wave","Hemokinesis"],"picked":"Armaments","floor":14},{"not_picked":["Limit Break","Exhume"],"picked":"Immolate","floor":16},{"not_picked":[],"picked":"Sword Boomerang","floor":18},{"not_picked":["Pummel"],"picked":"SKIP","floor":20},{"not_picked":["Carnage"],"picked":"SKIP","floor":25},{"not_picked":[],"picked":"True Grit+1","floor":28},{"not_picked":["Searing Blow+1"],"picked":"SKIP","floor":30}],"player_experience":555294,"relics_obtained":[{"floor":6,"key":"Frozen Egg 2"},{"floor":9,"key":"Bottled Lightning"},{"floor":13,"key":"Self Forming Clay"},{"floor":26,"key":"Paper Frog"}],"event_choices":[{"damage_healed":0,"gold_gain":0,"player_choice":"Entered Light","damage_taken":16,"max_hp_gain":0,"max_hp_loss":0,"event_name":"Shining Light","floor":8,"gold_loss":0,"cards_upgraded":["Infernal Blade","Defend_R"]},{"cards_removed":["Strike_R"],"damage_healed":0,"gold_gain":0,"player_choice":"Purged","damage_taken":0,"max_hp_gain":0,"max_hp_loss":0,"event_name":"Purifier","floor":11,"gold_loss":0},{"damage_healed":0,"gold_gain":0,"player_choice":"Obtain J.A.X.","damage_taken":0,"max_hp_gain":0,"max_hp_loss":0,"event_name":"Drug Dealer","floor":19,"gold_loss":0,"cards_obtained":["J.A.X."]},{"damage_healed":0,"gold_gain":0,"player_choice":"Joined the Cult","damage_taken":6,"max_hp_gain":0,"max_hp_loss":0,"event_name":"Nest","floor":22,"gold_loss":0,"cards_obtained":["RitualDagger"]},{"damage_healed":0,"gold_gain":0,"player_choice":"Stole Relic","damage_taken":0,"relics_obtained":["Smiling Mask"],"max_hp_gain":0,"max_hp_loss":0,"event_name":"Addict","floor":24,"gold_loss":0,"cards_obtained":["Shame"]},{"damage_healed":0,"gold_gain":0,"player_choice":"Shed Blood","damage_taken":20,"max_hp_gain":5,"max_hp_loss":0,"event_name":"Forgotten Altar","floor":29,"gold_loss":0},{"cards_removed":["Iron Wave"],"damage_healed":0,"gold_gain":0,"player_choice":"Gave Card","damage_taken":0,"relics_obtained":["Darkstone Periapt"],"max_hp_gain":0,"max_hp_loss":0,"event_name":"WeMeetAgain","floor":31,"gold_loss":0}],"is_beta":false,"boss_relics":[{"not_picked":["Runic Cube","Coffee Dripper"],"picked":"Busted Crown"}],"items_purged_floors":[21],"is_endless":false,"potions_floor_spawned":[1,3,12,14,18,28,30],"killed_by":"Champ","ascension_level":11}