{"gold_per_floor":[113,188,207,219,169,169,200,200,252,252,252,271,286,211,211,211],"floor_reached":16,"playtime":4831,"items_purged":["Strike_B"],"score":155,"play_id":"a1fddc30-bbf0-4265-b58e-ddac17793e1d","local_time":"20190202111507","is_ascension_mode":true,"campfire_choices":[{"data":"Zap","floor":6.0,"key":"SMITH"},{"floor":8.0,"key":"REST"},{"data":"Coolheaded","floor":11.0,"key":"SMITH"},{"floor":15.0,"key":"REST"}],"neow_cost":"NONE","seed_source_timestamp":0,"circlet_count":0,"master_deck":["AscendersBane","Strike_B","Strike_B","Strike_B","Defend_B","Defend_B","Defend_B","Defend_B","Zap+1","Coolheaded+1","Chill"],"special_seed":0,"relics":["Cracked Core","Happy Flower","Strawberry","Vajra"],"potions_floor_usage":[16],"damage_taken":[{"damage":0.0,"enemies":"2 Louse","floor":1.0,"turns":2.0},{"damage":7.0,"enemies":"Jaw Worm","floor":3.0,"turns":3.0},{"damage":0.0,"enemies":"Small Slimes","floor":4.0,"turns":2.0},{"damage":47.0,"enemies":"Gremlin Nob","floor":7.0,"turns":5.0},{"damage":0.0,"enemies":"2 Fungi Beasts","floor":12.0,"turns":3.0},{"damage":18.0,"enemies":"Gremlin Gang","floor":13.0,"turns":4.0},{"damage":36,"enemies":"Hexaghost","floor":16,"turns":11}],"seed_played":"-354041625807702204","potions_obtained":[{"floor":1.0,"key":"Fruit Juice"},{"floor":4.0,"key":"Poison Potion"},{"floor":7.0,"key":"SpeedPotion"},{"floor":12.0,"key":"Regen Potion"}],"is_trial":false,"path_per_floor":["M","?","M","M","?","R","E","R","T","?","R","M","M","$","R","B"],"character_chosen":"DEFECT","items_purchased":[],"campfire_rested":2,"item_purchase_floors":[],"current_hp_per_floor":[68,57,55,55,55,55,15,41,41,41,41,41,23,23,49,13],"gold":211,"neow_bonus":"RANDOM_COMMON_RELIC","is_prod":false,"is_daily":false,"chose_seed":false,"campfire_upgraded":2,"win_rate":0,"timestamp":1549134907,"path_taken":["M","?","M","M","?","R","E","R","T","?","R","M","M","?","R","BOSS"],"build_version":"2019-01-23","purchased_purges":1,"victory":false,"max_hp_per_floor":[75,75,80,80,80,80,87,87,87,87,87,87,87,87,87,87],"card_choices":[{"not_picked":["Aggregate","Sweeping Beam","Steam"],"picked":"SKIP","floor":1.0},{"not_picked":["Turbo","Genetic Algorithm"],"picked":"Coolheaded","floor":3.0},{"not_picked":["BootSequence","Conserve Battery"],"picked":"Chill","floor":4.0},{"not_picked":["Buffer","Amplify","Gash"],"picked":"SKIP","floor":7.0},{"not_picked":["Steam","Barrage","BootSequence"],"picked":"SKIP","floor":12.0},{"not_picked":["Consume","Compile Driver","Barrage"],"picked":"SKIP","floor":13.0}],"player_experience":842714,"relics_obtained":[{"floor":7.0,"key":"Strawberry"},{"floor":9.0,"key":"Vajra"}],"event_choices":[{"damage_healed":0.0,"max_hp_gain":0.0,"max_hp_loss":0.0,"gold_gain":75.0,"event_name":"World of Goop","player_choice":"Gather Gold","floor":2.0,"gold_loss":0.0,"damage_taken":11.0},{"cards_removed":["Dualcast"],"damage_healed":0.0,"max_hp_gain":0.0,"max_hp_loss":0.0,"gold_gain":0.0,"event_name":"The Cleric","player_choice":"Card Removal","floor":5.0,"gold_loss":50.0,"damage_taken":0.0},{"damage_healed":0.0,"max_hp_gain":0.0,"max_hp_loss":0.0,"gold_gain":0.0,"event_name":"Dead Adventurer","player_choice":"Searched \u00270\u0027 times","floor":10.0,"gold_loss":0.0,"damage_taken":0.0}],"is_beta":false,"boss_relics":[],"items_purged_floors":[14],"is_endless":false,"potions_floor_spawned":[1,4,7,12],"killed_by":"Hexaghost","ascension_level":11}