{"gold_per_floor":[115,128,144,108,183,213,30,59,59,34,52,52,67,87,87,191,191,206,226,58,70,83,83,95,95,151,151],"floor_reached":27,"playtime":1784,"items_purged":[],"score":284,"play_id":"bbb6dab0-aedf-4b14-b021-40796769d93f","local_time":"20180903161312","is_ascension_mode":true,"campfire_choices":[{"floor":15,"key":"REST"},{"floor":23,"key":"REST"},{"floor":25,"key":"REST"}],"neow_cost":"NONE","seed_source_timestamp":1589678021603132,"circlet_count":0,"master_deck":["Strike_R","Strike_R","Strike_R","Strike_R","Defend_R","Defend_R","Defend_R","Defend_R","Bash","Metallicize","Thunderclap","Sever Soul","Shrug It Off","Corruption","Feel No Pain","Ghostly Armor","Feed","Warcry","Infernal Blade","Rampage","Clothesline","Dark Embrace","Ghostly Armor+1","Whirlwind","Havoc","Shockwave","True Grit","Wild Strike"],"relics":["Black Blood","Bottled Lightning","Lantern","Nunchaku","Turnip","The Courier","Anchor","Tiny Chest"],"potions_floor_usage":[6,11,16,27],"damage_taken":[{"damage":8,"enemies":"Jaw Worm","floor":1,"turns":5},{"damage":6,"enemies":"Cultist","floor":2,"turns":5},{"damage":4,"enemies":"Small Slimes","floor":3,"turns":4},{"damage":32,"enemies":"Gremlin Nob","floor":6,"turns":4},{"damage":16,"enemies":"3 Sentries","floor":8,"turns":13},{"damage":35,"enemies":"Exordium Thugs","floor":11,"turns":9},{"damage":3,"enemies":"Blue Slaver","floor":13,"turns":5},{"damage":0,"enemies":"Red Slaver","floor":14,"turns":6},{"damage":40,"enemies":"Slime Boss","floor":16,"turns":15},{"damage":30,"enemies":"Spheric Guardian","floor":18,"turns":6},{"damage":5,"enemies":"3 Byrds","floor":19,"turns":8},{"damage":23,"enemies":"Shelled Parasite and Fungi","floor":21,"turns":9},{"damage":7,"enemies":"Snecko","floor":22,"turns":5},{"damage":44,"enemies":"3 Cultists","floor":24,"turns":7},{"damage":76,"enemies":"Book of Stabbing","floor":27,"turns":7}],"seed_played":"-9184823183969730830","potions_obtained":[{"floor":2,"key":"Regen Potion"},{"floor":6,"key":"Swift Potion"},{"floor":14,"key":"Swift Potion"},{"floor":19,"key":"BloodPotion"},{"floor":22,"key":"EntropicBrew"}],"is_trial":false,"path_per_floor":["M","M","M","$","?","E","$","E","T","$","M","T","M","M","R","B",null,"M","M","$","M","M","R","M","R","T"],"character_chosen":"IRONCLAD","items_purchased":["Corruption","Ghostly Armor","Lantern","Warcry","Havoc","Anchor"],"campfire_rested":3,"item_purchase_floors":[4,7,7,10,20,20],"current_hp_per_floor":[78,78,80,80,72,51,51,41,41,41,12,12,15,25,49,15,64,44,58,58,45,48,72,41,66,66,0],"gold":151,"neow_bonus":"TRANSFORM_CARD","is_prod":false,"is_daily":false,"chose_seed":false,"campfire_upgraded":0,"win_rate":0,"timestamp":1536016392,"path_taken":["M","M","M","$","?","E","?","E","T","$","M","?","M","M","R","BOSS","M","M","$","M","M","R","M","R","T","E"],"build_version":"2018-08-30","purchased_purges":0,"victory":false,"max_hp_per_floor":[80,80,80,80,80,80,80,80,80,80,80,80,80,80,80,80,80,80,83,83,83,83,83,86,86,86,86],"card_choices":[{"not_picked":["Armaments","Sentinel"],"picked":"Thunderclap","floor":1},{"not_picked":["Thunderclap","Headbutt"],"picked":"Sever Soul","floor":2},{"not_picked":["Searing Blow","Rupture"],"picked":"Shrug It Off","floor":3},{"not_picked":["Twin Strike","Anger"],"picked":"Feel No Pain","floor":6},{"not_picked":["Twin Strike","Whirlwind"],"picked":"Feed","floor":8},{"not_picked":["Twin Strike","Rupture"],"picked":"Infernal Blade","floor":11},{"not_picked":["Power Through","Shrug It Off"],"picked":"Rampage","floor":13},{"not_picked":["Sword Boomerang","Wild Strike"],"picked":"Clothesline","floor":14},{"not_picked":["Berserk","Double Tap"],"picked":"Dark Embrace","floor":16},{"not_picked":["Bloodletting","Seeing Red+1"],"picked":"Ghostly Armor+1","floor":18},{"not_picked":["Carnage","Perfected Strike"],"picked":"Whirlwind","floor":19},{"not_picked":["Rampage","Disarm+1"],"picked":"Shockwave","floor":21},{"not_picked":["Pommel Strike","Bloodletting"],"picked":"True Grit","floor":22},{"not_picked":["Pommel Strike","Clothesline"],"picked":"Wild Strike","floor":24}],"player_experience":333182,"relics_obtained":[{"floor":6,"key":"Bottled Lightning"},{"floor":8,"key":"Nunchaku"},{"floor":9,"key":"Turnip"},{"floor":12,"key":"The Courier"},{"floor":26,"key":"Tiny Chest"}],"event_choices":[{"event_name":"FaceTrader","player_choice":"Touch","floor":5,"damage_taken":0}],"is_beta":false,"boss_relics":[{"not_picked":["Ectoplasm","Mark of Pain"],"picked":"Black Blood"}],"items_purged_floors":[],"is_endless":false,"potions_floor_spawned":[2,6,14,19,22],"killed_by":"Book of Stabbing","ascension_level":5}