{"path_per_floor":["M","$","M","M","M","R","E","R","T","M","?","?","?","M","R","B",null,"M","$","M","?","M","R","M","R","T","M","?","E","?","M","R","B",null,"M","M","M","?","M","R"],"character_chosen":"DEFECT","items_purchased":["Capacitor"],"gold_per_floor":[114,42,56,67,81,81,116,116,141,154,154,154,154,169,169,272,272,287,212,226,226,243,243,263,263,263,278,278,311,311,323,323,428,428,441,451,466,466,483,483,483],"floor_reached":41,"campfire_rested":3,"playtime":10471,"item_purchase_floors":[],"current_hp_per_floor":[81,81,81,77,77,77,70,70,70,56,49,37,37,37,37,27,68,55,55,52,52,39,39,8,32,32,39,39,24,24,23,47,18,66,60,49,28,28,35,59,0],"items_purged":["Defend_B"],"gold":483,"score":521,"play_id":"4fcb0f47-9e5c-4897-a1e5-f043fa65a4ed","local_time":"20180617143807","is_prod":false,"is_daily":false,"chose_seed":false,"is_ascension_mode":true,"campfire_upgraded":4,"win_rate":0,"timestamp":1529271487,"campfire_choices":[{"data":"Zap","floor":6.0,"key":"SMITH"},{"data":"Coolheaded","floor":8.0,"key":"SMITH"},{"data":"Hologram","floor":15.0,"key":"SMITH"},{"data":"Rainbow","floor":23,"key":"SMITH"},{"floor":25,"key":"REST"},{"floor":32,"key":"REST"},{"floor":40,"key":"REST"}],"path_taken":["M","$","M","M","M","R","E","R","T","?","?","?","?","M","R","BOSS","M","$","M","?","?","R","M","R","T","M","?","E","?","M","R","BOSS","M","M","M","?","M","R","E"],"build_version":"2018-06-14v2","seed_source_timestamp":0,"purchased_purges":1,"victory":false,"master_deck":["Strike_B+1","Defend_B","Defend_B","Defend_B","Zap+1","Chill","Capacitor","Leap","Blizzard+1","Coolheaded+1","Hologram+1","Rainbow+1","Chaos+1","Consume+1","Blizzard+1","Beam Cell+1","Self Repair","Buffer","Glacier","Skim","Hologram+1","Panacea"],"max_hp_per_floor":[82,82,82,82,82,82,82,82,82,82,82,82,82,82,82,82,82,82,82,82,82,82,82,82,82,82,82,82,82,82,82,82,82,82,82,82,82,82,82,82,82],"special_seed":0,"relics":["Cracked Core","Vajra","Whetstone","Bronze Scales","Astrolabe","Pantograph","Bottled Lightning","Orrery"],"card_choices":[{"not_picked":["Stack","Auto Shields"],"picked":"Chill","floor":1.0},{"not_picked":["Steam","Capacitor"],"picked":"Leap","floor":3.0},{"not_picked":["Redo","Stack"],"picked":"Blizzard","floor":4.0},{"not_picked":["Streamline","Leap","Biased Cognition"],"picked":"SKIP","floor":5.0},{"not_picked":["Aggregate","Chill"],"picked":"Coolheaded","floor":7.0},{"not_picked":["Redo","Streamline","Melter"],"picked":"SKIP","floor":10.0},{"not_picked":["Sunder","Meteor Strike"],"picked":"Hologram","floor":14.0},{"not_picked":["Creative AI","Thunder Strike"],"picked":"Rainbow","floor":16.0},{"not_picked":["Conserve Battery","Consume","Streamline"],"picked":"SKIP","floor":18},{"not_picked":["Turbo","Melter"],"picked":"Beam Cell+1","floor":20},{"not_picked":["Streamline+1","Redo"],"picked":"Self Repair","floor":22},{"not_picked":["Redo","Go for the Eyes+1","Recycle"],"picked":"SKIP","floor":24},{"not_picked":["Buffer","Ball Lightning","Redo+1"],"picked":"SKIP","floor":27},{"not_picked":["Ball Lightning","Redo+1"],"picked":"Buffer","floor":27},{"not_picked":["Defragment","Turbo","Reboot"],"picked":"SKIP","floor":29},{"not_picked":["Double Energy","Go for the Eyes+1","Ball Lightning"],"picked":"SKIP","floor":31},{"not_picked":["Genetic Algorithm","Go for the Eyes"],"picked":"Skim","floor":34},{"not_picked":["Force Field","Melter+1"],"picked":"Hologram+1","floor":34},{"not_picked":["Streamline","Barrage","Beam Cell"],"picked":"SKIP","floor":35},{"not_picked":["Hologram+1","Turbo","Redo"],"picked":"SKIP","floor":36},{"not_picked":["Rainbow","Streamline","Go for the Eyes+1"],"picked":"SKIP","floor":37},{"not_picked":["Consume","Reprogram+1","Conserve Battery+1"],"picked":"SKIP","floor":39}],"player_experience":541855,"potions_floor_usage":[],"damage_taken":[{"damage":1.0,"enemies":"Cultist","floor":1.0,"turns":3.0},{"damage":0.0,"enemies":"Jaw Worm","floor":3.0,"turns":4.0},{"damage":4.0,"enemies":"Small Slimes","floor":4.0,"turns":3.0},{"damage":0.0,"enemies":"2 Fungi Beasts","floor":5.0,"turns":3.0},{"damage":7.0,"enemies":"3 Sentries","floor":7.0,"turns":7.0},{"damage":14.0,"enemies":"Exordium Wildlife","floor":10.0,"turns":6.0},{"damage":0.0,"enemies":"Large Slime","floor":14.0,"turns":4.0},{"damage":10.0,"enemies":"Slime Boss","floor":16.0,"turns":10.0},{"damage":13,"enemies":"Spheric Guardian","floor":18,"turns":5},{"damage":3,"enemies":"Chosen","floor":20,"turns":6},{"damage":13,"enemies":"Centurion and Healer","floor":22,"turns":7},{"damage":38,"enemies":"Cultist and Chosen","floor":24,"turns":6},{"damage":0,"enemies":"3 Cultists","floor":27,"turns":4},{"damage":22,"enemies":"Slavers","floor":29,"turns":5},{"damage":8,"enemies":"Centurion and Healer","floor":31,"turns":8},{"damage":61,"enemies":"Collector","floor":33,"turns":10},{"damage":6,"enemies":"3 Shapes","floor":35,"turns":6},{"damage":11,"enemies":"Orb Walker","floor":36,"turns":5},{"damage":28,"enemies":"4 Shapes","floor":37,"turns":8},{"damage":0,"enemies":"Maw","floor":39,"turns":9},{"damage":77,"enemies":"2 Orb Walkers","floor":41,"turns":4}],"relics_obtained":[{"floor":7.0,"key":"Vajra"},{"floor":9.0,"key":"Whetstone"},{"floor":26,"key":"Pantograph"},{"floor":29,"key":"Bottled Lightning"}],"event_choices":[{"event_name":"Golden Wing","player_choice":"Card Removal","floor":11.0,"damage_taken":0.0},{"event_name":"Scrap Ooze","player_choice":"success","floor":12.0,"damage_taken":12.0},{"event_name":"Golden Idol","player_choice":"Ignored","floor":13.0,"damage_taken":0.0},{"event_name":"Drug Dealer","player_choice":"Ignored","floor":21,"damage_taken":0},{"event_name":"The Library","player_choice":"Read","floor":28,"damage_taken":0},{"event_name":"Accursed Blacksmith","player_choice":"Ignore","floor":30,"damage_taken":0},{"event_name":"Match and Keep!","player_choice":"1 cards matched","floor":38,"damage_taken":0}],"boss_relics":[{"not_picked":["Philosopher\u0027s Stone","Ectoplasm"],"picked":"Astrolabe"},{"not_picked":["Fusion Hammer","Tiny House"],"picked":"Orrery"}],"items_purged_floors":[19],"is_endless":false,"potions_floor_spawned":[1,5,14,22,24,29],"seed_played":"-4190211744834686498","killed_by":"2 Orb Walkers","ascension_level":5,"potions_obtained":[{"floor":1.0,"key":"Swift Potion"},{"floor":5.0,"key":"SteroidPotion"},{"floor":14.0,"key":"Fire Potion"},{"floor":22,"key":"FairyPotion"},{"floor":24,"key":"FearPotion"}],"is_trial":false}