{"path_per_floor":["M","M","M","$","M","E","R","M","T","?","M","R","M","?","R","B",null,"M","$","M","M","M","R","E","R","T","$","M","?","?","M","R"],"character_chosen":"THE_SILENT","items_purchased":["Bouncing Flask","Finisher","Bag of Preparation"],"gold_per_floor":[111,127,143,1,16,43,43,59,59,59,75,75,86,51,51,151,151,167,99,113,129,145,145,178,178,178,23,42,142,142,158,158,158],"floor_reached":33,"campfire_rested":2,"playtime":2362,"current_hp_per_floor":[70,69,62,62,61,48,48,41,41,41,38,38,37,54,70,35,70,68,68,68,52,52,70,41,41,41,41,40,40,40,42,42,0],"items_purged":["Strike_G"],"gold":158,"score":296,"play_id":"42aa6b97-c3a8-4a63-a8ff-a0bb6695eccf","local_time":"20180429232511","is_prod":false,"is_daily":false,"chose_seed":false,"is_ascension_mode":false,"campfire_upgraded":4,"timestamp":1525069511,"path_taken":["M","M","M","$","M","E","R","M","T","?","M","R","?","?","R","BOSS","M","?","M","M","M","R","E","R","T","$","M","?","?","M","R","BOSS"],"build_version":"2018-04-27v3","seed_source_timestamp":375089680795541,"purchased_purges":1,"victory":false,"master_deck":["Defend_G","Defend_G","Defend_G","Defend_G","Defend_G","Survivor","Neutralize+1","Bouncing Flask","Flying Knee","Backflip","Bouncing Flask","Quick Slash","Bullet Time+1","Envenom","PiercingWail","Escape Plan","A Thousand Cuts","Poisoned Stab","Burst","Choke+1","Finisher","Outmaneuver","Choke+1","Phantasmal Killer","Bite","Bite","Bite","Bite","Bite","Predator"],"max_hp_per_floor":[70,70,70,70,70,70,70,70,70,70,70,70,70,70,70,70,70,70,70,70,70,70,70,70,70,70,70,70,70,49,49,49,49],"relics":["Ring of the Snake","Toolbox","Dream Catcher","Snecko Eye","Pen Nib","Tough Bandages","Bag of Preparation"],"card_choices":[{"not_picked":["Slice","Flying Knee"],"picked":"Bouncing Flask","floor":1},{"not_picked":["Sucker Punch","Acrobatics"],"picked":"Flying Knee","floor":2},{"not_picked":["Distraction","Quick Slash"],"picked":"Backflip","floor":3},{"not_picked":["Expertise","Outmaneuver"],"picked":"Quick Slash","floor":5},{"not_picked":["Acrobatics","Noxious Fumes"],"picked":"Bullet Time","floor":6},{"not_picked":["Leg Sweep","Acrobatics"],"picked":"Escape Plan","floor":11},{"not_picked":["Expertise","Dagger Throw"],"picked":"A Thousand Cuts","floor":13},{"not_picked":["Dagger Spray","Outmaneuver"],"picked":"Poisoned Stab","floor":15},{"not_picked":["Glass Knife","Tools of the Trade"],"picked":"Burst","floor":16},{"not_picked":["Quick Slash","Sucker Punch"],"picked":"Choke","floor":18},{"not_picked":["Caltrops","Dodge and Roll"],"picked":"Outmaneuver","floor":20},{"not_picked":["Slice","Prepared"],"picked":"Choke","floor":21},{"not_picked":["Poisoned Stab","Backflip"],"picked":"Phantasmal Killer","floor":23},{"not_picked":["Footwork","Deadly Poison"],"picked":"Predator","floor":31}],"player_experience":2344,"potions_floor_usage":[6,21,28,33,33,33],"damage_taken":[{"damage":0,"enemies":"Jaw Worm","floor":1,"turns":4},{"damage":1,"enemies":"Cultist","floor":2,"turns":4},{"damage":7,"enemies":"Small Slimes","floor":3,"turns":5},{"damage":1,"enemies":"3 Louse","floor":5,"turns":6},{"damage":13,"enemies":"Gremlin Nob","floor":6,"turns":5},{"damage":7,"enemies":"Exordium Thugs","floor":8,"turns":3},{"damage":3,"enemies":"Blue Slaver","floor":11,"turns":4},{"damage":1,"enemies":"2 Fungi Beasts","floor":13,"turns":4},{"damage":35,"enemies":"Hexaghost","floor":16,"turns":7},{"damage":2,"enemies":"Spheric Guardian","floor":18,"turns":3},{"damage":0,"enemies":"2 Thieves","floor":20,"turns":3},{"damage":16,"enemies":"Snake Plant","floor":21,"turns":5},{"damage":0,"enemies":"Snecko","floor":22,"turns":2},{"damage":29,"enemies":"Slavers","floor":24,"turns":4},{"damage":1,"enemies":"Slaver and Parasite","floor":28,"turns":2},{"damage":0,"enemies":"Snake Plant","floor":31,"turns":2},{"damage":75,"enemies":"Automaton","floor":33,"turns":6}],"event_choices":[{"event_name":"Match and Keep!","player_choice":"2 cards matched","floor":10,"damage_taken":0},{"event_name":"The Cleric","player_choice":"Healed","floor":14,"damage_taken":0},{"event_name":"Golden Shrine","player_choice":"Pray","floor":29,"damage_taken":0},{"event_name":"Vampires","player_choice":"Became a vampire","floor":30,"damage_taken":0}],"boss_relics":[{"not_picked":["White Beast Statue","Sozu"],"picked":"Snecko Eye"}],"potions_floor_spawned":[2,3,5,16,20,24,28,31],"seed_played":"-280055727152726239","killed_by":"Automaton","ascension_level":0,"is_trial":false}