{"gold_per_floor":[119,129,141,153,78,103,103,117,117,180,180,200,229,246,246,347,347,363,66,66,76,11,36,52,87,87,104,123,123,151,76,76,180,180,197,197,197,3,0,34,34,54,107,155,155,105,105,121,121,121,121,121,71,99,99],"floor_reached":55,"playtime":3385,"items_purged":["Strike_G","Writhe","Strike_G","Defend_G"],"score":830,"play_id":"81f91cb9-31af-4a9c-bc39-11369a77ba5d","local_time":"20190726171448","is_ascension_mode":true,"campfire_choices":[{"floor":7,"key":"REST"},{"floor":11,"key":"REST"},{"data":"Wraith Form v2","floor":15,"key":"SMITH"},{"floor":29,"key":"REST"},{"floor":32,"key":"REST"},{"floor":41,"key":"RECALL"},{"data":"Catalyst","floor":47,"key":"SMITH"},{"data":"After Image","floor":49,"key":"SMITH"},{"data":"Adrenaline","floor":52,"key":"SMITH"}],"neow_cost":"NONE","seed_source_timestamp":68421850672700,"circlet_count":0,"master_deck":["Strike_G","Strike_G","Defend_G","Defend_G","Defend_G","Defend_G","Survivor","Neutralize","Adrenaline","Poisoned Stab","Sucker Punch","Deadly Poison","Wraith Form v2+1","Adrenaline+1","Quick Slash","After Image+1","Crippling Poison","Deadly Poison+1","Noxious Fumes+1","Backflip","Bouncing Flask+1","Dodge and Roll+1","Leg Sweep+1","Corpse Explosion","Backflip+1","Catalyst+1","Backflip+1","Tools of the Trade"],"relics":["Ring of the Snake","Pen Nib","Blood Vial","Snake Skull","Matryoshka","Sozu","The Specimen","Ice Cream","Bottled Lightning","Gremlin Horn","Smiling Mask","Anchor","Regal Pillow","Red Mask","Girya","Happy Flower","Dream Catcher","Gambling Chip","Art of War"],"potions_floor_usage":[10,13,16,16,16],"damage_taken":[{"damage":5,"enemies":"Jaw Worm","floor":1,"turns":4},{"damage":0,"enemies":"Small Slimes","floor":2,"turns":3},{"damage":0,"enemies":"Cultist","floor":3,"turns":3},{"damage":4,"enemies":"3 Louse","floor":4,"turns":3},{"damage":51,"enemies":"Gremlin Nob","floor":6,"turns":6},{"damage":5,"enemies":"Looter","floor":8,"turns":3},{"damage":3,"enemies":"Lagavulin Event","floor":10,"turns":6},{"damage":0,"enemies":"Large Slime","floor":12,"turns":4},{"damage":0,"enemies":"3 Sentries","floor":13,"turns":6},{"damage":0,"enemies":"Blue Slaver","floor":14,"turns":2},{"damage":53,"enemies":"Hexaghost","floor":16,"turns":10},{"damage":1,"enemies":"Chosen","floor":18,"turns":3},{"damage":7,"enemies":"2 Thieves","floor":21,"turns":4},{"damage":11,"enemies":"Gremlin Leader","floor":23,"turns":5},{"damage":0,"enemies":"Centurion and Healer","floor":24,"turns":4},{"damage":27,"enemies":"Book of Stabbing","floor":25,"turns":6},{"damage":22,"enemies":"Shelled Parasite and Fungi","floor":27,"turns":4},{"damage":3,"enemies":"Snake Plant","floor":28,"turns":3},{"damage":11,"enemies":"Slavers","floor":30,"turns":4},{"damage":7,"enemies":"Automaton","floor":33,"turns":7},{"damage":1,"enemies":"3 Shapes","floor":35,"turns":3},{"damage":0,"enemies":"Reptomancer","floor":40,"turns":5},{"damage":0,"enemies":"3 Darklings","floor":42,"turns":2},{"damage":2,"enemies":"2 Orb Walkers","floor":44,"turns":3},{"damage":0,"enemies":"Spire Growth","floor":48,"turns":3},{"damage":16,"enemies":"Time Eater","floor":50,"turns":7},{"damage":3,"enemies":"Shield and Spear","floor":54,"turns":5},{"damage":69,"enemies":"The Heart","floor":55,"turns":6}],"seed_played":"-6876434806931676698","potions_obtained":[{"floor":6,"key":"SneckoOil"},{"floor":8,"key":"EssenceOfSteel"},{"floor":10,"key":"SpeedPotion"},{"floor":12,"key":"EssenceOfSteel"},{"floor":13,"key":"SpeedPotion"}],"is_trial":false,"path_per_floor":["M","M","M","M","$","E","R","M","T","?","R","M","E","M","R","B",null,"M","$","?","M","?","E","M","E","T","M","M","R","E","?","R","B",null,"M","?","?","$","?","E","R","M","T","?","?","$","R","M","R","B",null,"R","$","E","B"],"character_chosen":"THE_SILENT","items_purchased":["The Specimen","Regal Pillow"],"campfire_rested":4,"item_purchase_floors":[19,38],"current_hp_per_floor":[65,65,65,61,61,10,31,26,26,25,46,48,50,52,52,1,70,69,69,69,63,63,54,56,31,31,11,10,31,22,22,43,38,70,69,70,70,70,70,70,70,70,70,68,68,68,68,70,70,54,70,70,70,67,0],"gold":99,"neow_bonus":"ONE_RANDOM_RARE_CARD","is_prod":false,"is_daily":false,"chose_seed":false,"campfire_upgraded":4,"win_rate":0,"timestamp":1564186488,"path_taken":["M","M","M","M","$","E","R","M","T","?","R","M","E","M","R","BOSS","M","$","?","M","?","E","M","E","T","?","M","R","E","?","R","BOSS","M","?","?","$","?","E","R","M","T","?","?","$","R","?","R","BOSS","R","$","E","BOSS"],"build_version":"2019-07-18","purchased_purges":4,"victory":false,"max_hp_per_floor":[70,70,70,70,70,70,70,70,70,70,70,70,70,70,70,70,70,70,70,70,70,70,70,70,70,70,70,70,70,70,70,70,70,70,70,70,70,70,70,70,70,70,70,70,70,70,70,70,70,70,70,70,70,70,70],"card_choices":[{"not_picked":["Slice","Choke"],"picked":"Poisoned Stab","floor":1},{"not_picked":["PiercingWail","Deflect"],"picked":"Sucker Punch","floor":2},{"not_picked":["PiercingWail","Blade Dance"],"picked":"Deadly Poison","floor":3},{"not_picked":["Dagger Spray","PiercingWail"],"picked":"Wraith Form v2","floor":4},{"not_picked":["Heel Hook","Blade Dance"],"picked":"Adrenaline","floor":6},{"not_picked":["Prepared","Flying Knee","Choke"],"picked":"SKIP","floor":8},{"not_picked":["Flechettes","Prepared"],"picked":"Quick Slash","floor":10},{"not_picked":["Choke","Acrobatics"],"picked":"Dagger Throw","floor":12},{"not_picked":["Flying Knee","Blade Dance","Concentrate"],"picked":"SKIP","floor":13},{"not_picked":["Tactician","Quick Slash","Sucker Punch"],"picked":"SKIP","floor":14},{"not_picked":["Die Die Die","Venomology"],"picked":"After Image","floor":16},{"not_picked":["Acrobatics","Sucker Punch"],"picked":"Crippling Poison","floor":18},{"not_picked":["Quick Slash","Dagger Throw"],"picked":"Deadly Poison+1","floor":21},{"not_picked":["Backflip","Reflex"],"picked":"Noxious Fumes+1","floor":23},{"not_picked":["Dash","PiercingWail"],"picked":"Backflip","floor":24},{"not_picked":["Calculated Gamble","Backstab+1"],"picked":"Bouncing Flask+1","floor":25},{"not_picked":["Infinite Blades","Noxious Fumes"],"picked":"Dodge and Roll+1","floor":27},{"not_picked":["Malaise","Accuracy"],"picked":"Leg Sweep+1","floor":28},{"not_picked":["Bullet Time","Slice","Dagger Spray+1"],"picked":"SKIP","floor":30},{"not_picked":["Grand Finale","Phantasmal Killer"],"picked":"Corpse Explosion","floor":33},{"not_picked":["Deadly Poison+1","Calculated Gamble"],"picked":"Backflip+1","floor":35},{"not_picked":["Masterful Stab+1","Terror"],"picked":"Catalyst","floor":40},{"not_picked":["Dagger Throw+1","Dagger Spray","Poisoned Stab"],"picked":"SKIP","floor":42},{"not_picked":["Heel Hook","Choke"],"picked":"Backflip+1","floor":48},{"not_picked":["Tactician+1","PiercingWail+1"],"picked":"Tools of the Trade","floor":54}],"player_experience":1325372,"relics_obtained":[{"floor":6,"key":"Pen Nib"},{"floor":9,"key":"Blood Vial"},{"floor":10,"key":"Snake Skull"},{"floor":13,"key":"Matryoshka"},{"floor":23,"key":"Bottled Lightning"},{"floor":25,"key":"Gremlin Horn"},{"floor":26,"key":"Smiling Mask"},{"floor":30,"key":"Anchor"},{"floor":40,"key":"Girya"},{"floor":43,"key":"Happy Flower"},{"floor":43,"key":"Dream Catcher"},{"floor":44,"key":"Gambling Chip"},{"floor":54,"key":"Art of War"}],"event_choices":[{"damage_healed":0,"gold_gain":0,"player_choice":"Searched \u00271\u0027 times","damage_taken":0,"max_hp_gain":0,"max_hp_loss":0,"event_name":"Dead Adventurer","floor":10,"gold_loss":0},{"damage_healed":0,"gold_gain":0,"player_choice":"Ignored","damage_taken":0,"max_hp_gain":0,"max_hp_loss":0,"event_name":"Cursed Tome","floor":20,"gold_loss":0},{"damage_healed":0,"gold_gain":0,"player_choice":"Paid Gold","damage_taken":0,"relics_obtained":["Ice Cream"],"max_hp_gain":0,"max_hp_loss":0,"event_name":"WeMeetAgain","floor":22,"gold_loss":65},{"cards_removed":["Strike_G"],"damage_healed":0,"gold_gain":0,"player_choice":"Gave Gold","damage_taken":0,"max_hp_gain":0,"max_hp_loss":0,"event_name":"Beggar","floor":31,"gold_loss":75},{"damage_healed":18,"gold_gain":0,"player_choice":"Writhe","damage_taken":0,"max_hp_gain":0,"max_hp_loss":0,"event_name":"Winding Halls","floor":36,"gold_loss":0,"cards_obtained":["Writhe"]},{"damage_healed":0,"gold_gain":0,"player_choice":"Memory 1","damage_taken":0,"max_hp_gain":0,"max_hp_loss":0,"event_name":"SensoryStone","floor":37,"gold_loss":0},{"damage_healed":0,"gold_gain":0,"player_choice":"Paid","damage_taken":0,"relics_obtained":["Red Mask"],"max_hp_gain":0,"max_hp_loss":0,"event_name":"Tomb of Lord Red Mask","floor":39,"gold_loss":3},{"damage_healed":0,"gold_gain":0,"player_choice":"Fight","damage_taken":0,"max_hp_gain":0,"max_hp_loss":0,"event_name":"Mysterious Sphere","floor":44,"gold_loss":0},{"cards_removed":["Dagger Throw"],"damage_healed":0,"gold_gain":0,"player_choice":"Removed Attack","damage_taken":0,"max_hp_gain":0,"max_hp_loss":0,"event_name":"Falling","floor":45,"gold_loss":0}],"is_beta":true,"boss_relics":[{"not_picked":["White Beast Statue","Busted Crown"],"picked":"Sozu"},{"not_picked":["Coffee Dripper","Snecko Eye","HoveringKite"]}],"items_purged_floors":[5,38,46,53],"is_endless":false,"potions_floor_spawned":[6,8,10,12,13,14,18,24,27,42,44],"killed_by":"The Heart","ascension_level":1}