{"gold_per_floor":[115,65,76,76,94,94,123,123,123,123,133,164,177,197,197,297,297,313,333,346,361,361,361,395,395,443,462,462,474,474,503,503,604,604,622,327,339,354,374,374,405,405,405,405,130,130,143,157,157,157],"floor_reached":51,"playtime":2192,"items_purged":["Corruption+1"],"score":1122,"play_id":"9bacb115-835a-4491-b73e-19ea1afba3c1","local_time":"20181221210720","is_ascension_mode":true,"campfire_choices":[{"data":"Perfected Strike","floor":6,"key":"SMITH"},{"data":"Spot Weakness","floor":8,"key":"SMITH"},{"data":"Ghostly Armor","floor":10,"key":"SMITH"},{"floor":15,"key":"REST"},{"floor":23,"key":"REST"},{"data":"1","floor":25,"key":"LIFT"},{"floor":28,"key":"REST"},{"data":"2","floor":32,"key":"LIFT"},{"floor":40,"key":"REST"},{"data":"3","floor":42,"key":"LIFT"},{"data":"Rage","floor":44,"key":"SMITH"},{"data":"Bash","floor":46,"key":"SMITH"},{"floor":49,"key":"REST"}],"neow_cost":"NONE","seed_source_timestamp":96509982182188,"circlet_count":0,"master_deck":["AscendersBane","Strike_R","Strike_R","Strike_R+1","Strike_R","Strike_R+1","Defend_R","Defend_R","Defend_R","Bash+1","Perfected Strike+1","Ghostly Armor+1","Spot Weakness+1","Infernal Blade","Pummel+1","Twin Strike+1","Rage+1","Battle Trance","Uppercut+1","Feed+1","Headbutt+1","Iron Wave+1","Metallicize","Perfected Strike+1","Pommel Strike+1","Finesse","Pommel Strike+1","Pommel Strike+1"],"relics":["Burning Blood","Molten Egg 2","Happy Flower","Boot","Busted Crown","Girya","Regal Pillow","Bird Faced Urn","Runic Pyramid","Whetstone","Centennial Puzzle","Red Skull","Bag of Marbles"],"potions_floor_usage":[7,21,24,35,39,39,50],"damage_taken":[{"damage":3,"enemies":"Jaw Worm","floor":1,"turns":4},{"damage":7,"enemies":"Small Slimes","floor":3,"turns":4},{"damage":0,"enemies":"Cultist","floor":5,"turns":4},{"damage":18,"enemies":"3 Sentries","floor":7,"turns":9},{"damage":2,"enemies":"Exordium Wildlife","floor":11,"turns":4},{"damage":30,"enemies":"Lagavulin","floor":12,"turns":6},{"damage":0,"enemies":"Blue Slaver","floor":13,"turns":3},{"damage":6,"enemies":"3 Louse","floor":14,"turns":4},{"damage":7,"enemies":"Slime Boss","floor":16,"turns":6},{"damage":0,"enemies":"Shell Parasite","floor":18,"turns":2},{"damage":6,"enemies":"Spheric Guardian","floor":19,"turns":3},{"damage":25,"enemies":"Snake Plant","floor":20,"turns":3},{"damage":17,"enemies":"Shelled Parasite and Fungi","floor":21,"turns":3},{"damage":23,"enemies":"Slavers","floor":24,"turns":4},{"damage":19,"enemies":"Sentry and Sphere","floor":27,"turns":5},{"damage":8,"enemies":"Snecko","floor":29,"turns":3},{"damage":15,"enemies":"Gremlin Leader","floor":31,"turns":6},{"damage":68,"enemies":"Champ","floor":33,"turns":7},{"damage":4,"enemies":"3 Shapes","floor":35,"turns":3},{"damage":9,"enemies":"Orb Walker","floor":37,"turns":2},{"damage":21,"enemies":"3 Darklings","floor":38,"turns":5},{"damage":25,"enemies":"Spire Growth","floor":39,"turns":4},{"damage":18,"enemies":"Nemesis","floor":41,"turns":5},{"damage":3,"enemies":"4 Shapes","floor":47,"turns":4},{"damage":32,"enemies":"Jaw Worm Horde","floor":48,"turns":2},{"damage":130,"enemies":"Time Eater","floor":50,"turns":10}],"seed_played":"7496982854879368457","potions_obtained":[{"floor":1,"key":"Swift Potion"},{"floor":4,"key":"Dexterity Potion"},{"floor":4,"key":"FairyPotion"},{"floor":11,"key":"SkillPotion"},{"floor":13,"key":"PowerPotion"},{"floor":21,"key":"GamblersBrew"},{"floor":24,"key":"Fire Potion"},{"floor":29,"key":"Dexterity Potion"},{"floor":37,"key":"AttackPotion"},{"floor":41,"key":"AttackPotion"},{"floor":47,"key":"GamblersBrew"}],"is_trial":false,"path_per_floor":["M","?","M","?","M","R","E","R","T","R","M","E","M","M","R","B",null,"M","M","M","M","$","R","E","R","T","M","R","M","?","E","R","B",null,"M","$","M","M","M","R","E","R","T","R","$","R","M","M","R","B",null],"character_chosen":"IRONCLAD","items_purchased":["Whetstone","Finesse","Pommel Strike+1","Pommel Strike+1","Bag of Marbles"],"campfire_rested":5,"item_purchase_floors":[36,36,36,45,45],"current_hp_per_floor":[75,75,74,74,80,80,68,68,68,68,72,48,54,54,78,77,79,80,80,61,50,50,74,57,57,57,48,84,86,86,77,77,17,70,78,78,75,68,57,100,96,96,96,96,96,96,105,83,112,17],"gold":157,"neow_bonus":"THREE_CARDS","is_prod":false,"is_daily":false,"chose_seed":false,"campfire_upgraded":5,"win_rate":0,"timestamp":1545455240,"path_taken":["M","?","M","?","M","R","E","R","T","R","?","E","M","M","R","BOSS","M","M","M","M","$","R","E","R","T","M","R","M","?","E","R","BOSS","M","$","M","M","M","R","E","R","T","R","$","R","M","M","R","BOSS"],"build_version":"2018-12-20","purchased_purges":1,"victory":true,"max_hp_per_floor":[80,80,80,80,80,80,80,80,80,80,80,80,80,80,80,80,80,80,80,80,80,80,80,80,80,80,84,84,88,88,88,88,88,88,92,92,92,96,100,100,104,104,104,104,104,104,108,112,112,112],"card_choices":[{"not_picked":["Headbutt","Ghostly Armor"],"picked":"Perfected Strike","floor":0},{"not_picked":["Blood for Blood","Body Slam"],"picked":"Ghostly Armor","floor":1},{"not_picked":["Ghostly Armor","Reckless Charge"],"picked":"Spot Weakness","floor":3},{"not_picked":["Hemokinesis","Havoc"],"picked":"Infernal Blade","floor":5},{"not_picked":["Clothesline","Shrug It Off"],"picked":"Pummel","floor":7},{"not_picked":["Second Wind","Body Slam+1"],"picked":"Twin Strike+1","floor":11},{"not_picked":["Evolve","Armaments"],"picked":"Rage","floor":12},{"not_picked":["Thunderclap+1","Entrench"],"picked":"Battle Trance","floor":13},{"not_picked":["Metallicize","True Grit"],"picked":"Uppercut+1","floor":14},{"not_picked":["Bludgeon+1","Dark Embrace"],"picked":"Feed+1","floor":16},{"not_picked":["Bloodletting"],"picked":"SKIP","floor":18},{"not_picked":["Blood for Blood+1"],"picked":"SKIP","floor":19},{"not_picked":[],"picked":"Headbutt+1","floor":20},{"not_picked":[],"picked":"Iron Wave+1","floor":21},{"not_picked":[],"picked":"Metallicize","floor":24},{"not_picked":["Clothesline+1"],"picked":"SKIP","floor":27},{"not_picked":[],"picked":"Perfected Strike+1","floor":29},{"not_picked":["Clothesline+1"],"picked":"SKIP","floor":31},{"not_picked":[],"picked":"Corruption+1","floor":35},{"not_picked":["Searing Blow+1"],"picked":"SKIP","floor":37},{"not_picked":["Sever Soul+1"],"picked":"SKIP","floor":38},{"not_picked":["Clothesline+1"],"picked":"SKIP","floor":39},{"not_picked":["Flame Barrier+1"],"picked":"SKIP","floor":41},{"not_picked":["Thunderclap+1"],"picked":"SKIP","floor":47},{"not_picked":["Shockwave+1"],"picked":"SKIP","floor":48}],"player_experience":553102,"relics_obtained":[{"floor":7,"key":"Molten Egg 2"},{"floor":9,"key":"Happy Flower"},{"floor":12,"key":"Boot"},{"floor":24,"key":"Girya"},{"floor":26,"key":"Regal Pillow"},{"floor":31,"key":"Bird Faced Urn"},{"floor":41,"key":"Centennial Puzzle"},{"floor":43,"key":"Red Skull"}],"event_choices":[{"cards_removed":["Defend_R"],"damage_healed":0,"gold_gain":0,"player_choice":"Card Removal","damage_taken":0,"max_hp_gain":0,"max_hp_loss":0,"event_name":"The Cleric","floor":2,"gold_loss":50},{"damage_healed":0,"gold_gain":0,"player_choice":"Got Potions","damage_taken":0,"max_hp_gain":0,"max_hp_loss":0,"event_name":"Lab","floor":4,"gold_loss":0},{"damage_healed":0,"gold_gain":0,"player_choice":"Read","damage_taken":0,"max_hp_gain":0,"max_hp_loss":0,"event_name":"The Library","floor":30,"gold_loss":0,"cards_obtained":["Pommel Strike"]}],"is_beta":false,"boss_relics":[{"not_picked":["Philosopher\u0027s Stone","Snecko Eye"],"picked":"Busted Crown"},{"not_picked":["Coffee Dripper","Empty Cage"],"picked":"Runic Pyramid"}],"items_purged_floors":[45],"is_endless":false,"potions_floor_spawned":[1,11,13,16,18,21,24,29,37,38,41,47],"ascension_level":10}