{"path_per_floor":["M","M","M","M","$","R","E","R","T","R","?","?","M","?","R","B",null,"M","M","?","T","?","R"],"character_chosen":"DEFECT","items_purchased":["Happy Flower"],"gold_per_floor":[116,133,152,169,19,19,54,54,104,104,104,54,66,66,66,162,162,176,190,105,135,135,135,135],"floor_reached":24,"campfire_rested":1,"playtime":855,"item_purchase_floors":[5],"current_hp_per_floor":[75,75,71,58,58,58,33,33,33,33,33,33,31,31,53,20,61,61,60,60,60,60,66,0],"items_purged":[],"gold":135,"score":243,"play_id":"ad657d27-954f-4849-b673-05f854251be5","local_time":"20180610171004","is_prod":false,"is_daily":false,"chose_seed":false,"is_ascension_mode":true,"campfire_upgraded":4,"win_rate":0,"timestamp":1528675804,"campfire_choices":[{"data":"Zap","floor":6,"key":"SMITH"},{"data":"Redo","floor":8,"key":"SMITH"},{"data":"Dualcast","floor":10,"key":"SMITH"},{"floor":15,"key":"REST"},{"data":"Capacitor","floor":23,"key":"SMITH"}],"path_taken":["M","M","M","M","$","R","E","R","T","R","?","?","M","?","R","BOSS","M","M","?","?","?","R","M"],"build_version":"2018-06-07v3","seed_source_timestamp":96147512057654,"purchased_purges":0,"victory":false,"master_deck":["Strike_B","Strike_B","Strike_B","Defend_B","Defend_B","Defend_B","Defend_B","Zap+1","Dualcast+1","Redo+1","White Noise","Ball Lightning","FTL","Genetic Algorithm","Capacitor+1"],"max_hp_per_floor":[75,75,75,75,75,75,75,75,75,75,75,75,75,75,75,75,75,75,75,75,75,75,75,75],"relics":["Cracked Core","Bronze Scales","Happy Flower","Bottled Lightning","Ancient Tea Set","Eternal Feather","Lantern","Tiny Chest"],"card_choices":[{"not_picked":["Coolheaded","Barrage","Conserve Battery"],"picked":"SKIP","floor":1},{"not_picked":["Barrage","Steam Power"],"picked":"Redo","floor":2},{"not_picked":["Coolheaded","Recycle"],"picked":"White Noise","floor":3},{"not_picked":["Rebound","Lockon"],"picked":"Ball Lightning","floor":4},{"not_picked":["All For One","Beam Cell","Steam Power"],"picked":"SKIP","floor":7},{"not_picked":["FTL","Static Discharge","Redo"],"picked":"SKIP","floor":13},{"not_picked":["Hello World","Steam"],"picked":"Genetic Algorithm","floor":18},{"not_picked":["Barrage","Doom and Gloom","Coolheaded"],"picked":"SKIP","floor":19}],"player_experience":486599,"potions_floor_usage":[13],"damage_taken":[{"damage":0,"enemies":"2 Louse","floor":1,"turns":2},{"damage":0,"enemies":"Cultist","floor":2,"turns":4},{"damage":4,"enemies":"Jaw Worm","floor":3,"turns":3},{"damage":13,"enemies":"Blue Slaver","floor":4,"turns":3},{"damage":25,"enemies":"Lagavulin","floor":7,"turns":6},{"damage":2,"enemies":"Exordium Wildlife","floor":13,"turns":3},{"damage":33,"enemies":"Hexaghost","floor":16,"turns":8},{"damage":0,"enemies":"3 Byrds","floor":18,"turns":3},{"damage":1,"enemies":"Spheric Guardian","floor":19,"turns":3},{"damage":73,"enemies":"Chosen and Byrds","floor":24,"turns":6}],"relics_obtained":[{"floor":7,"key":"Bottled Lightning"},{"floor":9,"key":"Ancient Tea Set"},{"floor":21,"key":"Tiny Chest"}],"event_choices":[{"event_name":"Match and Keep!","player_choice":"1 cards matched","floor":11,"damage_taken":0},{"event_name":"The Cleric","player_choice":"Card Removal","floor":12,"damage_taken":0},{"event_name":"Golden Idol","player_choice":"Ignored","floor":14,"damage_taken":0},{"event_name":"Addict","player_choice":"Obtained Relic","floor":20,"damage_taken":0},{"event_name":"The Library","player_choice":"Read","floor":22,"damage_taken":0}],"boss_relics":[{"not_picked":["Orrery","Philosopher\u0027s Stone"],"picked":"Eternal Feather"}],"items_purged_floors":[],"potions_floor_spawned":[2,13],"seed_played":"-5846653874637525536","killed_by":"Chosen and Byrds","ascension_level":5,"potions_obtained":[{"floor":2,"key":"Fire Potion"},{"floor":13,"key":"Ancient Potion"}],"is_trial":false}