{"gold_per_floor":[109,109,209,229,242,273,273,284,353,372,372,392,419,449,449,449],"floor_reached":16,"playtime":717,"items_purged":[],"score":118,"play_id":"6e9b6baf-1705-444c-9338-b675d0484803","local_time":"20190818164957","is_ascension_mode":true,"campfire_choices":[{"data":"Feel No Pain","floor":7,"key":"SMITH"},{"floor":15,"key":"REST"}],"neow_cost":"NONE","seed_source_timestamp":383264650718700,"circlet_count":0,"master_deck":["Strike_R","Strike_R","Strike_R+1","Strike_R","Strike_R","Defend_R","Defend_R","Defend_R","Defend_R+1","Bash","Brutality","Feel No Pain+1","Disarm","Cleave","Evolve","Pommel Strike","Spot Weakness","Heavy Blade","Inflame"],"relics":["Burning Blood","Du-Vu Doll","Singing Bowl","Juzu Bracelet"],"potions_floor_usage":[6,10,12],"damage_taken":[{"damage":4,"enemies":"2 Louse","floor":1,"turns":5},{"damage":1,"enemies":"Cultist","floor":4,"turns":4},{"damage":7,"enemies":"Jaw Worm","floor":5,"turns":4},{"damage":27,"enemies":"Gremlin Nob","floor":6,"turns":4},{"damage":7,"enemies":"Looter","floor":8,"turns":3},{"damage":11,"enemies":"Lots of Slimes","floor":10,"turns":4},{"damage":9,"enemies":"Exordium Thugs","floor":12,"turns":3},{"damage":39,"enemies":"Lagavulin","floor":13,"turns":10},{"damage":47,"enemies":"Hexaghost","floor":16,"turns":11}],"seed_played":"-5945538970244085218","potions_obtained":[{"floor":1,"key":"SteroidPotion"},{"floor":4,"key":"FairyPotion"},{"floor":6,"key":"SkillPotion"},{"floor":11,"key":"Energy Potion"},{"floor":11,"key":"FairyPotion"}],"is_trial":false,"path_per_floor":["M","?","?","M","M","E","R","M","T","M","?","M","E","?","R","B"],"character_chosen":"IRONCLAD","items_purchased":[],"campfire_rested":1,"item_purchase_floors":[],"current_hp_per_floor":[80,64,64,69,68,47,47,46,46,41,41,38,13,13,37,0],"gold":449,"neow_bonus":"ONE_RANDOM_RARE_CARD","is_prod":false,"is_daily":false,"chose_seed":false,"campfire_upgraded":1,"win_rate":0,"timestamp":1566172197,"path_taken":["M","?","?","M","M","E","R","M","T","?","?","M","E","?","R","BOSS"],"build_version":"2019-08-15","purchased_purges":0,"victory":false,"max_hp_per_floor":[80,80,80,80,80,80,80,80,80,80,80,80,80,80,80,80],"card_choices":[{"not_picked":["Sentinel","Havoc"],"picked":"Feel No Pain","floor":1},{"not_picked":["Sword Boomerang","Pommel Strike"],"picked":"Disarm","floor":4},{"not_picked":["Flex","Heavy Blade"],"picked":"Cleave","floor":5},{"not_picked":["Flex","Anger"],"picked":"Evolve","floor":6},{"not_picked":["Carnage","Thunderclap"],"picked":"Pommel Strike","floor":8},{"not_picked":["Clothesline","Anger"],"picked":"Spot Weakness","floor":10},{"not_picked":["Warcry","Second Wind"],"picked":"Heavy Blade","floor":12},{"not_picked":["Flex","Infernal Blade"],"picked":"Inflame","floor":13}],"player_experience":1407293,"relics_obtained":[{"floor":6,"key":"Du-Vu Doll"},{"floor":9,"key":"Singing Bowl"},{"floor":13,"key":"Juzu Bracelet"}],"event_choices":[{"damage_healed":0,"gold_gain":0,"player_choice":"Entered Light","damage_taken":16,"max_hp_gain":0,"max_hp_loss":0,"event_name":"Shining Light","floor":2,"gold_loss":0,"cards_upgraded":["Strike_R","Defend_R"]},{"damage_healed":0,"gold_gain":100,"player_choice":"Pray","damage_taken":0,"max_hp_gain":0,"max_hp_loss":0,"event_name":"Golden Shrine","floor":3,"gold_loss":0},{"damage_healed":0,"gold_gain":0,"player_choice":"Got Potions","damage_taken":0,"max_hp_gain":0,"max_hp_loss":0,"event_name":"Lab","floor":11,"gold_loss":0},{"damage_healed":0,"gold_gain":30,"player_choice":"Searched \u00271\u0027 times","damage_taken":0,"max_hp_gain":0,"max_hp_loss":0,"event_name":"Dead Adventurer","floor":14,"gold_loss":0}],"is_beta":true,"boss_relics":[],"items_purged_floors":[],"is_endless":false,"potions_floor_spawned":[1,4,6],"killed_by":"Hexaghost","ascension_level":1}