{"gold_per_floor":[116,129,141,161,173,173,207,207,207,207,207,230,155,166,166,264,264,279,179,179,198,214,214,214,214,214,230,249,249,283,294,294,294],"floor_reached":33,"playtime":1415,"items_purged":["Strike_R","Defend_R"],"score":269,"play_id":"07794013-cf08-4729-9623-928c81be6ab1","local_time":"20191015213929","is_ascension_mode":false,"campfire_choices":[{"data":"Bash","floor":6,"key":"SMITH"},{"floor":8,"key":"REST"},{"data":"Clothesline","floor":10,"key":"SMITH"},{"floor":15,"key":"REST"},{"floor":23,"key":"REST"},{"floor":25,"key":"REST"},{"floor":29,"key":"REST"},{"floor":32,"key":"REST"}],"neow_cost":"NONE","seed_source_timestamp":192858414078900,"circlet_count":0,"master_deck":["Strike_R","Strike_R","Strike_R","Strike_R","Defend_R","Defend_R","Defend_R","Bash+1","Clothesline","Cleave","Clothesline+1","Impervious","Whirlwind","Immolate","Swift Strike","Anger"],"relics":["Burning Blood","Potion Belt","Du-Vu Doll","Shuriken","Dream Catcher","Busted Crown","Nloth\u0027s Gift","Charon\u0027s Ashes","Champion Belt"],"potions_floor_usage":[16,16,31,31,33],"damage_taken":[{"damage":9,"enemies":"Jaw Worm","floor":1,"turns":6},{"damage":0,"enemies":"2 Louse","floor":2,"turns":3},{"damage":1,"enemies":"Cultist","floor":3,"turns":3},{"damage":7,"enemies":"Looter","floor":4,"turns":5},{"damage":22,"enemies":"Gremlin Gang","floor":5,"turns":4},{"damage":27,"enemies":"Gremlin Nob","floor":7,"turns":5},{"damage":12,"enemies":"Large Slime","floor":14,"turns":4},{"damage":73,"enemies":"Hexaghost","floor":16,"turns":12},{"damage":19,"enemies":"Shell Parasite","floor":18,"turns":4},{"damage":19,"enemies":"2 Thieves","floor":21,"turns":4},{"damage":27,"enemies":"Snake Plant","floor":22,"turns":4},{"damage":30,"enemies":"Centurion and Healer","floor":27,"turns":5},{"damage":20,"enemies":"Sentry and Sphere","floor":28,"turns":4},{"damage":43,"enemies":"Book of Stabbing","floor":30,"turns":5},{"damage":0,"enemies":"Snecko","floor":31,"turns":2},{"damage":44,"enemies":"Automaton","floor":33,"turns":5}],"seed_played":"9117318130610113829","potions_obtained":[{"floor":4,"key":"EssenceOfSteel"},{"floor":5,"key":"Weak Potion"},{"floor":16,"key":"Fire Potion"},{"floor":21,"key":"Poison Potion"},{"floor":30,"key":"Fire Potion"}],"is_trial":false,"path_per_floor":["M","M","M","M","M","R","E","R","T","R","?","T","$","M","R","B",null,"M","$","?","M","M","R","?","R","T","M","M","R","E","M","R","B"],"character_chosen":"IRONCLAD","items_purchased":[],"campfire_rested":6,"item_purchase_floors":[],"current_hp_per_floor":[77,80,80,79,63,63,42,66,66,66,66,66,66,60,80,13,80,67,67,51,38,17,41,41,65,65,41,27,51,14,20,44,0],"gold":294,"neow_bonus":"RANDOM_COMMON_RELIC","is_prod":false,"is_daily":false,"chose_seed":false,"campfire_upgraded":2,"win_rate":0.0,"timestamp":1571200769,"path_taken":["M","M","M","M","M","R","E","R","T","R","?","?","$","M","R","BOSS","M","$","?","M","?","R","?","R","T","M","M","R","E","M","R","BOSS"],"build_version":"2019-07-17","purchased_purges":2,"victory":false,"max_hp_per_floor":[80,80,80,80,80,80,80,80,80,80,80,80,80,80,80,80,80,80,80,80,80,80,80,80,80,80,80,80,80,80,80,80,80],"card_choices":[{"not_picked":["Twin Strike","Flex"],"picked":"Clothesline","floor":1},{"not_picked":["Shockwave","Body Slam"],"picked":"Cleave","floor":2},{"not_picked":["Body Slam","Flex","Havoc"],"picked":"SKIP","floor":3},{"not_picked":["Sword Boomerang","Clash"],"picked":"Clothesline","floor":4},{"not_picked":["Twin Strike","Wild Strike","Iron Wave"],"picked":"SKIP","floor":5},{"not_picked":["Armaments","Hemokinesis"],"picked":"Impervious","floor":7},{"not_picked":["Evolve","Anger"],"picked":"Whirlwind","floor":14},{"not_picked":["Limit Break","Juggernaut"],"picked":"Immolate","floor":16},{"not_picked":["Warcry"],"picked":"SKIP","floor":18},{"not_picked":[],"picked":"Anger","floor":21},{"not_picked":["Fire Breathing"],"picked":"SKIP","floor":22},{"not_picked":["Headbutt"],"picked":"SKIP","floor":27},{"not_picked":["Corruption"],"picked":"SKIP","floor":28},{"not_picked":["Corruption"],"picked":"SKIP","floor":30},{"not_picked":["Perfected Strike"],"picked":"SKIP","floor":31}],"player_experience":73122,"relics_obtained":[{"floor":7,"key":"Mercury Hourglass"},{"floor":9,"key":"Du-Vu Doll"},{"floor":12,"key":"Dream Catcher"},{"floor":26,"key":"Charon\u0027s Ashes"},{"floor":30,"key":"Champion Belt"}],"event_choices":[{"damage_healed":0,"gold_gain":0,"player_choice":"Searched \u00271\u0027 times","damage_taken":0,"relics_obtained":["Shuriken"],"max_hp_gain":0,"max_hp_loss":0,"event_name":"Dead Adventurer","floor":11,"gold_loss":0},{"damage_healed":0,"gold_gain":0,"player_choice":"CARD ","damage_taken":16,"max_hp_gain":0,"max_hp_loss":0,"event_name":"Knowing Skull","floor":20,"potions_obtained":[],"gold_loss":0,"cards_obtained":["Swift Strike"]},{"damage_healed":0,"gold_gain":0,"player_choice":"Traded Relic","damage_taken":0,"relics_obtained":["Nloth\u0027s Gift"],"max_hp_gain":0,"max_hp_loss":0,"event_name":"N\u0027loth","floor":24,"relics_lost":["Mercury Hourglass"],"gold_loss":0}],"is_beta":false,"boss_relics":[{"not_picked":["Cursed Key","Fusion Hammer"],"picked":"Busted Crown"}],"items_purged_floors":[13,19],"is_endless":false,"potions_floor_spawned":[4,5,16,21,30],"killed_by":"Automaton","ascension_level":0}