{"gold_per_floor":[111,111,123,32,50,75,75,95,95,95,115,128,53,68,68,163,163,179,179,197,208,220,220,254,265,291,110,139,154,169,186,186,186],"floor_reached":33,"playtime":2717,"items_purged":["Strike_R","Strike_R"],"score":472,"play_id":"cb629e8c-0736-4cda-8811-82e88ab2b574","local_time":"20190108005805","is_ascension_mode":true,"campfire_choices":[{"data":"Whirlwind","floor":7,"key":"SMITH"},{"data":"Bash","floor":10,"key":"SMITH"},{"data":"Armaments","floor":15,"key":"SMITH"},{"data":"True Grit","floor":23,"key":"SMITH"},{"floor":32,"key":"REST"}],"neow_cost":"NONE","seed_source_timestamp":1578605734526876,"circlet_count":0,"master_deck":["AscendersBane","Strike_R","Strike_R","Strike_R","Defend_R","Defend_R","Defend_R","Defend_R","Bash+1","Twin Strike","Cleave","Body Slam","Iron Wave","Shrug It Off+1","Whirlwind+1","Iron Wave","Battle Trance","Battle Trance","Armaments+1","Impervious","Shockwave","True Grit+1","True Grit+1","Body Slam+1","Enlightenment"],"relics":["Burning Blood","Bottled Lightning","Paper Frog","Runic Pyramid","Sundial","Bag of Marbles","Bronze Scales"],"potions_floor_usage":[25,29,30],"damage_taken":[{"damage":1,"enemies":"Cultist","floor":1,"turns":4},{"damage":5,"enemies":"Small Slimes","floor":3,"turns":4},{"damage":4,"enemies":"Jaw Worm","floor":5,"turns":3},{"damage":45,"enemies":"Lagavulin","floor":6,"turns":10},{"damage":0,"enemies":"Lots of Slimes","floor":8,"turns":1},{"damage":0,"enemies":"3 Louse","floor":11,"turns":2},{"damage":1,"enemies":"Looter","floor":12,"turns":3},{"damage":1,"enemies":"Exordium Wildlife","floor":14,"turns":5},{"damage":32,"enemies":"Hexaghost","floor":16,"turns":8},{"damage":0,"enemies":"Chosen","floor":18,"turns":6},{"damage":0,"enemies":"Spheric Guardian","floor":20,"turns":4},{"damage":11,"enemies":"Centurion and Healer","floor":21,"turns":8},{"damage":4,"enemies":"Chosen and Byrds","floor":22,"turns":8},{"damage":26,"enemies":"Gremlin Leader","floor":24,"turns":7},{"damage":22,"enemies":"Sentry and Sphere","floor":25,"turns":12},{"damage":12,"enemies":"Book of Stabbing","floor":28,"turns":5},{"damage":3,"enemies":"3 Cultists","floor":29,"turns":4},{"damage":0,"enemies":"Snecko","floor":30,"turns":3},{"damage":5,"enemies":"Snake Plant","floor":31,"turns":4},{"damage":84,"enemies":"Champ","floor":33,"turns":13}],"seed_played":"5150939915960431752","potions_obtained":[{"floor":6,"key":"SpeedPotion"},{"floor":11,"key":"Energy Potion"},{"floor":12,"key":"Ancient Potion"},{"floor":28,"key":"Energy Potion"},{"floor":30,"key":"GamblersBrew"}],"is_trial":false,"path_per_floor":["M","?","M","$","M","E","R","M","T","R","M","M","$","M","R","B",null,"M","?","M","M","M","R","E","M","T","$","E","M","M","M","R","B"],"character_chosen":"IRONCLAD","items_purchased":["Iron Wave","Shrug It Off","Enlightenment"],"campfire_rested":1,"item_purchase_floors":[4,4,27],"current_hp_per_floor":[85,85,86,86,88,49,49,55,55,55,61,66,66,71,71,45,77,83,83,88,83,85,85,65,49,49,49,43,46,52,53,79,0],"gold":186,"neow_bonus":"TEN_PERCENT_HP_BONUS","is_prod":false,"is_daily":false,"chose_seed":false,"campfire_upgraded":4,"win_rate":0,"timestamp":1546937885,"path_taken":["M","?","M","$","M","E","R","?","T","R","M","M","$","M","R","BOSS","M","?","M","M","M","R","E","M","T","$","E","M","M","?","R","BOSS"],"build_version":"2019-01-03v4","purchased_purges":2,"victory":false,"max_hp_per_floor":[88,88,88,88,88,88,88,88,88,88,88,88,88,88,88,88,88,88,88,88,88,88,88,88,88,88,88,88,88,88,88,88,88],"card_choices":[{"not_picked":["Warcry","Carnage"],"picked":"Twin Strike","floor":1},{"not_picked":["Evolve","Corruption"],"picked":"Body Slam","floor":3},{"not_picked":["Second Wind","Clash"],"picked":"Whirlwind","floor":5},{"not_picked":["Bloodletting","Offering"],"picked":"Iron Wave","floor":6},{"not_picked":["Headbutt","Havoc"],"picked":"Battle Trance","floor":8},{"not_picked":["Cleave","Clash","Corruption"],"picked":"SKIP","floor":11},{"not_picked":["Cleave","Armaments"],"picked":"Battle Trance","floor":12},{"not_picked":["Twin Strike","Heavy Blade"],"picked":"Armaments","floor":14},{"not_picked":["Dark Embrace","Limit Break"],"picked":"Impervious","floor":16},{"not_picked":["Flex","Perfected Strike","Clash"],"picked":"SKIP","floor":18},{"not_picked":["Rage+1","Shrug It Off"],"picked":"Shockwave","floor":20},{"not_picked":["Clothesline","Clash+1","Cleave"],"picked":"SKIP","floor":21},{"not_picked":["Armaments","Pummel"],"picked":"True Grit","floor":22},{"not_picked":["Sword Boomerang","Iron Wave"],"picked":"True Grit+1","floor":24},{"not_picked":["Perfected Strike","Armaments"],"picked":"Body Slam+1","floor":25},{"not_picked":["Twin Strike","Inflame","Pommel Strike"],"picked":"SKIP","floor":28},{"not_picked":["Clothesline","Warcry","Rage"],"picked":"SKIP","floor":29},{"not_picked":["Burning Pact","Twin Strike","Berserk"],"picked":"SKIP","floor":30},{"not_picked":["Sever Soul","Thunderclap+1","Sword Boomerang"],"picked":"SKIP","floor":31}],"player_experience":595083,"relics_obtained":[{"floor":6,"key":"Bottled Lightning"},{"floor":9,"key":"Paper Frog"},{"floor":24,"key":"Sundial"},{"floor":26,"key":"Bag of Marbles"},{"floor":28,"key":"Bronze Scales"}],"event_choices":[{"damage_healed":0,"gold_gain":0,"player_choice":"1 cards matched","damage_taken":0,"max_hp_gain":0,"max_hp_loss":0,"event_name":"Match and Keep!","floor":2,"gold_loss":0,"cards_obtained":["Cleave"]},{"damage_healed":0,"gold_gain":0,"player_choice":"Forge","damage_taken":0,"max_hp_gain":0,"max_hp_loss":0,"event_name":"Accursed Blacksmith","floor":19,"gold_loss":0,"cards_upgraded":["Shrug It Off"]}],"is_beta":false,"boss_relics":[{"not_picked":["Black Blood","Runic Cube"],"picked":"Runic Pyramid"}],"items_purged_floors":[13,27],"is_endless":false,"potions_floor_spawned":[6,11,12,18,24,28,30],"killed_by":"Champ","ascension_level":12}