{"gold_per_floor":[109,125,125,142,161,188,188,221,221,221,253,10,21,41,41,140,140,157,173,55,55,74,74],"floor_reached":23,"playtime":1416,"items_purged":[],"score":213,"play_id":"e69b279b-464f-4e35-8cc1-8637007b20e8","local_time":"20191012202644","is_ascension_mode":false,"campfire_choices":[{"floor":10,"key":"REST"},{"floor":15,"key":"REST"}],"neow_cost":"PERCENT_DAMAGE","seed_source_timestamp":326175192930900,"circlet_count":0,"master_deck":["Strike_B","Strike_B","Strike_B","Strike_B","Defend_B","Defend_B","Defend_B","Defend_B","Zap","Dualcast","Capacitor","Redo","Streamline","Glacier","Gash","Heatsinks","Go for the Eyes","Multi-Cast","Gash","Darkness","Ball Lightning","Creative AI","Barrage","Rebound","Defragment","Genetic Algorithm","Necronomicurse","Conserve Battery+1"],"relics":["Cracked Core","Bottled Flame","Matryoshka","Calipers","Dream Catcher","Shuriken","Juzu Bracelet","Ornamental Fan","Nuclear Battery","Necronomicon"],"potions_floor_usage":[8,18,22,23,23],"damage_taken":[{"damage":5,"enemies":"Small Slimes","floor":1,"turns":2},{"damage":1,"enemies":"Jaw Worm","floor":2,"turns":3},{"damage":1,"enemies":"Cultist","floor":4,"turns":3},{"damage":20,"enemies":"Exordium Wildlife","floor":5,"turns":6},{"damage":13,"enemies":"3 Sentries","floor":6,"turns":10},{"damage":27,"enemies":"Gremlin Nob","floor":8,"turns":4},{"damage":3,"enemies":"Lagavulin","floor":11,"turns":9},{"damage":11,"enemies":"3 Louse","floor":13,"turns":3},{"damage":3,"enemies":"2 Fungi Beasts","floor":14,"turns":4},{"damage":22,"enemies":"Slime Boss","floor":16,"turns":10},{"damage":34,"enemies":"3 Byrds","floor":18,"turns":8},{"damage":15,"enemies":"Shell Parasite","floor":19,"turns":7},{"damage":27,"enemies":"Snecko","floor":22,"turns":6},{"damage":18,"enemies":"Gremlin Leader","floor":23,"turns":2}],"seed_played":"-2224530654140818194","potions_obtained":[{"floor":1,"key":"FearPotion"},{"floor":8,"key":"Dexterity Potion"},{"floor":11,"key":"Swift Potion"},{"floor":13,"key":"SpeedPotion"},{"floor":18,"key":"Regen Potion"}],"is_trial":false,"path_per_floor":["M","M","?","M","M","E","?","E","T","R","E","$","M","M","R","B",null,"M","M","$","?","M","E"],"character_chosen":"DEFECT","items_purchased":["Ornamental Fan","Defragment","Genetic Algorithm"],"campfire_rested":2,"item_purchase_floors":[12,20,20],"current_hp_per_floor":[63,62,62,61,41,28,28,1,1,27,24,24,13,10,36,14,89,55,40,40,24,12,0],"gold":74,"neow_bonus":"TWENTY_PERCENT_HP_BONUS","is_prod":false,"is_daily":false,"chose_seed":false,"campfire_upgraded":0,"win_rate":0.0,"timestamp":1570937204,"path_taken":["M","M","?","M","M","E","?","E","T","R","E","?","M","M","R","BOSS","M","M","?","?","M","E"],"build_version":"2019-07-17","purchased_purges":0,"victory":false,"max_hp_per_floor":[89,89,89,89,89,89,89,89,89,89,89,89,89,89,89,89,89,89,89,89,89,89,89],"card_choices":[{"not_picked":["Reprogram","Redo"],"picked":"Capacitor","floor":1},{"not_picked":["Steam Power","Storm"],"picked":"Redo","floor":2},{"not_picked":["Barrage","Scrape"],"picked":"Streamline","floor":4},{"not_picked":["Ball Lightning","Tempest"],"picked":"Glacier","floor":5},{"not_picked":["Ball Lightning","Amplify"],"picked":"Gash","floor":6},{"not_picked":["Reinforced Body","Glacier"],"picked":"Heatsinks","floor":8},{"not_picked":["Rip and Tear","Scrape"],"picked":"Go for the Eyes","floor":10},{"not_picked":["Go for the Eyes","Glacier"],"picked":"Multi-Cast","floor":11},{"not_picked":["Sweeping Beam","Beam Cell"],"picked":"Gash","floor":13},{"not_picked":["Reprogram","Streamline"],"picked":"Darkness","floor":14},{"not_picked":["Beam Cell","Stack"],"picked":"Ball Lightning","floor":15},{"not_picked":["Machine Learning","Meteor Strike"],"picked":"Creative AI","floor":16},{"not_picked":["Stack","Compile Driver"],"picked":"Barrage","floor":18},{"not_picked":["Ball Lightning","Steam Power"],"picked":"Rebound","floor":19},{"not_picked":["Steam Power+1","Beam Cell+1"],"picked":"Conserve Battery+1","floor":22}],"player_experience":69334,"relics_obtained":[{"floor":6,"key":"Bottled Flame"},{"floor":8,"key":"Calipers"},{"floor":9,"key":"Dream Catcher"},{"floor":9,"key":"Shuriken"},{"floor":11,"key":"Juzu Bracelet"},{"floor":21,"key":"Necronomicon"}],"event_choices":[{"damage_healed":0,"gold_gain":0,"player_choice":"Ignored","damage_taken":0,"max_hp_gain":0,"max_hp_loss":0,"event_name":"Golden Idol","floor":3,"gold_loss":0},{"damage_healed":0,"gold_gain":0,"player_choice":"Searched \u00272\u0027 times","damage_taken":0,"relics_obtained":["Matryoshka"],"max_hp_gain":0,"max_hp_loss":0,"event_name":"Dead Adventurer","floor":7,"gold_loss":0},{"damage_healed":0,"gold_gain":0,"player_choice":"Obtained Book","damage_taken":16,"max_hp_gain":0,"max_hp_loss":0,"event_name":"Cursed Tome","floor":21,"gold_loss":0}],"is_beta":false,"boss_relics":[{"not_picked":["White Beast Statue","Fusion Hammer"],"picked":"Nuclear Battery"}],"items_purged_floors":[],"is_endless":false,"potions_floor_spawned":[1,8,11,13,16,18],"killed_by":"Gremlin Leader","ascension_level":0}