{"gold_per_floor":[115,129,204,214,232,232,242,242,242,254,171,182,212,223,223,320,320,334,184,196,196,207,207,227,227,299,318,318,335,335,353,353,458,458,472,482,482,164,1163,1163,552,552,552,567,567,579,612,612,612,612],"floor_reached":50,"playtime":4370,"items_purged":["Normality"],"score":518,"play_id":"26c69894-0888-4cb4-b578-8b454ceaaf54","local_time":"20191006205200","is_ascension_mode":false,"campfire_choices":[{"data":"Infinite Blades","floor":6.0,"key":"SMITH"},{"floor":8.0,"key":"REST"},{"floor":15.0,"key":"REST"},{"floor":23.0,"key":"REST"},{"floor":25.0,"key":"REST"},{"floor":32.0,"key":"REST"},{"floor":40.0,"key":"REST"},{"floor":42.0,"key":"REST"},{"floor":45,"key":"REST"},{"floor":49,"key":"REST"}],"neow_cost":"NONE","seed_source_timestamp":0,"circlet_count":0,"master_deck":["Strike_G+1","Strike_G+1","Strike_G+1","Strike_G+1","Strike_G+1","Defend_G+1","Defend_G+1","Defend_G+1","Defend_G+1","Defend_G+1","Survivor","Neutralize","Flying Knee","Heel Hook","Infinite Blades+1","Crippling Poison","Caltrops","Dagger Spray","Dramatic Entrance","Blur","Phantasmal Killer","Sucker Punch","Dash+1","Choke+1","After Image","Wraith Form v2","Sucker Punch+1","Burst+1","Phantasmal Killer+1","Terror","PiercingWail+1","The Bomb","Normality","Noxious Fumes","Blade Dance","Predator","Dagger Throw+1"],"special_seed":0,"relics":["Ring of the Snake","Gremlin Horn","Kunai","HoveringKite","PreservedInsect","Mercury Hourglass","Astrolabe","Vajra","Darkstone Periapt","Strawberry","Bottled Lightning","Ornamental Fan"],"potions_floor_usage":[44,47],"damage_taken":[{"damage":1.0,"enemies":"Jaw Worm","floor":1.0,"turns":6.0},{"damage":0.0,"enemies":"Small Slimes","floor":2.0,"turns":3.0},{"damage":2.0,"enemies":"2 Louse","floor":4.0,"turns":3.0},{"damage":0.0,"enemies":"Blue Slaver","floor":5.0,"turns":4.0},{"damage":16.0,"enemies":"Lots of Slimes","floor":7.0,"turns":4.0},{"damage":9.0,"enemies":"2 Fungi Beasts","floor":10.0,"turns":3.0},{"damage":14.0,"enemies":"Looter","floor":12.0,"turns":3.0},{"damage":0.0,"enemies":"Blue Slaver","floor":14.0,"turns":5.0},{"damage":32.0,"enemies":"Hexaghost","floor":16.0,"turns":15.0},{"damage":0.0,"enemies":"3 Byrds","floor":18.0,"turns":5.0},{"damage":17.0,"enemies":"Shell Parasite","floor":20.0,"turns":10.0},{"damage":18.0,"enemies":"Cultist and Chosen","floor":22.0,"turns":5.0},{"damage":6.0,"enemies":"Centurion and Healer","floor":24.0,"turns":8.0},{"damage":4.0,"enemies":"Snecko","floor":27.0,"turns":6.0},{"damage":14.0,"enemies":"Sentry and Sphere","floor":29.0,"turns":6.0},{"damage":2.0,"enemies":"Cultist and Chosen","floor":31.0,"turns":6.0},{"damage":69.0,"enemies":"Collector","floor":33.0,"turns":13.0},{"damage":22.0,"enemies":"Orb Walker","floor":35.0,"turns":4.0},{"damage":22.0,"enemies":"3 Shapes","floor":36.0,"turns":3.0},{"damage":25,"enemies":"Maw","floor":44,"turns":7},{"damage":33,"enemies":"Transient","floor":46,"turns":5},{"damage":21,"enemies":"Reptomancer","floor":47,"turns":6},{"damage":73,"enemies":"Donu and Deca","floor":50,"turns":6}],"seed_played":"2565789521114459727","potions_obtained":[{"floor":1.0,"key":"Poison Potion"},{"floor":4.0,"key":"Poison Potion"},{"floor":12.0,"key":"Fire Potion"},{"floor":22.0,"key":"EssenceOfSteel"},{"floor":27.0,"key":"LiquidBronze"},{"floor":33.0,"key":"Strength Potion"},{"floor":46,"key":"Dexterity Potion"}],"is_trial":false,"path_per_floor":["M","M","?","M","M","R","M","R","T","M","$","M","?","M","R","B",null,"M","$","M","?","M","R","M","R","T","M","?","M","?","M","R","B",null,"M","M","?","$","?","R","$","R","T","M","R","M","E","?","R","B"],"character_chosen":"THE_SILENT","items_purchased":["Dramatic Entrance","PreservedInsect","The Bomb","Vajra","Darkstone Periapt","Strawberry","Fire Potion","Noxious Fumes"],"campfire_rested":9,"item_purchase_floors":[11,19,38,38,41,41,41,41],"current_hp_per_floor":[76,76,65,63,63,63,47,70,70,61,61,47,47,47,70,38,77,77,77,60,60,42,65,59,77,77,73,73,59,59,57,77,8,77,55,33,33,33,33,56,63,84,84,59,84,51,30,30,55,0],"gold":612,"neow_bonus":"TEN_PERCENT_HP_BONUS","is_prod":false,"is_daily":false,"chose_seed":false,"campfire_upgraded":1,"win_rate":0.0,"timestamp":1570420320,"path_taken":["M","M","?","M","M","R","M","R","T","M","$","M","?","M","R","BOSS","M","$","M","?","M","R","M","R","T","M","?","M","?","?","R","BOSS","M","M","?","$","?","R","?","R","T","?","R","M","E","?","R","BOSS"],"build_version":"2019-07-17","purchased_purges":1,"victory":false,"max_hp_per_floor":[77,77,77,77,77,77,77,77,77,77,77,77,77,77,77,77,77,77,77,77,77,77,77,77,77,77,77,77,77,77,77,77,77,77,77,77,77,77,77,77,84,84,84,84,84,84,84,84,84,84],"card_choices":[{"not_picked":["Endless Agony","Terror"],"picked":"Flying Knee","floor":1.0},{"not_picked":["Blade Dance","Outmaneuver"],"picked":"Heel Hook","floor":2.0},{"not_picked":["Distraction","Quick Slash"],"picked":"Infinite Blades","floor":4.0},{"not_picked":["Poisoned Stab","Deflect"],"picked":"Crippling Poison","floor":5.0},{"not_picked":["PiercingWail","Slice"],"picked":"Caltrops","floor":7.0},{"not_picked":["Dodge and Roll","Outmaneuver"],"picked":"Dagger Spray","floor":10.0},{"not_picked":["Prepared","Flechettes"],"picked":"Blur","floor":12.0},{"not_picked":["Prepared","Finisher"],"picked":"Slice","floor":14.0},{"not_picked":["Adrenaline","Doppelganger"],"picked":"Phantasmal Killer","floor":16.0},{"not_picked":["Blade Dance","Slice+1"],"picked":"Dash","floor":18.0},{"not_picked":["Outmaneuver+1","Dash"],"picked":"Sucker Punch","floor":20.0},{"not_picked":["Calculated Gamble","PiercingWail"],"picked":"Dash+1","floor":22.0},{"not_picked":["Dodge and Roll+1","All Out Attack"],"picked":"Deflect","floor":24.0},{"not_picked":["Deadly Poison","Endless Agony"],"picked":"Choke+1","floor":27.0},{"not_picked":["Finisher","Skewer+1"],"picked":"After Image","floor":29.0},{"not_picked":["Caltrops","Skewer"],"picked":"Slice","floor":31.0},{"not_picked":["Phantasmal Killer","Tools of the Trade"],"picked":"Wraith Form v2","floor":33.0},{"not_picked":["Blade Dance","Flying Knee"],"picked":"Terror","floor":35.0},{"not_picked":["Expertise+1","Heel Hook"],"picked":"PiercingWail+1","floor":36.0},{"not_picked":["Finisher","Expertise+1"],"picked":"Blade Dance","floor":44},{"not_picked":["Calculated Gamble","Backflip+1"],"picked":"Predator","floor":46},{"not_picked":["Prepared+1","Finisher+1"],"picked":"Dagger Throw+1","floor":47}],"player_experience":35642,"relics_obtained":[{"floor":9.0,"key":"Gremlin Horn"},{"floor":26.0,"key":"Mercury Hourglass"},{"floor":43.0,"key":"Bottled Lightning"},{"floor":47,"key":"Ornamental Fan"}],"event_choices":[{"damage_healed":0.0,"max_hp_gain":0.0,"max_hp_loss":0.0,"gold_gain":75.0,"event_name":"World of Goop","player_choice":"Gather Gold","floor":3.0,"gold_loss":0.0,"damage_taken":11.0},{"damage_healed":0.0,"max_hp_gain":0.0,"max_hp_loss":0.0,"gold_gain":30.0,"event_name":"Dead Adventurer","player_choice":"Searched \u00273\u0027 times","floor":13.0,"gold_loss":0.0,"damage_taken":0.0,"relics_obtained":["Kunai"]},{"damage_healed":0.0,"max_hp_gain":0.0,"max_hp_loss":0.0,"gold_gain":0.0,"event_name":"Back to Basics","player_choice":"Simplicity","floor":21.0,"gold_loss":0.0,"damage_taken":0.0,"cards_upgraded":["Strike_G","Strike_G","Strike_G","Strike_G","Strike_G","Defend_G","Defend_G","Defend_G","Defend_G","Defend_G"]},{"damage_healed":0.0,"max_hp_gain":0.0,"max_hp_loss":0.0,"gold_gain":0.0,"event_name":"Beggar","player_choice":"Ignored","floor":28.0,"gold_loss":0.0,"damage_taken":0.0},{"damage_healed":0.0,"max_hp_gain":0.0,"max_hp_loss":0.0,"gold_gain":0.0,"event_name":"NoteForYourself","player_choice":"Ignored","floor":30.0,"gold_loss":0.0,"damage_taken":0.0},{"cards_removed":["Slice"],"damage_healed":0.0,"max_hp_gain":0.0,"max_hp_loss":0.0,"gold_gain":0.0,"event_name":"Falling","player_choice":"Removed Attack","floor":37.0,"gold_loss":0.0,"damage_taken":0.0},{"damage_healed":0.0,"max_hp_gain":0.0,"max_hp_loss":0.0,"gold_gain":999.0,"event_name":"MindBloom","player_choice":"Gold","floor":39.0,"gold_loss":0.0,"damage_taken":0.0,"cards_obtained":["Normality","Normality"]},{"damage_healed":0,"gold_gain":0,"player_choice":"Ignored","damage_taken":0,"max_hp_gain":0,"max_hp_loss":0,"event_name":"Mysterious Sphere","floor":48,"gold_loss":0}],"is_beta":false,"boss_relics":[{"not_picked":["Fusion Hammer","Snecko Eye"],"picked":"HoveringKite"},{"not_picked":["Tiny House","Eternal Feather"],"picked":"Astrolabe"}],"items_purged_floors":[41],"is_endless":false,"potions_floor_spawned":[1,4,12,22,27,33,46],"killed_by":"Donu and Deca","ascension_level":0}