{"path_per_floor":["M","M","M","M","M","R","E","M","T","E","M","M","$","M","R","B",null,"M","M","M","M","M"],"character_chosen":"IRONCLAD","items_purchased":["Cleave","Bottled Lightning"],"gold_per_floor":[109,119,133,145,159,159,187,206,280,340,359,378,17,31,31,134,134,153,167,181,194,205,205],"floor_reached":23,"campfire_rested":1,"playtime":1429,"current_hp_per_floor":[80,80,80,80,56,56,40,46,46,49,53,54,54,46,70,28,80,80,78,62,52,17,0],"items_purged":["Defend_R"],"gold":205,"score":224,"play_id":"8700a06d-4828-4ca0-b099-ca8a0e056391","local_time":"20180425103211","is_prod":false,"is_daily":false,"chose_seed":false,"is_ascension_mode":true,"campfire_upgraded":1,"timestamp":1524677531,"path_taken":["M","M","M","?","?","R","E","M","T","E","M","M","$","M","R","BOSS","M","M","M","M","M","E"],"build_version":"2018-04-19","seed_source_timestamp":738559471374119,"purchased_purges":1,"victory":false,"master_deck":["Strike_R","Strike_R","Strike_R","Defend_R","Defend_R","Bash","Fiend Fire","Whirlwind","Iron Wave","Immolate","Armaments+1","Headbutt","Iron Wave","Inflame","Pummel","Cleave","Twin Strike","Fiend Fire","Intimidate+1","Sever Soul+1","Perfected Strike+1","Spot Weakness","Iron Wave","Sword Boomerang+1"],"max_hp_per_floor":[80,80,80,80,80,80,80,80,80,80,80,80,80,80,80,80,80,80,80,80,80,80,80],"relics":["Burning Blood","Dream Catcher","Pantograph","Tiny Chest","Bottled Lightning","Astrolabe"],"card_choices":[{"not_picked":["Clash","Corruption"],"picked":"Whirlwind","floor":1},{"not_picked":["Clothesline","Perfected Strike"],"picked":"Iron Wave","floor":2},{"not_picked":["True Grit","Iron Wave"],"picked":"Immolate","floor":4},{"not_picked":["Heavy Blade","Whirlwind"],"picked":"Armaments","floor":5},{"not_picked":["Clash","Iron Wave"],"picked":"Headbutt","floor":7},{"not_picked":["Armaments","Sentinel"],"picked":"Iron Wave","floor":8},{"not_picked":["Intimidate","Infernal Blade"],"picked":"Inflame","floor":10},{"not_picked":["True Grit","Flex"],"picked":"Pummel","floor":11},{"not_picked":["Anger","Iron Wave"],"picked":"Twin Strike","floor":14},{"not_picked":["Dark Embrace","Reaper"],"picked":"Fiend Fire","floor":16},{"not_picked":["Twin Strike","Combust"],"picked":"Spot Weakness","floor":19},{"not_picked":["Clash","Pummel"],"picked":"Iron Wave","floor":20},{"not_picked":["Pommel Strike","Iron Wave"],"picked":"Sword Boomerang","floor":22}],"player_experience":142675,"potions_floor_usage":[7,11,19,21],"damage_taken":[{"damage":1,"enemies":"Cultist","floor":1,"turns":3},{"damage":1,"enemies":"Jaw Worm","floor":2,"turns":3},{"damage":0,"enemies":"Small Slimes","floor":3,"turns":2},{"damage":6,"enemies":"Blue Slaver","floor":4,"turns":4},{"damage":30,"enemies":"Gremlin Gang","floor":5,"turns":4},{"damage":22,"enemies":"Gremlin Nob","floor":7,"turns":4},{"damage":0,"enemies":"3 Louse","floor":8,"turns":2},{"damage":3,"enemies":"3 Sentries","floor":10,"turns":4},{"damage":2,"enemies":"Blue Slaver","floor":11,"turns":3},{"damage":5,"enemies":"Looter","floor":12,"turns":3},{"damage":14,"enemies":"Exordium Wildlife","floor":14,"turns":4},{"damage":58,"enemies":"The Guardian","floor":16,"turns":11},{"damage":3,"enemies":"3 Byrds","floor":18,"turns":3},{"damage":8,"enemies":"Spheric Guardian","floor":19,"turns":4},{"damage":22,"enemies":"Chosen and Byrds","floor":20,"turns":5},{"damage":16,"enemies":"Cultist and Chosen","floor":21,"turns":5},{"damage":41,"enemies":"Slaver and Parasite","floor":22,"turns":5},{"damage":27,"enemies":"Slavers","floor":23,"turns":1}],"event_choices":[],"boss_relics":[{"not_picked":["Black Blood","Lizard Tail"],"picked":"Astrolabe"}],"potions_floor_spawned":[1,4,8,10,14,16,18,20],"seed_played":"2506196743539429590","killed_by":"Slavers","ascension_level":1,"is_trial":false}