{"gold_per_floor":[114,114,129,144,144,174,189,189,189,150,165,165,177,207,207,307,307,322,322,322,22,37,37,52,82,82,82,97,127,127,142,142,242,242,257,272,272,372,372,402,432,447,447,477,521,521,83,98,98,98],"floor_reached":51,"playtime":7316,"items_purged":[],"score":958,"play_id":"e10b21ac-0d95-4356-a228-2ebf6f85eb12","local_time":"20191016194816","daily_mods":["Insanity","ControlledChaos","Binary"],"is_ascension_mode":false,"campfire_choices":[{"data":"Corruption","floor":8.0,"key":"SMITH"},{"data":"Anger","floor":12.0,"key":"SMITH"},{"data":"1","floor":15.0,"key":"LIFT"},{"data":"2","floor":23.0,"key":"LIFT"},{"data":"3","floor":27,"key":"LIFT"},{"floor":32,"key":"REST"},{"floor":46,"key":"REST"},{"floor":49,"key":"REST"}],"neow_cost":"","seed_source_timestamp":0,"circlet_count":0,"master_deck":["Pummel","Clash","Entrench","Perfected Strike","Armaments","Pommel Strike","Warcry","Rampage","Headbutt","Warcry","Warcry","Anger","Clothesline","Warcry","Power Through","Disarm","Flame Barrier","Sever Soul","Body Slam","Corruption+1","True Grit","Heavy Blade","Shrug It Off","Sentinel","Perfected Strike","Disarm","Perfected Strike","Twin Strike","Pommel Strike","Sword Boomerang","Anger+1","Anger","Metallicize","Headbutt","Perfected Strike","Power Through","Intimidate","Iron Wave","Headbutt","Flex","Iron Wave","Shrug It Off","Feel No Pain","Anger","Perfected Strike","Hemokinesis","Pommel Strike","Body Slam","Shrug It Off","True Grit","Finesse","Warcry","Disarm","Flame Barrier","Metallicize","Heavy Blade","Fire Breathing","Flex","Heavy Blade","Rupture","Bludgeon","Feel No Pain","Inflame","Spot Weakness+1","Pommel Strike+1","Ghostly Armor","Immolate+1","Perfected Strike+1","Perfected Strike+1","Finesse","Limit Break","Feel No Pain"],"special_seed":18185,"relics":["Burning Blood","Frozen Eye","Du-Vu Doll","Bronze Scales","Odd Mushroom","Girya","Snecko Eye","Gambling Chip","PreservedInsect","Molten Egg 2","Dream Catcher","Cursed Key","WingedGreaves","Singing Bowl","Prayer Wheel","Blood Vial","Turnip","Dead Branch"],"potions_floor_usage":[45,47,50],"damage_taken":[{"damage":0.0,"enemies":"2 Louse","floor":1.0,"turns":2.0},{"damage":0.0,"enemies":"Cultist","floor":3.0,"turns":2.0},{"damage":0.0,"enemies":"Small Slimes","floor":4.0,"turns":2.0},{"damage":24.0,"enemies":"Gremlin Nob","floor":6.0,"turns":4.0},{"damage":8.0,"enemies":"3 Louse","floor":7.0,"turns":4.0},{"damage":15.0,"enemies":"Gremlin Gang","floor":11.0,"turns":3.0},{"damage":4.0,"enemies":"The Mushroom Lair","floor":13.0,"turns":4.0},{"damage":5.0,"enemies":"Lagavulin","floor":14.0,"turns":6.0},{"damage":15.0,"enemies":"The Guardian","floor":16.0,"turns":10.0},{"damage":8.0,"enemies":"Shell Parasite","floor":18.0,"turns":3.0},{"damage":10.0,"enemies":"3 Byrds","floor":22.0,"turns":3.0},{"damage":4.0,"enemies":"Snake Plant","floor":24.0,"turns":2.0},{"damage":25.0,"enemies":"Gremlin Leader","floor":25.0,"turns":6.0},{"damage":8,"enemies":"3 Cultists","floor":28,"turns":4},{"damage":0,"enemies":"Book of Stabbing","floor":29,"turns":2},{"damage":6,"enemies":"Cultist and Chosen","floor":31,"turns":4},{"damage":43,"enemies":"Automaton","floor":33,"turns":8},{"damage":5,"enemies":"Orb Walker","floor":35,"turns":3},{"damage":0,"enemies":"3 Shapes","floor":36,"turns":3},{"damage":11,"enemies":"Mind Bloom Boss Battle","floor":38,"turns":6},{"damage":27,"enemies":"Nemesis","floor":40,"turns":7},{"damage":15,"enemies":"Reptomancer","floor":41,"turns":4},{"damage":0,"enemies":"Spire Growth","floor":42,"turns":2},{"damage":38,"enemies":"Nemesis","floor":44,"turns":5},{"damage":4,"enemies":"2 Orb Walkers","floor":45,"turns":3},{"damage":0,"enemies":"Transient","floor":48,"turns":4},{"damage":16,"enemies":"Time Eater","floor":50,"turns":11}],"seed_played":"-2539474613017619678","potions_obtained":[{"floor":1.0,"key":"EssenceOfSteel"},{"floor":11.0,"key":"Poison Potion"},{"floor":13.0,"key":"Fire Potion"},{"floor":14.0,"key":"PowerPotion"},{"floor":18.0,"key":"Dexterity Potion"},{"floor":31,"key":"SteroidPotion"},{"floor":45,"key":"Fruit Juice"}],"is_trial":false,"path_per_floor":["M","?","M","M","?","E","M","R","T","$","M","R","?","E","R","B",null,"M","$","?","$","M","R","M","E","T","R","M","E","?","M","R","B",null,"M","M","$","?","?","E","E","M","T","E","?","R","$","M","R","B",null],"character_chosen":"IRONCLAD","items_purchased":["Fire Breathing","Gambling Chip","Dead Branch","Feel No Pain","Fruit Juice"],"campfire_rested":3,"item_purchase_floors":[10,21,47,47,47],"current_hp_per_floor":[80,80,80,80,80,62,60,60,60,60,51,51,53,54,54,45,80,78,78,78,78,74,74,76,57,57,57,55,61,61,61,80,43,80,80,80,80,75,75,56,47,57,57,27,38,68,73,85,108,98],"gold":98,"neow_bonus":"","is_prod":false,"is_daily":true,"chose_seed":false,"campfire_upgraded":2,"win_rate":0,"timestamp":1571280496,"path_taken":["M","?","M","?","?","E","M","R","T","?","M","R","?","E","R","BOSS","M","$","?","$","M","R","?","E","T","R","?","E","?","M","R","BOSS","M","M","$","?","?","E","E","M","T","E","?","R","$","M","R","BOSS"],"build_version":"2019-07-17","purchased_purges":0,"victory":true,"max_hp_per_floor":[80,80,80,80,80,80,80,80,80,80,80,80,80,80,80,80,80,80,80,80,80,80,80,80,80,80,80,80,80,80,80,80,80,80,80,80,80,80,80,82,82,86,86,88,95,97,102,106,108,108],"card_choices":[{"not_picked":["Thunderclap"],"picked":"True Grit","floor":1.0},{"not_picked":["Warcry"],"picked":"Disarm","floor":3.0},{"not_picked":["Carnage"],"picked":"Flame Barrier","floor":4.0},{"not_picked":["Clothesline"],"picked":"Metallicize","floor":6.0},{"not_picked":["Shrug It Off"],"picked":"Heavy Blade","floor":7.0},{"not_picked":["Headbutt"],"picked":"Flex","floor":11.0},{"not_picked":["Headbutt"],"picked":"Heavy Blade","floor":13.0},{"not_picked":["Pummel"],"picked":"Rupture","floor":14.0},{"not_picked":["Brutality"],"picked":"Bludgeon","floor":16.0},{"not_picked":["Clash"],"picked":"Feel No Pain","floor":18.0},{"not_picked":["Power Through+1"],"picked":"Inflame","floor":22.0},{"not_picked":["Havoc","Wild Strike"],"picked":"SKIP","floor":24.0},{"not_picked":["Blood for Blood"],"picked":"Spot Weakness+1","floor":25.0},{"not_picked":["Havoc","Dropkick+1"],"picked":"SKIP","floor":28},{"not_picked":["Anger+1"],"picked":"Pommel Strike+1","floor":29},{"not_picked":["Headbutt+1"],"picked":"Ghostly Armor","floor":31},{"not_picked":["Brutality"],"picked":"Immolate+1","floor":33},{"not_picked":["Dual Wield"],"picked":"Perfected Strike+1","floor":35},{"not_picked":["Havoc","Intimidate"],"picked":"SKIP","floor":36},{"not_picked":["Clothesline+1"],"picked":"Perfected Strike+1","floor":38},{"not_picked":["Trip"],"picked":"Finesse","floor":39},{"not_picked":["Perfected Strike+1","Infernal Blade+1"],"picked":"Singing Bowl","floor":40},{"not_picked":["Second Wind"],"picked":"Limit Break","floor":41},{"not_picked":["Havoc","True Grit+1"],"picked":"Singing Bowl","floor":42},{"not_picked":["Intimidate+1","Armaments+1"],"picked":"Singing Bowl","floor":42},{"not_picked":["Warcry","Second Wind+1"],"picked":"Singing Bowl","floor":44},{"not_picked":["Iron Wave+1","Pommel Strike+1"],"picked":"Singing Bowl","floor":45},{"not_picked":["Sword Boomerang+1","Iron Wave+1"],"picked":"Singing Bowl","floor":46},{"not_picked":["Disarm","Clash+1"],"picked":"Singing Bowl","floor":48},{"not_picked":["Havoc","Spot Weakness"],"picked":"Singing Bowl","floor":48},{"not_picked":["Iron Wave+1","Clothesline+1"],"picked":"Singing Bowl","floor":49}],"player_experience":3767894,"relics_obtained":[{"floor":6.0,"key":"Du-Vu Doll"},{"floor":9.0,"key":"Bronze Scales"},{"floor":13.0,"key":"Odd Mushroom"},{"floor":14.0,"key":"Girya"},{"floor":25.0,"key":"PreservedInsect"},{"floor":26,"key":"Molten Egg 2"},{"floor":29,"key":"Dream Catcher"},{"floor":38,"key":"WingedGreaves"},{"floor":40,"key":"Singing Bowl"},{"floor":41,"key":"Prayer Wheel"},{"floor":44,"key":"Blood Vial"},{"floor":45,"key":"Turnip"}],"event_choices":[{"damage_healed":0.0,"max_hp_gain":0.0,"max_hp_loss":0.0,"gold_gain":0.0,"event_name":"Match and Keep!","player_choice":"2 cards matched","floor":2.0,"gold_loss":0.0,"damage_taken":0.0,"cards_obtained":["Finesse","Warcry"]},{"cards_removed":["Hemokinesis"],"damage_healed":0.0,"max_hp_gain":0.0,"max_hp_loss":0.0,"gold_gain":0.0,"event_name":"Purifier","player_choice":"Purged","floor":5.0,"gold_loss":0.0,"damage_taken":0.0},{"damage_healed":0.0,"max_hp_gain":0.0,"max_hp_loss":0.0,"gold_gain":0.0,"event_name":"Mushrooms","player_choice":"Fought Mushrooms","floor":13.0,"gold_loss":0.0,"damage_taken":0.0},{"damage_healed":0.0,"max_hp_gain":0.0,"max_hp_loss":0.0,"gold_gain":0.0,"event_name":"Lab","player_choice":"Got Potions","floor":20.0,"gold_loss":0.0,"damage_taken":0.0},{"damage_healed":0,"gold_gain":0,"player_choice":"Ignored","damage_taken":0,"max_hp_gain":0,"max_hp_loss":0,"event_name":"Ghosts","floor":30,"gold_loss":0},{"damage_healed":0,"gold_gain":0,"player_choice":"Fight","damage_taken":0,"max_hp_gain":0,"max_hp_loss":0,"event_name":"MindBloom","floor":38,"gold_loss":0},{"damage_healed":0,"gold_gain":0,"player_choice":"Memory 1","damage_taken":0,"max_hp_gain":0,"max_hp_loss":0,"event_name":"SensoryStone","floor":39,"gold_loss":0},{"damage_healed":0,"gold_gain":0,"player_choice":"Fight","damage_taken":0,"max_hp_gain":0,"max_hp_loss":0,"event_name":"Mysterious Sphere","floor":45,"gold_loss":0}],"is_beta":false,"boss_relics":[{"not_picked":["Empty Cage","Astrolabe"],"picked":"Snecko Eye"},{"not_picked":["Orrery","White Beast Statue"],"picked":"Cursed Key"}],"items_purged_floors":[],"is_endless":false,"potions_floor_spawned":[1,11,13,14,18,31,35,38,45],"ascension_level":0}