{"gold_per_floor":[19,33,47,47,47,75,95,95,95,128,128,147,179,211,223,330,342,267,267,267,207,207,207,207],"floor_reached":24,"playtime":1589,"items_purged":["Strike_R"],"score":225,"play_id":"dfe807d7-053d-4924-be00-a49e021860a5","local_time":"20190902204221","is_ascension_mode":true,"campfire_choices":[{"floor":8,"key":"REST"},{"data":"Seeing Red","floor":11,"key":"SMITH"},{"data":"Armaments","floor":15,"key":"SMITH"},{"data":"Barricade","floor":23,"key":"SMITH"}],"neow_cost":"NO_GOLD","seed_source_timestamp":137226228066400,"circlet_count":0,"master_deck":["Strike_R","Strike_R+1","Strike_R","Defend_R","Defend_R","Defend_R+1","Defend_R","Bash","Impervious","Shrug It Off","Warcry","Evolve","True Grit","Seeing Red+1","Shockwave","Uppercut","Armaments+1","Barricade+1","Disarm","Decay"],"relics":["Burning Blood","The Courier","Letter Opener","Lantern","MawBank","Ectoplasm"],"potions_floor_usage":[6,10,13,16,24,24],"damage_taken":[{"damage":1,"enemies":"Cultist","floor":1,"turns":4},{"damage":7,"enemies":"2 Louse","floor":2,"turns":3},{"damage":2,"enemies":"Small Slimes","floor":3,"turns":5},{"damage":40,"enemies":"Gremlin Nob","floor":6,"turns":7},{"damage":13,"enemies":"Gremlin Gang","floor":7,"turns":8},{"damage":23,"enemies":"3 Sentries","floor":10,"turns":16},{"damage":6,"enemies":"Exordium Wildlife","floor":12,"turns":6},{"damage":17,"enemies":"Lagavulin","floor":13,"turns":10},{"damage":0,"enemies":"3 Louse","floor":14,"turns":4},{"damage":43,"enemies":"Slime Boss","floor":16,"turns":16},{"damage":11,"enemies":"2 Thieves","floor":18,"turns":4},{"damage":113,"enemies":"Gremlin Leader","floor":24,"turns":13}],"seed_played":"-7108394239358618523","potions_obtained":[{"floor":2,"key":"Energy Potion"},{"floor":3,"key":"BloodPotion"},{"floor":7,"key":"PowerPotion"},{"floor":13,"key":"Regen Potion"},{"floor":16,"key":"Regen Potion"},{"floor":18,"key":"BloodPotion"}],"is_trial":false,"path_per_floor":["M","M","M","?","?","E","M","R","T","E","R","M","E","M","R","B",null,"M","?","?","$","?","R","E"],"character_chosen":"IRONCLAD","items_purchased":[],"campfire_rested":1,"item_purchase_floors":[],"current_hp_per_floor":[80,79,80,64,64,50,43,67,67,50,50,50,39,45,45,23,80,75,75,75,75,75,75,0],"gold":207,"neow_bonus":"THREE_RARE_CARDS","is_prod":false,"is_daily":false,"chose_seed":false,"campfire_upgraded":3,"win_rate":0,"timestamp":1567482141,"path_taken":["M","?","M","?","?","E","M","R","T","E","R","M","E","?","R","BOSS","M","?","?","$","?","R","E"],"build_version":"2019-08-26","purchased_purges":1,"victory":false,"max_hp_per_floor":[80,80,80,80,80,80,80,80,80,80,80,80,80,80,80,80,80,80,80,80,80,80,80,80],"card_choices":[{"not_picked":["Bludgeon","Fiend Fire"],"picked":"Impervious","floor":0},{"not_picked":["Searing Blow","Ghostly Armor"],"picked":"Shrug It Off","floor":1},{"not_picked":["Cleave","Clash"],"picked":"Warcry","floor":2},{"not_picked":["Shockwave","Flex"],"picked":"Evolve","floor":3},{"not_picked":["Iron Wave","Anger"],"picked":"True Grit","floor":6},{"not_picked":["Warcry","Dark Embrace","Wild Strike"],"picked":"SKIP","floor":7},{"not_picked":["Feel No Pain","Iron Wave"],"picked":"Seeing Red","floor":10},{"not_picked":["Dual Wield","Cleave"],"picked":"Shockwave","floor":12},{"not_picked":["Reckless Charge","Fire Breathing"],"picked":"Uppercut","floor":13},{"not_picked":["Warcry","Heavy Blade"],"picked":"Armaments","floor":14},{"not_picked":["Feed","Limit Break"],"picked":"Barricade","floor":16},{"not_picked":["Iron Wave","Havoc+1","Metallicize"],"picked":"SKIP","floor":18}],"player_experience":1463206,"relics_obtained":[{"floor":6,"key":"The Courier"},{"floor":9,"key":"Letter Opener"},{"floor":10,"key":"Lantern"},{"floor":13,"key":"MawBank"}],"event_choices":[{"damage_healed":0,"gold_gain":0,"player_choice":"Entered Light","damage_taken":16,"max_hp_gain":0,"max_hp_loss":0,"event_name":"Shining Light","floor":4,"gold_loss":0,"cards_upgraded":["Defend_R","Strike_R"]},{"cards_removed":["Strike_R"],"damage_healed":0,"gold_gain":0,"player_choice":"Card Removal","damage_taken":0,"max_hp_gain":0,"max_hp_loss":0,"event_name":"Wheel of Change","floor":5,"gold_loss":0},{"damage_healed":0,"gold_gain":0,"player_choice":"Ignored","damage_taken":0,"max_hp_gain":0,"max_hp_loss":0,"event_name":"Ghosts","floor":19,"gold_loss":0},{"damage_healed":0,"gold_gain":0,"player_choice":"Read","damage_taken":0,"max_hp_gain":0,"max_hp_loss":0,"event_name":"The Library","floor":20,"gold_loss":0,"cards_obtained":["Disarm"]},{"damage_healed":0,"gold_gain":0,"player_choice":"Smashed Altar","damage_taken":0,"max_hp_gain":0,"max_hp_loss":0,"event_name":"Forgotten Altar","floor":22,"gold_loss":0,"cards_obtained":["Decay"]}],"is_beta":true,"boss_relics":[{"not_picked":["Astrolabe","Philosopher\u0027s Stone"],"picked":"Ectoplasm"}],"items_purged_floors":[21],"is_endless":false,"potions_floor_spawned":[2,3,7,13,16,18],"killed_by":"Gremlin Leader","ascension_level":1}