{"gold_per_floor":[117,117,176,191,191,229,259,271,358,370,382,409,442,495,507,643,655,680,708,720,748,779,791,842,873,885,897,909,921,956,986,998,1010],"floor_reached":33,"playtime":4422,"items_purged":[],"score":279,"play_id":"103acd76-05f3-4120-8cf7-78f310405bba","local_time":"20191006000619","is_ascension_mode":false,"campfire_choices":[{"floor":8,"key":"REST"},{"data":"Predator","floor":10,"key":"SMITH"},{"floor":15,"key":"REST"},{"floor":23,"key":"REST"},{"floor":27,"key":"REST"},{"floor":29,"key":"REST"},{"floor":32,"key":"REST"}],"neow_cost":"NONE","seed_source_timestamp":164363385749200,"circlet_count":0,"master_deck":["Strike_G","Strike_G","Strike_G","Strike_G","Strike_G","Defend_G","Defend_G","Defend_G","Defend_G","Defend_G","Survivor","Neutralize","Predator+1","Blur","Underhanded Strike","Flying Knee","Catalyst","Dodge and Roll","Flying Knee","Glass Knife","Caltrops+1","Bane","Prepared","Escape Plan","Choke+1","Expertise","Injury","Dagger Spray","Prepared"],"relics":["Busted Crown","Golden Idol","MawBank","Tiny Chest","Mango","Cursed Key","Nunchaku","Frozen Egg 2","Gremlin Horn"],"potions_floor_usage":[6,13,24,25,33,33,33],"damage_taken":[{"damage":2,"enemies":"2 Louse","floor":1,"turns":4},{"damage":0,"enemies":"Small Slimes","floor":4,"turns":3},{"damage":25,"enemies":"Gremlin Nob","floor":6,"turns":5},{"damage":1,"enemies":"Jaw Worm","floor":7,"turns":3},{"damage":10,"enemies":"Gremlin Gang","floor":12,"turns":5},{"damage":16,"enemies":"Large Slime","floor":13,"turns":4},{"damage":19,"enemies":"Lagavulin","floor":14,"turns":7},{"damage":41,"enemies":"Slime Boss","floor":16,"turns":19},{"damage":1,"enemies":"Chosen","floor":18,"turns":5},{"damage":19,"enemies":"Spheric Guardian","floor":19,"turns":4},{"damage":7,"enemies":"Chosen and Byrds","floor":21,"turns":5},{"damage":25,"enemies":"Shelled Parasite and Fungi","floor":22,"turns":5},{"damage":26,"enemies":"Book of Stabbing","floor":24,"turns":5},{"damage":28,"enemies":"Centurion and Healer","floor":25,"turns":6},{"damage":24,"enemies":"Snake Plant","floor":30,"turns":4},{"damage":10,"enemies":"Snecko","floor":31,"turns":5},{"damage":49,"enemies":"Automaton","floor":33,"turns":8}],"seed_played":"-365338337023358497","potions_obtained":[{"floor":1,"key":"SteroidPotion"},{"floor":4,"key":"Regen Potion"},{"floor":16,"key":"GhostInAJar"},{"floor":19,"key":"Strength Potion"},{"floor":22,"key":"Fire Potion"},{"floor":24,"key":"Explosive Potion"},{"floor":30,"key":"Energy Potion"}],"is_trial":false,"path_per_floor":["M","?","?","M","?","E","M","R","T","R","$","M","M","E","R","B",null,"M","M","?","M","M","R","E","M","T","R","?","R","M","M","R","B"],"character_chosen":"THE_SILENT","items_purchased":[],"campfire_rested":6,"item_purchase_floors":[],"current_hp_per_floor":[68,51,51,51,51,26,25,46,46,46,46,36,32,27,52,11,84,83,64,64,57,32,57,31,3,3,28,28,53,29,19,44,0],"gold":1010,"neow_bonus":"BOSS_RELIC","is_prod":false,"is_daily":false,"chose_seed":false,"campfire_upgraded":1,"win_rate":0.0,"timestamp":1570338379,"path_taken":["M","?","?","M","?","E","M","R","T","R","$","M","M","E","R","BOSS","M","M","?","?","M","R","E","M","T","R","?","R","M","M","R","BOSS"],"build_version":"2019-07-17","purchased_purges":0,"victory":false,"max_hp_per_floor":[70,70,70,70,70,70,70,70,70,70,70,70,70,84,84,84,84,84,84,84,84,84,84,84,84,84,84,84,84,84,84,84,84],"card_choices":[{"not_picked":[],"picked":"Predator","floor":1},{"not_picked":[],"picked":"Blur","floor":4},{"not_picked":[],"picked":"Underhanded Strike","floor":6},{"not_picked":[],"picked":"Flying Knee","floor":7},{"not_picked":[],"picked":"Catalyst","floor":12},{"not_picked":[],"picked":"Dodge and Roll","floor":13},{"not_picked":[],"picked":"Flying Knee","floor":14},{"not_picked":[],"picked":"Glass Knife","floor":16},{"not_picked":[],"picked":"Caltrops+1","floor":18},{"not_picked":[],"picked":"Bane","floor":19},{"not_picked":[],"picked":"Prepared","floor":21},{"not_picked":[],"picked":"Escape Plan","floor":22},{"not_picked":[],"picked":"Choke","floor":24},{"not_picked":[],"picked":"Expertise","floor":25},{"not_picked":[],"picked":"Dagger Spray","floor":30},{"not_picked":[],"picked":"Prepared","floor":31}],"player_experience":68257,"relics_obtained":[{"floor":6,"key":"MawBank"},{"floor":9,"key":"Tiny Chest"},{"floor":14,"key":"Mango"},{"floor":20,"key":"Nunchaku"},{"floor":24,"key":"Frozen Egg 2"},{"floor":26,"key":"Gremlin Horn"}],"event_choices":[{"damage_healed":0,"gold_gain":0,"player_choice":"Take Damage","damage_taken":17,"relics_obtained":["Golden Idol"],"max_hp_gain":0,"max_hp_loss":0,"event_name":"Golden Idol","floor":2,"gold_loss":0},{"damage_healed":0,"gold_gain":59,"player_choice":"Gained Gold","damage_taken":0,"max_hp_gain":0,"max_hp_loss":0,"event_name":"Golden Wing","floor":3,"gold_loss":0},{"damage_healed":0,"gold_gain":0,"player_choice":"Ignored","damage_taken":0,"max_hp_gain":0,"max_hp_loss":0,"event_name":"Liars Game","floor":5,"gold_loss":0},{"damage_healed":0,"gold_gain":0,"player_choice":"Relic","damage_taken":0,"max_hp_gain":0,"max_hp_loss":0,"event_name":"Wheel of Change","floor":20,"gold_loss":0},{"damage_healed":0,"gold_gain":0,"player_choice":"Forge","damage_taken":0,"max_hp_gain":0,"max_hp_loss":0,"event_name":"Accursed Blacksmith","floor":28,"gold_loss":0,"cards_upgraded":["Choke"]}],"is_beta":false,"boss_relics":[{"not_picked":["Runic Dome","Philosopher\u0027s Stone"],"picked":"Cursed Key"}],"items_purged_floors":[],"is_endless":false,"potions_floor_spawned":[1,4,16,19,22,24,30],"killed_by":"Automaton","ascension_level":0}