{"gold_per_floor":[109,119,119,132,148,182,182,213,213,213,229,229,249,10,10,89,89,100,100,120,120,120,120,146,19,99,99,117,117],"floor_reached":29,"playtime":7446,"items_purged":["Strike_B"],"score":481,"play_id":"48c7a092-6b14-43d3-a63f-94f6f09a6a0c","local_time":"20190713213400","is_ascension_mode":true,"campfire_choices":[{"floor":7.0,"key":"REST"},{"data":"Zap","floor":10.0,"key":"SMITH"},{"data":"Sweeping Beam","floor":12.0,"key":"SMITH"},{"floor":15,"key":"REST"},{"data":"Defragment","floor":23,"key":"SMITH"},{"data":"Coolheaded","floor":27,"key":"SMITH"}],"neow_cost":"NONE","seed_source_timestamp":0,"circlet_count":0,"master_deck":["AscendersBane","Strike_B","Strike_B","Defend_B","Defend_B","Defend_B","Defend_B","Zap+1","Dualcast","Coolheaded+1","Self Repair","Rebound","Go for the Eyes","Compile Driver","Biased Cognition","Force Field+1","Sweeping Beam+1","Apotheosis+1","Hologram+1","Thunder Strike","Defragment+1","Stack+1","Recycle+1","Barrage","Capacitor"],"special_seed":0,"relics":["Cracked Core","NeowsBlessing","Du-Vu Doll","Toxic Egg 2","Pear","Sozu","Blue Candle","Pantograph"],"potions_floor_usage":[24],"damage_taken":[{"damage":0.0,"enemies":"Cultist","floor":1.0,"turns":1.0},{"damage":0.0,"enemies":"Small Slimes","floor":2.0,"turns":1.0},{"damage":0.0,"enemies":"Jaw Worm","floor":4.0,"turns":1.0},{"damage":7.0,"enemies":"Exordium Wildlife","floor":5.0,"turns":4.0},{"damage":36.0,"enemies":"Lagavulin","floor":6.0,"turns":7.0},{"damage":32.0,"enemies":"3 Sentries","floor":8.0,"turns":7.0},{"damage":18.0,"enemies":"Lots of Slimes","floor":11.0,"turns":3.0},{"damage":2.0,"enemies":"Blue Slaver","floor":13.0,"turns":3.0},{"damage":32,"enemies":"Hexaghost","floor":16,"turns":12},{"damage":10,"enemies":"Chosen","floor":18,"turns":7},{"damage":18,"enemies":"2 Thieves","floor":20,"turns":3},{"damage":28,"enemies":"Gremlin Leader","floor":24,"turns":5},{"damage":28,"enemies":"Snake Plant","floor":28,"turns":5},{"damage":4,"enemies":"Centurion and Healer","floor":29,"turns":1}],"seed_played":"-311086862234000958","potions_obtained":[{"floor":11.0,"key":"FocusPotion"},{"floor":13.0,"key":"GamblersBrew"}],"is_trial":false,"path_per_floor":["M","M","?","M","M","E","R","E","T","R","M","R","M","$","R","B",null,"M","?","M","?","$","R","E","$","T","R","M","M"],"character_chosen":"DEFECT","items_purchased":["Apotheosis+1","Hologram+1","Barrage"],"campfire_rested":2,"item_purchase_floors":[14,14,25],"current_hp_per_floor":[64,64,64,64,57,28,49,24,34,34,16,16,14,14,38,16,65,65,65,47,47,47,47,29,29,29,29,1,0],"gold":117,"neow_bonus":"THREE_ENEMY_KILL","is_prod":false,"is_daily":false,"chose_seed":false,"campfire_upgraded":4,"win_rate":0,"timestamp":1563078840,"path_taken":["M","?","?","M","M","E","R","E","T","R","?","R","M","$","R","BOSS","M","?","M","?","?","R","E","$","T","R","M","M"],"build_version":"2019-07-05","purchased_purges":1,"victory":false,"max_hp_per_floor":[71,71,71,71,71,71,71,71,81,81,81,81,81,81,81,81,81,81,81,81,81,81,81,81,81,81,81,81,81],"card_choices":[{"not_picked":["Go for the Eyes","Beam Cell"],"picked":"Coolheaded","floor":1.0},{"not_picked":["Streamline","Leap"],"picked":"Self Repair","floor":2.0},{"not_picked":["Skim","Tempest"],"picked":"Go for the Eyes","floor":4.0},{"not_picked":["Redo","Leap"],"picked":"Compile Driver","floor":5.0},{"not_picked":["Force Field","Ball Lightning"],"picked":"Biased Cognition","floor":6.0},{"not_picked":["Double Energy","Conserve Battery"],"picked":"Force Field","floor":8.0},{"not_picked":["Heatsinks","Hologram+1"],"picked":"Sweeping Beam","floor":11.0},{"not_picked":["Hello World","Doom and Gloom","Thunder Strike"],"picked":"SKIP","floor":13.0},{"not_picked":["Hyperbeam","Amplify+1"],"picked":"Thunder Strike","floor":16},{"not_picked":["Reprogram+1","Rebound","Beam Cell"],"picked":"SKIP","floor":18},{"not_picked":["Steam+1","FTL"],"picked":"Stack+1","floor":20},{"not_picked":["Conserve Battery+1","Buffer"],"picked":"Recycle+1","floor":24},{"not_picked":["Doom and Gloom","Ball Lightning"],"picked":"Capacitor","floor":28}],"player_experience":2075979,"relics_obtained":[{"floor":6.0,"key":"Du-Vu Doll"},{"floor":8.0,"key":"Toxic Egg 2"},{"floor":9.0,"key":"Pear"},{"floor":24,"key":"Blue Candle"},{"floor":26,"key":"Pantograph"}],"event_choices":[{"damage_healed":0.0,"max_hp_gain":0.0,"max_hp_loss":0.0,"gold_gain":0.0,"cards_transformed":["Strike_B"],"event_name":"Transmorgrifier","player_choice":"Transformed","floor":3.0,"gold_loss":0.0,"damage_taken":0.0,"cards_obtained":["Rebound"]},{"damage_healed":0,"gold_gain":0,"player_choice":"Read","damage_taken":0,"max_hp_gain":0,"max_hp_loss":0,"event_name":"The Library","floor":19,"gold_loss":0,"cards_obtained":["Defragment"]},{"damage_healed":0,"gold_gain":0,"player_choice":"Ignored","damage_taken":0,"max_hp_gain":0,"max_hp_loss":0,"event_name":"The Mausoleum","floor":21,"gold_loss":0}],"is_beta":false,"boss_relics":[{"not_picked":["Philosopher\u0027s Stone","Lizard Tail"],"picked":"Sozu"}],"items_purged_floors":[25],"is_endless":false,"potions_floor_spawned":[11,13,18,24],"killed_by":"Centurion and Healer","ascension_level":18}