{"gold_per_floor":[111,186,201,212,224,256,266,266,292,292,304,331,354,376,388,478,490,490,490,252,252,252,252,252,252,252,252,252,198,198,198,198,198],"floor_reached":33,"playtime":3352,"items_purged":[],"score":489,"play_id":"ded9597a-01d7-4330-98b6-3b6c9560d8b4","local_time":"20190605114538","is_ascension_mode":true,"campfire_choices":[{"data":"Armaments","floor":8,"key":"SMITH"},{"data":"Armaments","floor":15,"key":"SMITH"},{"floor":23,"key":"REST"},{"data":"Shrug It Off","floor":25,"key":"SMITH"},{"data":"Barricade","floor":28,"key":"SMITH"},{"floor":32,"key":"REST"}],"neow_cost":"NONE","seed_source_timestamp":1859740967000037,"circlet_count":0,"master_deck":["AscendersBane","Defend_R","Defend_R","Defend_R","Defend_R","Bash","Perfected Strike","Armaments+1","Perfected Strike","Barricade+1","Twin Strike","Armaments+1","Twin Strike","Fiend Fire","Cleave","Shrug It Off+1","Twin Strike","Demon Form","Shockwave","Pommel Strike","Perfected Strike+1","Body Slam","True Grit","Iron Wave","Bite","Bite","Bite","Bite","Bite"],"relics":["Burning Blood","Orichalcum","MawBank","Ectoplasm","Pear","Strawberry","Vajra","Nloth\u0027s Gift"],"potions_floor_usage":[5,6,12,16,16,18,27,33],"damage_taken":[{"damage":2,"enemies":"2 Louse","floor":1,"turns":3},{"damage":2,"enemies":"Jaw Worm","floor":3,"turns":5},{"damage":1,"enemies":"Cultist","floor":4,"turns":3},{"damage":3,"enemies":"Large Slime","floor":5,"turns":7},{"damage":30,"enemies":"3 Sentries","floor":6,"turns":8},{"damage":6,"enemies":"3 Louse","floor":7,"turns":2},{"damage":6,"enemies":"Gremlin Gang","floor":11,"turns":6},{"damage":10,"enemies":"Gremlin Nob","floor":12,"turns":3},{"damage":0,"enemies":"Large Slime","floor":13,"turns":4},{"damage":2,"enemies":"Blue Slaver","floor":14,"turns":3},{"damage":46,"enemies":"Hexaghost","floor":16,"turns":13},{"damage":24,"enemies":"Shell Parasite","floor":18,"turns":4},{"damage":21,"enemies":"Spheric Guardian","floor":19,"turns":4},{"damage":3,"enemies":"Chosen and Byrds","floor":21,"turns":6},{"damage":15,"enemies":"Centurion and Healer","floor":22,"turns":5},{"damage":30,"enemies":"Book of Stabbing","floor":24,"turns":4},{"damage":11,"enemies":"Snake Plant","floor":27,"turns":2},{"damage":90,"enemies":"Champ","floor":33,"turns":9}],"seed_played":"-8968441527092662645","potions_obtained":[{"floor":4,"key":"EssenceOfSteel"},{"floor":5,"key":"Strength Potion"},{"floor":11,"key":"Poison Potion"},{"floor":12,"key":"Fire Potion"},{"floor":14,"key":"SkillPotion"},{"floor":16,"key":"SkillPotion"},{"floor":22,"key":"Fire Potion"},{"floor":24,"key":"Energy Potion"}],"is_trial":false,"path_per_floor":["M","?","M","M","M","E","M","R","T","?","M","E","M","M","R","B",null,"M","M","$","M","M","R","E","R","T","M","R","$","?","?","R","B"],"character_chosen":"IRONCLAD","items_purchased":["Pear","Iron Wave"],"campfire_rested":2,"item_purchase_floors":[20,29],"current_hp_per_floor":[76,65,69,74,77,53,53,53,53,58,58,54,60,64,64,24,70,52,37,47,50,41,69,52,52,52,47,47,47,47,47,68,0],"gold":198,"neow_bonus":"THREE_CARDS","is_prod":false,"is_daily":false,"chose_seed":false,"campfire_upgraded":4,"win_rate":0,"timestamp":1559760338,"path_taken":["M","?","M","M","M","E","M","R","T","?","M","E","M","M","R","BOSS","M","M","$","M","M","R","E","R","T","M","R","$","?","?","R","BOSS"],"build_version":"2019-01-23","purchased_purges":0,"victory":false,"max_hp_per_floor":[80,80,80,80,80,80,80,80,80,85,85,85,85,85,85,85,85,85,85,95,95,95,95,102,102,102,102,102,102,71,71,71,71],"card_choices":[{"not_picked":["Pommel Strike","Corruption"],"picked":"Perfected Strike","floor":0},{"not_picked":["Feel No Pain","Headbutt"],"picked":"Armaments","floor":1},{"not_picked":["Infernal Blade","Shrug It Off"],"picked":"Perfected Strike","floor":3},{"not_picked":["Burning Pact","Infernal Blade"],"picked":"Barricade","floor":4},{"not_picked":["Blood for Blood","Carnage"],"picked":"Twin Strike","floor":5},{"not_picked":["Headbutt","Feel No Pain"],"picked":"Armaments","floor":6},{"not_picked":["Wild Strike","Thunderclap"],"picked":"Twin Strike","floor":7},{"not_picked":["Blood for Blood","Iron Wave"],"picked":"Fiend Fire","floor":11},{"not_picked":["Rupture","Havoc"],"picked":"Cleave","floor":12},{"not_picked":["Headbutt","Armaments"],"picked":"Shrug It Off","floor":13},{"not_picked":["Dual Wield","Sword Boomerang"],"picked":"Twin Strike","floor":14},{"not_picked":["Offering","Fiend Fire"],"picked":"Demon Form","floor":16},{"not_picked":["Wild Strike","Thunderclap+1"],"picked":"Shockwave","floor":18},{"not_picked":["Fire Breathing","Thunderclap+1"],"picked":"Pommel Strike","floor":19},{"not_picked":["Body Slam","Pummel"],"picked":"Perfected Strike+1","floor":21},{"not_picked":["Sword Boomerang","Thunderclap"],"picked":"Body Slam","floor":22},{"not_picked":["Clash+1","Anger","Evolve"],"picked":"SKIP","floor":24},{"not_picked":["Cleave","Juggernaut"],"picked":"True Grit","floor":27}],"player_experience":625514,"relics_obtained":[{"floor":6,"key":"Orichalcum"},{"floor":9,"key":"Omamori"},{"floor":12,"key":"MawBank"},{"floor":24,"key":"Strawberry"},{"floor":26,"key":"Vajra"}],"event_choices":[{"damage_healed":0,"gold_gain":75,"player_choice":"Gather Gold","damage_taken":11,"max_hp_gain":0,"max_hp_loss":0,"event_name":"World of Goop","floor":2,"gold_loss":0},{"damage_healed":0,"gold_gain":0,"player_choice":"Donut","damage_taken":0,"max_hp_gain":5,"max_hp_loss":0,"event_name":"Big Fish","floor":10,"gold_loss":0},{"damage_healed":0,"gold_gain":0,"player_choice":"Became a vampire","damage_taken":0,"max_hp_gain":0,"max_hp_loss":31,"event_name":"Vampires","floor":30,"gold_loss":0,"cards_obtained":["Bite","Bite","Bite","Bite","Bite"]},{"damage_healed":0,"gold_gain":0,"player_choice":"Traded Relic","damage_taken":0,"relics_obtained":["Nloth\u0027s Gift"],"max_hp_gain":0,"max_hp_loss":0,"event_name":"N\u0027loth","floor":31,"relics_lost":["Omamori"],"gold_loss":0}],"is_beta":false,"boss_relics":[{"not_picked":["Astrolabe","Eternal Feather"],"picked":"Ectoplasm"}],"items_purged_floors":[],"is_endless":false,"potions_floor_spawned":[4,5,11,12,14,16,22,24],"killed_by":"Champ","ascension_level":13}