{"path_per_floor":["M","M","M","$","M","R","M","R","T","E","M","?","R","?","R"],"character_chosen":"DEFECT","items_purchased":["Loop","Conserve Battery"],"gold_per_floor":[113,133,145,22,42,42,59,59,59,84,103,103,103,203,203,203],"floor_reached":16,"campfire_rested":0,"playtime":662,"item_purchase_floors":[4,4],"current_hp_per_floor":[75,74,74,74,74,74,70,70,70,50,50,50,50,50,50,0],"items_purged":[],"gold":203,"score":128,"play_id":"43a650b5-2147-4eaa-8b98-74c79560505a","local_time":"20180609190043","is_prod":false,"is_daily":false,"chose_seed":false,"is_ascension_mode":true,"campfire_upgraded":4,"win_rate":0,"timestamp":1528596043,"campfire_choices":[{"data":"Hologram","floor":6,"key":"SMITH"},{"data":"Loop","floor":8,"key":"SMITH"},{"data":"Capacitor","floor":13,"key":"SMITH"},{"data":"Conserve Battery","floor":15,"key":"SMITH"}],"path_taken":["M","M","M","$","M","R","M","R","T","E","M","?","R","?","R","BOSS"],"build_version":"2018-06-07v3","seed_source_timestamp":16581184377653,"purchased_purges":0,"victory":false,"master_deck":["Strike_B","Strike_B","Strike_B","Strike_B","Defend_B","Defend_B","Defend_B","Defend_B","Zap+1","Dualcast","BootSequence","Capacitor+1","Hologram+1","Loop+1","Conserve Battery+1","Auto Shields","Seek"],"max_hp_per_floor":[75,75,75,75,75,75,75,75,75,75,75,75,75,75,75,75],"relics":["Cracked Core","Dodecahedron","Regal Pillow"],"card_choices":[{"not_picked":["Steam","Stack"],"picked":"BootSequence","floor":1},{"not_picked":["Coolheaded","Steam Power"],"picked":"Capacitor","floor":2},{"not_picked":["Beam Cell","Hello World"],"picked":"Hologram","floor":3},{"not_picked":["Tempest","Leap"],"picked":"Auto Shields","floor":5},{"not_picked":["Turbo","Stack","Lockon"],"picked":"SKIP","floor":7},{"not_picked":["Reinforced Body","Gash"],"picked":"Seek","floor":10},{"not_picked":["Reinforced Body","Tempest","Redo"],"picked":"SKIP","floor":11}],"player_experience":411332,"potions_floor_usage":[10,10],"damage_taken":[{"damage":0,"enemies":"Jaw Worm","floor":1,"turns":3},{"damage":1,"enemies":"Cultist","floor":2,"turns":3},{"damage":0,"enemies":"Small Slimes","floor":3,"turns":3},{"damage":0,"enemies":"Red Slaver","floor":5,"turns":3},{"damage":4,"enemies":"3 Louse","floor":7,"turns":5},{"damage":20,"enemies":"Lagavulin","floor":10,"turns":4},{"damage":0,"enemies":"2 Fungi Beasts","floor":11,"turns":2},{"damage":50,"enemies":"Hexaghost","floor":16,"turns":10}],"relics_obtained":[{"floor":9,"key":"Dodecahedron"},{"floor":10,"key":"Regal Pillow"}],"event_choices":[{"event_name":"Dead Adventurer","player_choice":"Searched \u00270\u0027 times","floor":12,"damage_taken":0},{"event_name":"Golden Shrine","player_choice":"Pray","floor":14,"damage_taken":0}],"boss_relics":[],"items_purged_floors":[],"potions_floor_spawned":[2,5,7],"seed_played":"-8883838031675354945","killed_by":"Hexaghost","ascension_level":5,"potions_obtained":[{"floor":2,"key":"PowerPotion"},{"floor":5,"key":"AttackPotion"},{"floor":7,"key":"Strength Potion"}],"is_trial":false}