{"gold_per_floor":[211,229,229,76,91,121,121,121,167,17,52,69,19,34,34,135,135,135,135,135,135,135,135,135,135,135,135,135,135,135,135,135,135,135,135,135,135,29,29,29,29,29,29,29,29,29,29,29,29,29,29,29,29,29,29],"floor_reached":55,"playtime":3235,"items_purged":["Strike_R"],"score":834,"play_id":"f11d9b28-59e6-4348-82d7-7d186299960b","local_time":"20190830215639","is_ascension_mode":true,"campfire_choices":[{"data":"Blind","floor":8,"key":"SMITH"},{"data":"Whirlwind","floor":15,"key":"SMITH"},{"data":"Strike_R","floor":24,"key":"PURGE"},{"data":"Decay","floor":32,"key":"PURGE"},{"floor":41,"key":"REST"},{"floor":44,"key":"REST"},{"floor":49,"key":"RECALL"},{"data":"Writhe","floor":52,"key":"PURGE"}],"neow_cost":"NONE","seed_source_timestamp":13173051940500,"circlet_count":0,"master_deck":["Seeing Red","Pommel Strike","Iron Wave","Spot Weakness","Headbutt","Blind+1","Whirlwind+1","Inflame","True Grit","Sword Boomerang","Sword Boomerang","Flame Barrier","Inflame","Armaments","Thunderclap","Headbutt+1","Offering","Bludgeon","Entrench","Pummel","Corruption","Immolate","Battle Trance","Evolve+1","Battle Trance","Ghostly Armor","Armaments+1","Pommel Strike","Shockwave","Sword Boomerang+1","Heavy Blade+1"],"relics":["Burning Blood","PreservedInsect","Red Skull","Anchor","Darkstone Periapt","Ectoplasm","CultistMask","Peace Pipe","Vajra","Dodecahedron","Pandora\u0027s Box","Pocketwatch","Bag of Preparation","Centennial Puzzle","Orichalcum","Prayer Wheel","Strawberry"],"potions_floor_usage":[6,11,14,23,25,27,33,36,37,47,55],"damage_taken":[{"damage":0,"enemies":"2 Louse","floor":1,"turns":3},{"damage":5,"enemies":"Cultist","floor":2,"turns":4},{"damage":5,"enemies":"Small Slimes","floor":5,"turns":3},{"damage":16,"enemies":"Lagavulin","floor":6,"turns":5},{"damage":5,"enemies":"Gremlin Nob","floor":11,"turns":3},{"damage":0,"enemies":"3 Louse","floor":12,"turns":1},{"damage":0,"enemies":"2 Fungi Beasts","floor":14,"turns":2},{"damage":42,"enemies":"The Guardian","floor":16,"turns":12},{"damage":0,"enemies":"Chosen","floor":18,"turns":3},{"damage":13,"enemies":"Spheric Guardian","floor":19,"turns":5},{"damage":11,"enemies":"Chosen and Byrds","floor":21,"turns":5},{"damage":0,"enemies":"Book of Stabbing","floor":23,"turns":4},{"damage":34,"enemies":"Slavers","floor":25,"turns":5},{"damage":14,"enemies":"Book of Stabbing","floor":27,"turns":5},{"damage":8,"enemies":"3 Cultists","floor":28,"turns":3},{"damage":0,"enemies":"Cultist and Chosen","floor":29,"turns":4},{"damage":11,"enemies":"Centurion and Healer","floor":30,"turns":4},{"damage":51,"enemies":"Collector","floor":33,"turns":7},{"damage":17,"enemies":"3 Darklings","floor":35,"turns":3},{"damage":36,"enemies":"Mind Bloom Boss Battle","floor":36,"turns":4},{"damage":23,"enemies":"Orb Walker","floor":37,"turns":4},{"damage":17,"enemies":"Reptomancer","floor":40,"turns":4},{"damage":30,"enemies":"Nemesis","floor":42,"turns":5},{"damage":6,"enemies":"3 Darklings","floor":45,"turns":1},{"damage":6,"enemies":"Sphere and 2 Shapes","floor":47,"turns":3},{"damage":23,"enemies":"2 Orb Walkers","floor":48,"turns":3},{"damage":53,"enemies":"Awakened One","floor":50,"turns":8},{"damage":35,"enemies":"Shield and Spear","floor":54,"turns":3},{"damage":91,"enemies":"The Heart","floor":55,"turns":6}],"seed_played":"2754791317246044186","potions_obtained":[{"floor":1,"key":"FearPotion"},{"floor":5,"key":"PowerPotion"},{"floor":14,"key":"GamblersBrew"},{"floor":23,"key":"SpeedPotion"},{"floor":25,"key":"BloodPotion"},{"floor":29,"key":"Poison Potion"},{"floor":35,"key":"LiquidBronze"},{"floor":36,"key":"FearPotion"},{"floor":45,"key":"Weak Potion"},{"floor":54,"key":"Strength Potion"}],"is_trial":false,"path_per_floor":["M","M","?","$","M","E","?","R","T","$","E","M","$","M","R","B",null,"M","M","?","M","?","E","R","E","T","E","M","M","M","?","R","B",null,"M","?","M","$","?","E","R","E","T","R","M","?","M","?","R","B",null,"R","$","E","B"],"character_chosen":"IRONCLAD","items_purchased":["PreservedInsect","Whirlwind","Energy Potion","Battle Trance","Ghostly Armor"],"campfire_rested":2,"item_purchase_floors":[4,10,13,38,38],"current_hp_per_floor":[80,80,80,80,80,70,70,70,70,70,71,77,77,80,80,44,80,80,73,73,68,68,74,74,46,46,58,56,62,57,63,63,18,86,75,45,28,28,56,45,72,48,48,75,75,75,75,58,58,11,92,92,92,70,0],"gold":29,"neow_bonus":"HUNDRED_GOLD","is_prod":false,"is_daily":false,"chose_seed":false,"campfire_upgraded":2,"win_rate":0,"timestamp":1567227399,"path_taken":["M","M","?","$","?","E","?","R","T","$","E","M","?","?","R","BOSS","M","M","?","?","?","E","R","E","T","E","M","M","M","?","R","BOSS","M","?","M","$","?","E","R","E","T","R","M","?","?","?","R","BOSS","R","$","E","BOSS"],"build_version":"2019-08-26","purchased_purges":1,"victory":false,"max_hp_per_floor":[80,80,80,80,80,80,80,80,80,80,80,80,80,80,80,80,80,80,80,80,80,80,80,80,80,80,80,80,80,80,86,86,86,86,86,86,86,86,92,92,92,92,92,92,92,92,92,92,92,92,92,92,92,99,99],"card_choices":[{"not_picked":["Blood for Blood","Thunderclap"],"picked":"Seeing Red","floor":1},{"not_picked":["Thunderclap","Twin Strike"],"picked":"Pommel Strike","floor":2},{"not_picked":["Blood for Blood","Pommel Strike"],"picked":"Spot Weakness","floor":5},{"not_picked":["Anger","Second Wind"],"picked":"Headbutt","floor":6},{"not_picked":["Iron Wave","Pommel Strike"],"picked":"Inflame","floor":11},{"not_picked":["Corruption","Clash"],"picked":"True Grit","floor":12},{"not_picked":["Barricade","Headbutt"],"picked":"Sword Boomerang","floor":14},{"not_picked":["Cleave","Whirlwind","Uppercut"],"picked":"SKIP","floor":18},{"not_picked":["Rage+1","Havoc"],"picked":"Sword Boomerang","floor":19},{"not_picked":["Heavy Blade","Pommel Strike"],"picked":"Flame Barrier","floor":21},{"not_picked":["Second Wind","Exhume"],"picked":"Inflame","floor":23},{"not_picked":["Feel No Pain","True Grit"],"picked":"Armaments","floor":25},{"not_picked":["Anger","Clash"],"picked":"Thunderclap","floor":27},{"not_picked":["Entrench+1","Cleave+1"],"picked":"Headbutt+1","floor":28},{"not_picked":["Body Slam","Iron Wave","Headbutt+1"],"picked":"SKIP","floor":29},{"not_picked":["Cleave","Metallicize","Dual Wield"],"picked":"SKIP","floor":30},{"not_picked":["Bludgeon","Barricade"],"picked":"Offering","floor":33},{"not_picked":["Clothesline","Second Wind","Warcry"],"picked":"SKIP","floor":35},{"not_picked":["Feel No Pain","Hemokinesis+1"],"picked":"Evolve+1","floor":36},{"not_picked":["Wild Strike+1","True Grit","Blood for Blood+1"],"picked":"SKIP","floor":37},{"not_picked":["Infernal Blade+1","Pommel Strike+1"],"picked":"Armaments+1","floor":40},{"not_picked":["Warcry","Armaments+1"],"picked":"Pommel Strike","floor":42},{"not_picked":["Anger","Combust+1"],"picked":"Shockwave","floor":45},{"not_picked":["Flex+1","Anger"],"picked":"Sword Boomerang+1","floor":47},{"not_picked":["Pommel Strike","Reckless Charge+1"],"picked":"Heavy Blade+1","floor":54}],"player_experience":1449665,"relics_obtained":[{"floor":6,"key":"Red Skull"},{"floor":9,"key":"Anchor"},{"floor":11,"key":"Darkstone Periapt"},{"floor":23,"key":"Peace Pipe"},{"floor":25,"key":"Vajra"},{"floor":27,"key":"Dodecahedron"},{"floor":36,"key":"Pocketwatch"},{"floor":40,"key":"Bag of Preparation"},{"floor":42,"key":"Centennial Puzzle"},{"floor":43,"key":"Orichalcum"},{"floor":48,"key":"Prayer Wheel"},{"floor":54,"key":"Strawberry"}],"event_choices":[{"cards_removed":["Strike_R"],"damage_healed":0,"gold_gain":0,"player_choice":"Took Card","damage_taken":0,"max_hp_gain":0,"max_hp_loss":0,"event_name":"NoteForYourself","floor":3,"gold_loss":0,"cards_obtained":["Iron Wave"]},{"damage_healed":0,"gold_gain":0,"player_choice":"1 cards matched","damage_taken":0,"max_hp_gain":0,"max_hp_loss":0,"event_name":"Match and Keep!","floor":7,"gold_loss":0,"cards_obtained":["Blind"]},{"damage_healed":0,"gold_gain":0,"player_choice":"Trade","damage_taken":0,"relics_obtained":["CultistMask"],"max_hp_gain":0,"max_hp_loss":0,"event_name":"FaceTrader","floor":20,"gold_loss":0},{"damage_healed":0,"gold_gain":0,"player_choice":"Ignored","damage_taken":0,"max_hp_gain":0,"max_hp_loss":0,"event_name":"Vampires","floor":22,"gold_loss":0},{"damage_healed":0,"gold_gain":0,"player_choice":"Smashed Altar","damage_taken":0,"max_hp_gain":0,"max_hp_loss":0,"event_name":"Forgotten Altar","floor":31,"gold_loss":0,"cards_obtained":["Decay"]},{"damage_healed":0,"gold_gain":0,"player_choice":"Fight","damage_taken":0,"max_hp_gain":0,"max_hp_loss":0,"event_name":"MindBloom","floor":36,"gold_loss":0},{"damage_healed":22,"gold_gain":0,"player_choice":"Writhe","damage_taken":0,"max_hp_gain":0,"max_hp_loss":0,"event_name":"Winding Halls","floor":39,"gold_loss":0,"cards_obtained":["Writhe"]},{"cards_removed":["Bash"],"damage_healed":0,"gold_gain":0,"player_choice":"Removed Attack","damage_taken":0,"max_hp_gain":0,"max_hp_loss":0,"event_name":"Falling","floor":46,"gold_loss":0},{"damage_healed":0,"gold_gain":0,"player_choice":"Fight","damage_taken":0,"max_hp_gain":0,"max_hp_loss":0,"event_name":"Mysterious Sphere","floor":48,"gold_loss":0}],"is_beta":true,"boss_relics":[{"not_picked":["Calling Bell","Philosopher\u0027s Stone"],"picked":"Ectoplasm"},{"not_picked":["Coffee Dripper","White Beast Statue"],"picked":"Pandora\u0027s Box"}],"items_purged_floors":[10],"is_endless":false,"potions_floor_spawned":[1,5,14,23,25,29,35,36,45,54],"killed_by":"The Heart","ascension_level":1}