{"gold_per_floor":[114,124,124,134,146,174,21,55,79,109,120,132,152,152],"floor_reached":14,"playtime":863,"items_purged":[],"score":120,"play_id":"da10c6e9-ee6d-4d12-80b6-1f7c2b70c29f","local_time":"20190727151903","is_ascension_mode":true,"campfire_choices":[],"neow_cost":"NONE","seed_source_timestamp":150400955695300,"circlet_count":0,"master_deck":["Strike_G","Strike_G","Strike_G","Strike_G","Strike_G","Defend_G","Defend_G","Defend_G","Defend_G","Defend_G","Survivor","Neutralize","Clumsy","Shame","Noxious Fumes","Outmaneuver","Dagger Throw","Backflip","Deadly Poison","Caltrops","Bouncing Flask","Leg Sweep","Catalyst"],"relics":["Calling Bell","Anchor","Mercury Hourglass","Ice Cream","Prayer Wheel","Snake Skull","Potion Belt","Dream Catcher","Strawberry"],"potions_floor_usage":[5,6,8,10,14],"damage_taken":[{"damage":4,"enemies":"Jaw Worm","floor":1,"turns":6},{"damage":0,"enemies":"Cultist","floor":2,"turns":4},{"damage":0,"enemies":"2 Louse","floor":4,"turns":2},{"damage":0,"enemies":"2 Fungi Beasts","floor":5,"turns":3},{"damage":17,"enemies":"Gremlin Nob","floor":6,"turns":6},{"damage":12,"enemies":"Lagavulin","floor":8,"turns":5},{"damage":18,"enemies":"3 Sentries","floor":10,"turns":6},{"damage":1,"enemies":"Lots of Slimes","floor":11,"turns":3},{"damage":11,"enemies":"Exordium Wildlife","floor":12,"turns":4},{"damage":0,"enemies":"Looter","floor":13,"turns":4},{"damage":16,"enemies":"Exordium Thugs","floor":14,"turns":3}],"seed_played":"4126155855772859574","potions_obtained":[{"floor":1,"key":"Block Potion"},{"floor":4,"key":"SneckoOil"},{"floor":6,"key":"AttackPotion"},{"floor":8,"key":"Weak Potion"},{"floor":12,"key":"LiquidBronze"}],"is_trial":false,"path_per_floor":["M","M","?","M","M","E","$","E","T","E","M","M","M","M"],"character_chosen":"THE_SILENT","items_purchased":["Snake Skull"],"campfire_rested":0,"item_purchase_floors":[7],"current_hp_per_floor":[66,66,66,66,66,49,49,37,37,26,25,14,14,0],"gold":152,"neow_bonus":"BOSS_RELIC","is_prod":false,"is_daily":false,"chose_seed":false,"campfire_upgraded":0,"win_rate":0,"timestamp":1564265943,"path_taken":["M","M","?","?","?","E","$","E","T","E","?","M","M","M"],"build_version":"2019-07-18","purchased_purges":0,"victory":false,"max_hp_per_floor":[70,70,70,70,70,70,70,70,70,77,77,77,77,77],"card_choices":[{"not_picked":["Prepared","Dodge and Roll"],"picked":"Noxious Fumes","floor":1},{"not_picked":["Riddle With Holes","Sucker Punch"],"picked":"Outmaneuver","floor":2},{"not_picked":["Dodge and Roll","Infinite Blades"],"picked":"Dagger Throw","floor":4},{"not_picked":["Masterful Stab","Setup"],"picked":"Backflip","floor":5},{"not_picked":["Backflip","Flying Knee"],"picked":"Deadly Poison","floor":6},{"not_picked":["Acrobatics","Dodge and Roll"],"picked":"Caltrops","floor":8},{"not_picked":["Reflex","Outmaneuver","Prepared"],"picked":"SKIP","floor":10},{"not_picked":["Calculated Gamble","Blade Dance"],"picked":"Bouncing Flask","floor":11},{"not_picked":["Flechettes","Underhanded Strike","Deflect"],"picked":"SKIP","floor":11},{"not_picked":["Backstab","Reflex"],"picked":"Leg Sweep","floor":12},{"not_picked":["Cloak And Dagger","Quick Slash","Bane"],"picked":"SKIP","floor":12},{"not_picked":["Escape Plan","Deadly Poison"],"picked":"Catalyst","floor":13},{"not_picked":["Slice","Phantasmal Killer","Prepared"],"picked":"SKIP","floor":13}],"player_experience":1336530,"relics_obtained":[{"floor":0,"key":"Anchor"},{"floor":0,"key":"Mercury Hourglass"},{"floor":0,"key":"Ice Cream"},{"floor":6,"key":"Prayer Wheel"},{"floor":8,"key":"Potion Belt"},{"floor":9,"key":"Dream Catcher"},{"floor":10,"key":"Strawberry"}],"event_choices":[{"cards_removed":["Decay"],"damage_healed":0,"gold_gain":0,"player_choice":"Purged","damage_taken":0,"max_hp_gain":0,"max_hp_loss":0,"event_name":"Purifier","floor":3,"gold_loss":0}],"is_beta":true,"boss_relics":[],"items_purged_floors":[],"is_endless":false,"potions_floor_spawned":[1,4,6,8,12],"killed_by":"Exordium Thugs","ascension_level":1}