{"gold_per_floor":[118,130,145,145,165,191,248,248,248,277,290,303,303,403,403,504,504,516,536,562,581,581,616,190,223,223,234,254,254,254,254,254,353,353,371,391,406,426,443,443,477,477,522,522],"floor_reached":44,"playtime":2577,"items_purged":[],"score":542,"play_id":"a3a9ffd5-64da-4396-8361-794f0d39e6f4","local_time":"20180903141948","is_ascension_mode":true,"campfire_choices":[{"floor":8,"key":"REST"},{"floor":15,"key":"REST"},{"floor":32,"key":"REST"},{"floor":40,"key":"REST"}],"neow_cost":"NONE","seed_source_timestamp":1582079059617093,"circlet_count":0,"master_deck":["Strike_B","Strike_B","Strike_B","Strike_B","Defend_B","Defend_B","Defend_B+1","Defend_B+1","Zap+1","Dualcast","Sweeping Beam","Rip and Tear","Doom and Gloom","Reboot","Steam","Stack","Beam Cell","Leap","Hyperbeam","Compile Driver+1","Static Discharge+1","Fusion","Gash","J.A.X.","Loop","Ball Lightning","Capacitor","Hologram","FTL","Self Repair+1","Rainbow","Reprogram","Echo Form","Leap+1","Defragment","FTL+1","Steam Power+1","Gash+1","Stack+1","Madness","Madness"],"relics":["Cracked Core","Bag of Marbles","Bag of Preparation","Blue Candle","Sundial","Fusion Hammer","Red Mask","Mercury Hourglass","Vajra","War Paint","Art of War","Smiling Mask","Shuriken","Inserter","Blood Vial","Dream Catcher"],"potions_floor_usage":[10,16,27,33,38,39,41],"damage_taken":[{"damage":1,"enemies":"Jaw Worm","floor":1,"turns":3},{"damage":0,"enemies":"Small Slimes","floor":2,"turns":3},{"damage":2,"enemies":"2 Louse","floor":3,"turns":2},{"damage":7,"enemies":"Large Slime","floor":5,"turns":4},{"damage":30,"enemies":"Lagavulin","floor":6,"turns":6},{"damage":9,"enemies":"3 Sentries","floor":10,"turns":5},{"damage":5,"enemies":"2 Fungi Beasts","floor":11,"turns":3},{"damage":0,"enemies":"Exordium Wildlife","floor":12,"turns":2},{"damage":3,"enemies":"Slime Boss","floor":16,"turns":8},{"damage":0,"enemies":"3 Byrds","floor":18,"turns":2},{"damage":0,"enemies":"Shell Parasite","floor":19,"turns":2},{"damage":0,"enemies":"Masked Bandits","floor":20,"turns":3},{"damage":1,"enemies":"Chosen and Byrds","floor":21,"turns":3},{"damage":14,"enemies":"Gremlin Leader","floor":23,"turns":5},{"damage":23,"enemies":"Book of Stabbing","floor":25,"turns":4},{"damage":24,"enemies":"Snake Plant","floor":27,"turns":3},{"damage":0,"enemies":"3 Cultists","floor":28,"turns":3},{"damage":63,"enemies":"Champ","floor":33,"turns":9},{"damage":3,"enemies":"Orb Walker","floor":35,"turns":2},{"damage":0,"enemies":"3 Shapes","floor":36,"turns":1},{"damage":3,"enemies":"3 Darklings","floor":37,"turns":3},{"damage":1,"enemies":"4 Shapes","floor":38,"turns":4},{"damage":2,"enemies":"Sphere and 2 Shapes","floor":39,"turns":3},{"damage":61,"enemies":"Nemesis","floor":41,"turns":7},{"damage":53,"enemies":"Transient","floor":44,"turns":5}],"seed_played":"7408275122669009348","potions_obtained":[{"floor":1,"key":"Swift Potion"},{"floor":2,"key":"Ancient Potion"},{"floor":6,"key":"Block Potion"},{"floor":12,"key":"Swift Potion"},{"floor":19,"key":"Explosive Potion"},{"floor":27,"key":"Energy Potion"},{"floor":37,"key":"Swift Potion"},{"floor":38,"key":"Regen Potion"},{"floor":39,"key":"Strength Potion"}],"is_trial":false,"path_per_floor":["M","M","M","?","M","E","?","R","T","E","M","M","?","?","R","B",null,"M","M","?","M","?","E","$","E","T","M","M","?","?","?","R","B",null,"M","M","M","M","M","R","E","?","T"],"character_chosen":"DEFECT","items_purchased":["Vajra","Ball Lightning","War Paint","Capacitor"],"campfire_rested":4,"item_purchase_floors":[24,24,24,24],"current_hp_per_floor":[74,74,72,77,70,40,40,64,64,55,50,50,50,50,74,71,80,80,80,80,79,79,65,65,42,42,18,18,18,18,44,68,15,80,77,77,74,80,78,80,48,38,38,0],"gold":522,"neow_bonus":"RANDOM_COMMON_RELIC","is_prod":false,"is_daily":false,"chose_seed":false,"campfire_upgraded":0,"win_rate":0,"timestamp":1536009588,"path_taken":["M","M","M","?","M","E","?","R","T","E","?","M","?","?","R","BOSS","M","M","?","M","?","E","$","E","T","?","M","?","?","?","R","BOSS","M","M","M","M","M","R","E","?","T","M"],"build_version":"2018-08-30","purchased_purges":0,"victory":false,"max_hp_per_floor":[75,75,75,80,80,80,80,80,80,80,80,80,80,80,80,80,80,80,80,80,80,80,80,80,80,80,80,80,80,80,80,80,80,80,80,80,80,80,80,80,80,80,80,80],"card_choices":[{"not_picked":["Tempest","Undo"],"picked":"Sweeping Beam","floor":1},{"not_picked":["Barrage","Hologram"],"picked":"Rip and Tear","floor":2},{"not_picked":["Stack","Skim"],"picked":"Doom and Gloom","floor":3},{"not_picked":["Streamline","Rip and Tear"],"picked":"Reboot","floor":5},{"not_picked":["Rip and Tear","Coolheaded"],"picked":"Steam","floor":6},{"not_picked":["Double Energy","Chaos"],"picked":"Stack","floor":10},{"not_picked":["Sweeping Beam","Force Field"],"picked":"Beam Cell","floor":11},{"not_picked":["Recycle","Chaos"],"picked":"Leap","floor":12},{"not_picked":["Seek","Core Surge"],"picked":"Hyperbeam","floor":16},{"not_picked":["Stack","Fusion"],"picked":"Compile Driver+1","floor":18},{"not_picked":["Gash","Rebound"],"picked":"Static Discharge+1","floor":19},{"not_picked":["Go for the Eyes","Steam"],"picked":"Fusion","floor":20},{"not_picked":["Leap+1","Barrage"],"picked":"Gash","floor":21},{"not_picked":["Turbo","Gash"],"picked":"Loop","floor":23},{"not_picked":["Ball Lightning+1","Aggregate"],"picked":"Hologram","floor":25},{"not_picked":["Machine Learning","Darkness"],"picked":"FTL","floor":27},{"not_picked":["Genetic Algorithm","Chill"],"picked":"Self Repair+1","floor":28},{"not_picked":["Meteor Strike","Rainbow"],"picked":"Echo Form","floor":33},{"not_picked":["Fusion","Redo"],"picked":"Leap+1","floor":35},{"not_picked":["Conserve Battery+1","Ball Lightning"],"picked":"Defragment","floor":36},{"not_picked":["Hologram","Skim+1"],"picked":"FTL+1","floor":37},{"not_picked":["Ball Lightning","FTL"],"picked":"Steam Power+1","floor":38},{"not_picked":["Sweeping Beam+1","Go for the Eyes"],"picked":"Gash+1","floor":39},{"not_picked":["Blizzard+1","Redo"],"picked":"Stack+1","floor":41}],"player_experience":330605,"relics_obtained":[{"floor":6,"key":"Bag of Preparation"},{"floor":9,"key":"Blue Candle"},{"floor":10,"key":"Sundial"},{"floor":20,"key":"Red Mask"},{"floor":23,"key":"Mercury Hourglass"},{"floor":25,"key":"Art of War"},{"floor":26,"key":"Smiling Mask"},{"floor":41,"key":"Blood Vial"},{"floor":43,"key":"Dream Catcher"}],"event_choices":[{"event_name":"Big Fish","player_choice":"Donut","floor":4,"damage_taken":0},{"event_name":"Golden Wing","player_choice":"Gained Gold","floor":7,"damage_taken":0},{"event_name":"Living Wall","player_choice":"Grow","floor":13,"damage_taken":0},{"event_name":"Golden Shrine","player_choice":"Pray","floor":14,"damage_taken":0},{"event_name":"Masked Bandits","player_choice":"Fought Bandits","floor":20,"damage_taken":0},{"event_name":"Drug Dealer","player_choice":"Got JAX","floor":22,"damage_taken":0},{"event_name":"The Mausoleum","player_choice":"Yes","floor":29,"damage_taken":0},{"event_name":"Match and Keep!","player_choice":"2 cards matched","floor":30,"damage_taken":0},{"event_name":"The Library","player_choice":"Heal","floor":31,"damage_taken":0},{"event_name":"Winding Halls","player_choice":"Embrace Madness","floor":42,"damage_taken":0}],"is_beta":false,"boss_relics":[{"not_picked":["Tiny House","White Beast Statue"],"picked":"Fusion Hammer"},{"not_picked":["Eternal Feather","FrozenCore"],"picked":"Inserter"}],"items_purged_floors":[],"is_endless":false,"potions_floor_spawned":[1,2,6,12,19,21,27,37,38,39],"killed_by":"Transient","ascension_level":1}