{"gold_per_floor":[110,125,144,160,179,179,211,211,287,287,304,264,277,309,309,409,409,349,349,349,239,239,239,239,239,239,239,239,239,239,239,239,239,239,239,239,61,61,61,61,0,0,0,0,0,0,0,0,0,0],"floor_reached":51,"playtime":3585,"items_purged":["Strike_G+1","Strike_G+1"],"score":1180,"play_id":"210532c5-d19c-49ae-9074-f9bd4e7f781a","local_time":"20190831001927","is_ascension_mode":true,"campfire_choices":[{"floor":6,"key":"REST"},{"data":"Wraith Form v2","floor":8,"key":"SMITH"},{"floor":15,"key":"REST"},{"floor":25,"key":"REST"},{"data":"Catalyst","floor":27,"key":"SMITH"},{"floor":32,"key":"REST"},{"data":"Crippling Poison","floor":40,"key":"SMITH"},{"floor":46,"key":"REST"},{"floor":49,"key":"REST"}],"neow_cost":"NONE","seed_source_timestamp":1458693381001313,"circlet_count":0,"master_deck":["AscendersBane","Strike_G+1","Strike_G+1","Strike_G+1","Defend_G+1","Defend_G+1","Defend_G+1","Defend_G+1","Defend_G+1","Survivor","Neutralize","Corpse Explosion","Blur","Quick Slash","Wraith Form v2+1","Dagger Spray","Escape Plan","Die Die Die","Backflip","Crippling Poison+1","Dagger Throw","Adrenaline","Backflip+1","Dash","Predator+1","Catalyst+1","PiercingWail+1","Escape Plan+1","Backflip+1","Poisoned Stab","Malaise+1","Dagger Throw+1","Well Laid Plans","Skewer+1","PiercingWail+1","Night Terror","PiercingWail+1"],"relics":["Ring of the Serpent","Bird Faced Urn","Mercury Hourglass","FossilizedHelix","Ectoplasm","Art of War","The Courier","Kunai","Red Mask","Torii","War Paint","Omamori","Incense Burner"],"potions_floor_usage":[4,4,13,14,16,24,33,39,42],"damage_taken":[{"damage":1,"enemies":"Jaw Worm","floor":1,"turns":4},{"damage":0,"enemies":"2 Louse","floor":2,"turns":3},{"damage":1,"enemies":"Cultist","floor":3,"turns":5},{"damage":15,"enemies":"Large Slime","floor":4,"turns":7},{"damage":9,"enemies":"Looter","floor":5,"turns":4},{"damage":20,"enemies":"Gremlin Nob","floor":7,"turns":5},{"damage":3,"enemies":"Blue Slaver","floor":11,"turns":3},{"damage":0,"enemies":"2 Fungi Beasts","floor":13,"turns":1},{"damage":10,"enemies":"Lagavulin","floor":14,"turns":7},{"damage":32,"enemies":"Slime Boss","floor":16,"turns":11},{"damage":8,"enemies":"2 Thieves","floor":18,"turns":3},{"damage":0,"enemies":"Shell Parasite","floor":19,"turns":6},{"damage":1,"enemies":"Snecko","floor":22,"turns":6},{"damage":0,"enemies":"Chosen and Byrds","floor":23,"turns":4},{"damage":23,"enemies":"Book of Stabbing","floor":24,"turns":7},{"damage":0,"enemies":"Centurion and Healer","floor":28,"turns":3},{"damage":0,"enemies":"Snake Plant","floor":29,"turns":4},{"damage":0,"enemies":"Slavers","floor":31,"turns":3},{"damage":35,"enemies":"Automaton","floor":33,"turns":14},{"damage":4,"enemies":"3 Darklings","floor":35,"turns":4},{"damage":0,"enemies":"Orb Walker","floor":36,"turns":4},{"damage":0,"enemies":"Sphere and 2 Shapes","floor":39,"turns":3},{"damage":4,"enemies":"2 Orb Walkers","floor":42,"turns":3},{"damage":31,"enemies":"Nemesis","floor":44,"turns":11},{"damage":8,"enemies":"Writhing Mass","floor":47,"turns":7},{"damage":8,"enemies":"Time Eater","floor":50,"turns":6}],"seed_played":"-4533933272202056148","potions_obtained":[{"floor":1,"key":"Swift Potion"},{"floor":2,"key":"SteroidPotion"},{"floor":3,"key":"AttackPotion"},{"floor":12,"key":"Dexterity Potion"},{"floor":12,"key":"Poison Potion"},{"floor":13,"key":"GamblersBrew"},{"floor":18,"key":"Swift Potion"},{"floor":19,"key":"Poison Potion"},{"floor":23,"key":"Regen Potion"},{"floor":33,"key":"AttackPotion"},{"floor":47,"key":"SmokeBomb"}],"is_trial":false,"path_per_floor":["M","M","M","M","M","R","E","R","T","?","M","?","M","E","R","B",null,"M","M","?","$","M","M","E","R","T","R","M","M","?","E","R","B",null,"M","M","$","?","M","R","?","?","T","E","T","R","M","$","R","B",null],"character_chosen":"THE_SILENT","items_purchased":["Dash","Well Laid Plans","Dexterity Potion"],"campfire_rested":6,"item_purchase_floors":[21,37,37],"current_hp_per_floor":[62,62,61,46,37,58,38,38,38,38,35,35,35,27,48,18,57,49,51,51,51,50,50,29,50,50,50,50,50,50,50,70,52,66,62,62,62,62,64,64,64,62,62,35,35,56,52,52,70,63],"gold":0,"neow_bonus":"ONE_RANDOM_RARE_CARD","is_prod":false,"is_daily":false,"chose_seed":false,"campfire_upgraded":3,"win_rate":0,"timestamp":1567235967,"path_taken":["M","M","M","M","M","R","E","R","T","?","M","?","M","E","R","BOSS","M","?","?","$","M","M","E","R","T","R","M","M","?","E","R","BOSS","M","M","$","?","M","R","?","?","T","E","?","R","M","$","R","BOSS"],"build_version":"2019-07-17","purchased_purges":2,"victory":true,"max_hp_per_floor":[70,70,70,70,70,70,70,70,70,70,70,70,70,70,70,70,70,70,70,70,70,70,70,70,70,70,70,70,70,70,70,70,70,70,70,70,70,70,70,70,70,70,70,70,70,70,70,70,70,70],"card_choices":[{"not_picked":["Terror","Prepared"],"picked":"Blur","floor":1},{"not_picked":["Prepared","Bane"],"picked":"Quick Slash","floor":2},{"not_picked":["Deflect","Poisoned Stab"],"picked":"Wraith Form v2","floor":3},{"not_picked":["Outmaneuver","Poisoned Stab"],"picked":"Dagger Spray","floor":4},{"not_picked":["Masterful Stab","Dagger Spray"],"picked":"Escape Plan","floor":5},{"not_picked":["Setup","PiercingWail"],"picked":"Die Die Die","floor":7},{"not_picked":["Crippling Poison","Flechettes"],"picked":"Backflip","floor":11},{"not_picked":["Poisoned Stab","Setup"],"picked":"Crippling Poison","floor":13},{"not_picked":["Blade Dance","Dagger Spray"],"picked":"Dagger Throw","floor":14},{"not_picked":["Malaise","Corpse Explosion"],"picked":"Adrenaline","floor":16},{"not_picked":["Infinite Blades","Eviscerate"],"picked":"Backflip+1","floor":18},{"not_picked":["Endless Agony","Deflect","All Out Attack"],"picked":"SKIP","floor":19},{"not_picked":["Infinite Blades","Distraction"],"picked":"Predator+1","floor":22},{"not_picked":["Deadly Poison","Skewer"],"picked":"Catalyst","floor":23},{"not_picked":["Deflect","Flying Knee"],"picked":"PiercingWail+1","floor":24},{"not_picked":["Cloak And Dagger","Venomology"],"picked":"Escape Plan","floor":28},{"not_picked":["Concentrate","Sucker Punch+1"],"picked":"Backflip+1","floor":29},{"not_picked":["Blade Dance+1","Slice"],"picked":"Poisoned Stab","floor":31},{"not_picked":["Burst","A Thousand Cuts"],"picked":"Malaise","floor":33},{"not_picked":["Eviscerate","Cloak And Dagger+1"],"picked":"Dagger Throw+1","floor":35},{"not_picked":["Slice","Concentrate","Quick Slash"],"picked":"SKIP","floor":36},{"not_picked":["Quick Slash+1","Finisher+1","Skewer+1"],"picked":"SKIP","floor":39},{"not_picked":["Quick Slash+1","Finisher+1"],"picked":"Skewer+1","floor":39},{"not_picked":["Dash","Calculated Gamble+1"],"picked":"PiercingWail+1","floor":42},{"not_picked":["Blur","Slice+1"],"picked":"Night Terror","floor":44},{"not_picked":["Dodge and Roll","Infinite Blades+1"],"picked":"PiercingWail+1","floor":47}],"player_experience":750166,"relics_obtained":[{"floor":7,"key":"Bird Faced Urn"},{"floor":9,"key":"Mercury Hourglass"},{"floor":14,"key":"FossilizedHelix"},{"floor":24,"key":"Art of War"},{"floor":26,"key":"The Courier"},{"floor":31,"key":"Kunai"},{"floor":42,"key":"Torii"},{"floor":43,"key":"War Paint"},{"floor":44,"key":"Omamori"},{"floor":45,"key":"Incense Burner"}],"event_choices":[{"damage_healed":0,"gold_gain":0,"player_choice":"Fled","damage_taken":0,"max_hp_gain":0,"max_hp_loss":0,"event_name":"Scrap Ooze","floor":10,"gold_loss":0},{"damage_healed":0,"gold_gain":0,"player_choice":"Bought 3 Potions","damage_taken":0,"max_hp_gain":0,"max_hp_loss":0,"event_name":"The Woman in Blue","floor":12,"gold_loss":0},{"damage_healed":0,"gold_gain":0,"player_choice":"Simplicity","damage_taken":0,"max_hp_gain":0,"max_hp_loss":0,"event_name":"Back to Basics","floor":20,"gold_loss":0,"cards_upgraded":["Strike_G","Strike_G","Strike_G","Strike_G","Strike_G","Defend_G","Defend_G","Defend_G","Defend_G","Defend_G"]},{"damage_healed":0,"gold_gain":99,"player_choice":"Stole From Cult","damage_taken":0,"max_hp_gain":0,"max_hp_loss":0,"event_name":"Nest","floor":30,"gold_loss":0},{"damage_healed":0,"gold_gain":0,"player_choice":"Memory 1","damage_taken":0,"max_hp_gain":0,"max_hp_loss":0,"event_name":"SensoryStone","floor":38,"gold_loss":0},{"damage_healed":0,"gold_gain":0,"player_choice":"Paid","damage_taken":0,"relics_obtained":["Red Mask"],"max_hp_gain":0,"max_hp_loss":0,"event_name":"Tomb of Lord Red Mask","floor":41,"gold_loss":61},{"damage_healed":0,"gold_gain":0,"player_choice":"Fight","damage_taken":0,"max_hp_gain":0,"max_hp_loss":0,"event_name":"Mysterious Sphere","floor":42,"gold_loss":0}],"is_beta":false,"boss_relics":[{"not_picked":["HoveringKite","Lizard Tail"],"picked":"Ectoplasm"},{"not_picked":["Pandora\u0027s Box","Eternal Feather"],"picked":"Ring of the Serpent"}],"items_purged_floors":[21,37],"is_endless":false,"potions_floor_spawned":[1,2,3,13,18,19,23,33,47],"ascension_level":11}