{"gold_per_floor":[113,130,205,216,236,269,223,223,223,235,255,255,255,274,274,372,372,385,403,428,428,444,444,519,519,519,519,553,343,343,371,371,472,472,486,497,138,155,168,168,68,78,126,141,141,154,173,184,184,184],"floor_reached":51,"playtime":3964,"items_purged":["Pain","Decay"],"score":757,"play_id":"b236eba4-9c4f-44b4-bc35-316377f5d92c","local_time":"20180903114058","is_ascension_mode":true,"campfire_choices":[{"floor":8.0,"key":"REST"},{"floor":15.0,"key":"REST"},{"data":"A Thousand Cuts","floor":23.0,"key":"SMITH"},{"data":"Neutralize","floor":25.0,"key":"SMITH"},{"data":"Cloak And Dagger","floor":27.0,"key":"SMITH"},{"floor":32.0,"key":"REST"},{"floor":40,"key":"REST"},{"floor":45,"key":"REST"},{"floor":49,"key":"REST"}],"neow_cost":"NONE","seed_source_timestamp":0,"circlet_count":0,"master_deck":["Defend_G+1","Defend_G+1","Defend_G","Defend_G","Defend_G","Strike_G","Strike_G","Strike_G","Strike_G","Strike_G","Survivor","Neutralize+1","Terror","Riddle With Holes","Cloak And Dagger+1","Sucker Punch+1","Quick Slash","Dodge and Roll+1","Blade Dance+1","Accuracy","Terror+1","Dagger Spray+1","A Thousand Cuts+1","Deadly Poison+1","Blur+1","Cloak And Dagger+1","Ghostly+1","Ghostly+1","Ghostly+1","Ghostly+1","Ghostly+1","Backflip+1","Injury","Die Die Die","PiercingWail+1","Slice","Night Terror+1","Infinite Blades+1","Slice+1","Dagger Throw+1","Accuracy","Madness+1","Finisher","Distraction+1","Crippling Poison+1","Dash+1","Doubt","Escape Plan+1"],"special_seed":0,"relics":["Ring of the Serpent","Toxic Egg 2","Tingsha","Cursed Key","Red Mask","Ornamental Fan","Darkstone Periapt","Prayer Wheel","Whetstone","War Paint","Bag of Marbles","Orichalcum"],"potions_floor_usage":[38,39,50],"damage_taken":[{"damage":0.0,"enemies":"2 Louse","floor":1.0,"turns":3.0},{"damage":0.0,"enemies":"Cultist","floor":2.0,"turns":4.0},{"damage":2.0,"enemies":"Small Slimes","floor":4.0,"turns":4.0},{"damage":0.0,"enemies":"3 Louse","floor":5.0,"turns":5.0},{"damage":33.0,"enemies":"Lagavulin","floor":6.0,"turns":9.0},{"damage":1.0,"enemies":"Lots of Slimes","floor":10.0,"turns":4.0},{"damage":7.0,"enemies":"Exordium Wildlife","floor":11.0,"turns":4.0},{"damage":2.0,"enemies":"Large Slime","floor":14.0,"turns":6.0},{"damage":22.0,"enemies":"Slime Boss","floor":16.0,"turns":11.0},{"damage":11.0,"enemies":"2 Thieves","floor":18.0,"turns":3.0},{"damage":8.0,"enemies":"3 Byrds","floor":19.0,"turns":4.0},{"damage":19.0,"enemies":"Masked Bandits","floor":20.0,"turns":5.0},{"damage":4.0,"enemies":"Snecko","floor":22.0,"turns":6.0},{"damage":5.0,"enemies":"Book of Stabbing","floor":28.0,"turns":8.0},{"damage":12.0,"enemies":"Gremlin Leader","floor":31.0,"turns":5.0},{"damage":19.0,"enemies":"Collector","floor":33.0,"turns":13.0},{"damage":4,"enemies":"3 Darklings","floor":35,"turns":7},{"damage":7,"enemies":"Orb Walker","floor":36,"turns":4},{"damage":17,"enemies":"Spire Growth","floor":38,"turns":6},{"damage":5,"enemies":"4 Shapes","floor":39,"turns":6},{"damage":4,"enemies":"Sphere and 2 Shapes","floor":42,"turns":7},{"damage":0,"enemies":"Transient","floor":44,"turns":5},{"damage":0,"enemies":"Reptomancer","floor":46,"turns":6},{"damage":0,"enemies":"Sphere and 2 Shapes","floor":47,"turns":5},{"damage":0,"enemies":"3 Darklings","floor":48,"turns":4},{"damage":10,"enemies":"Awakened One","floor":50,"turns":14}],"seed_played":"4241361929027676103","potions_obtained":[{"floor":1.0,"key":"Energy Potion"},{"floor":2.0,"key":"Energy Potion"},{"floor":6.0,"key":"EssenceOfSteel"},{"floor":10.0,"key":"PowerPotion"},{"floor":16.0,"key":"SteroidPotion"},{"floor":19.0,"key":"SneckoOil"},{"floor":22.0,"key":"GhostInAJar"},{"floor":30.0,"key":"Fruit Juice"},{"floor":30.0,"key":"Dexterity Potion"},{"floor":30.0,"key":"AttackPotion"},{"floor":33.0,"key":"GhostInAJar"},{"floor":35,"key":"Fire Potion"},{"floor":39,"key":"SneckoOil"},{"floor":42,"key":"Dexterity Potion"},{"floor":47,"key":"GhostInAJar"}],"is_trial":false,"path_per_floor":["M","M","?","M","M","E","$","R","T","M","M","?","?","M","R","B",null,"M","M","?","?","M","R","T","R","T","R","E","$","?","E","R","B",null,"M","M","$","M","M","R","$","M","T","M","R","M","M","M","R","B"],"character_chosen":"THE_SILENT","items_purchased":["Blade Dance+1","Whetstone","PiercingWail+1","Accuracy","Madness+1","Bag of Marbles"],"campfire_rested":6,"item_purchase_floors":[7,29,29,37,37,37],"current_hp_per_floor":[70,70,59,57,57,24,24,45,45,44,37,37,37,35,56,34,70,59,51,32,32,28,28,28,28,28,28,23,23,23,16,28,9,40,36,29,29,12,7,19,19,15,21,21,34,34,34,34,46,36],"gold":184,"neow_bonus":"THREE_CARDS","is_prod":false,"is_daily":false,"chose_seed":false,"campfire_upgraded":3,"win_rate":0,"timestamp":1536000058,"path_taken":["M","M","?","M","?","E","?","R","T","?","M","?","?","?","R","BOSS","M","M","?","?","M","R","?","R","T","R","E","$","?","E","R","BOSS","M","M","$","M","M","R","$","M","T","M","R","M","M","M","R","BOSS"],"build_version":"2018-08-30","purchased_purges":2,"victory":true,"max_hp_per_floor":[70,70,70,70,70,70,70,70,70,70,70,70,70,70,70,70,70,70,70,70,35,35,35,35,35,35,35,35,35,35,40,40,40,40,40,40,40,40,40,40,40,40,46,46,46,46,46,46,46,46],"card_choices":[{"not_picked":["Dagger Spray","Finisher"],"picked":"Terror","floor":0.0},{"not_picked":["Footwork","Underhanded Strike"],"picked":"Riddle With Holes","floor":1.0},{"not_picked":["Finisher","Sucker Punch"],"picked":"Cloak And Dagger","floor":2.0},{"not_picked":["Tactician","Poisoned Stab"],"picked":"Sucker Punch","floor":4.0},{"not_picked":["Flying Knee","Expertise"],"picked":"Quick Slash","floor":5.0},{"not_picked":["Noxious Fumes","Acrobatics"],"picked":"Dodge and Roll","floor":6.0},{"not_picked":["Quick Slash","Poisoned Stab"],"picked":"Accuracy","floor":10.0},{"not_picked":["Poisoned Stab","Venomology+1"],"picked":"Terror+1","floor":11.0},{"not_picked":["Flying Knee","Skewer"],"picked":"Dagger Spray","floor":14.0},{"not_picked":["Phantasmal Killer+1","Venomology+1"],"picked":"A Thousand Cuts","floor":16.0},{"not_picked":["Outmaneuver+1","Bane"],"picked":"Deadly Poison+1","floor":18.0},{"not_picked":["Dodge and Roll+1","Endless Agony"],"picked":"Blur+1","floor":19.0},{"not_picked":["Acrobatics+1","PiercingWail+1"],"picked":"Cloak And Dagger+1","floor":20.0},{"not_picked":["Predator","Bouncing Flask+1"],"picked":"Backflip+1","floor":22.0},{"not_picked":["Tools of the Trade","Backflip+1"],"picked":"Die Die Die","floor":28.0},{"not_picked":["Outmaneuver+1","Eviscerate+1"],"picked":"Slice","floor":31.0},{"not_picked":["Storm of Steel+1","Glass Knife"],"picked":"Night Terror+1","floor":33.0},{"not_picked":["Dagger Spray","Skewer"],"picked":"Infinite Blades+1","floor":35},{"not_picked":["Blur+1","Bane+1"],"picked":"Slice+1","floor":35},{"not_picked":["Bane","Flying Knee+1"],"picked":"Dagger Throw+1","floor":36},{"not_picked":["Setup+1","Underhanded Strike+1","Slice"],"picked":"SKIP","floor":36},{"not_picked":["Cloak And Dagger+1","Storm of Steel+1"],"picked":"Finisher","floor":38},{"not_picked":["Masterful Stab+1","Flechettes","Setup+1"],"picked":"SKIP","floor":38},{"not_picked":["Outmaneuver+1","Calculated Gamble+1"],"picked":"Distraction+1","floor":39},{"not_picked":["Deflect+1","Underhanded Strike+1","Bane"],"picked":"SKIP","floor":39},{"not_picked":["Acrobatics+1","Quick Slash"],"picked":"Crippling Poison+1","floor":42},{"not_picked":["Dagger Throw","Deflect+1"],"picked":"Dash+1","floor":42},{"not_picked":["Deadly Poison+1","Backflip+1"],"picked":"Escape Plan+1","floor":44},{"not_picked":["Bouncing Flask+1","Riddle With Holes","Grand Finale"],"picked":"SKIP","floor":44},{"not_picked":["Dagger Throw","Accuracy","Underhanded Strike+1"],"picked":"SKIP","floor":46},{"not_picked":["Infinite Blades","Sucker Punch","Skewer"],"picked":"SKIP","floor":46},{"not_picked":["Acrobatics+1","Deadly Poison+1","Dodge and Roll+1"],"picked":"SKIP","floor":47},{"not_picked":["Calculated Gamble+1","Prepared+1","Flying Knee"],"picked":"SKIP","floor":47},{"not_picked":["Flying Knee","Poisoned Stab+1","Quick Slash"],"picked":"SKIP","floor":48},{"not_picked":["Deadly Poison+1","Dagger Throw+1","Flying Knee+1"],"picked":"SKIP","floor":48}],"player_experience":326641,"relics_obtained":[{"floor":6.0,"key":"Toxic Egg 2"},{"floor":9.0,"key":"Tingsha"},{"floor":20.0,"key":"Red Mask"},{"floor":24.0,"key":"Ornamental Fan"},{"floor":26.0,"key":"Darkstone Periapt"},{"floor":28.0,"key":"Prayer Wheel"},{"floor":31.0,"key":"War Paint"},{"floor":43,"key":"Orichalcum"}],"event_choices":[{"event_name":"World of Goop","player_choice":"Gather Gold","floor":3.0,"damage_taken":0.0},{"event_name":"Golden Wing","player_choice":"Ignored","floor":12.0,"damage_taken":0.0},{"event_name":"Wheel of Change","player_choice":"Curse","floor":13.0,"damage_taken":0.0},{"event_name":"Masked Bandits","player_choice":"Fought Bandits","floor":20.0,"damage_taken":0.0},{"event_name":"Ghosts","player_choice":"Became a Ghost","floor":21.0,"damage_taken":0.0},{"event_name":"The Lab","player_choice":"Got Potions","floor":30.0,"damage_taken":0.0}],"is_beta":false,"boss_relics":[{"not_picked":["Ectoplasm","Sozu"],"picked":"Cursed Key"},{"not_picked":["HoveringKite","White Beast Statue"],"picked":"Ring of the Serpent"}],"items_purged_floors":[37,41],"is_endless":false,"potions_floor_spawned":[1,2,6,10,16,19,22,33,35,39,42,47],"ascension_level":2}