{"gold_per_floor":[110,121,121,1,101,127,138,149,149,149,167,167,117,132,132,206,206,220,0,0,0,10,10],"floor_reached":23,"playtime":1047,"items_purged":["Strike_B"],"score":367,"play_id":"a53c7789-fe00-44ee-9f0c-dc528b4ebefa","local_time":"20190518130403","is_ascension_mode":true,"campfire_choices":[{"data":"Zap","floor":10,"key":"SMITH"},{"data":"Defragment","floor":12,"key":"SMITH"},{"data":"Loop","floor":15,"key":"SMITH"}],"neow_cost":"NONE","seed_source_timestamp":964692223678,"circlet_count":0,"master_deck":["AscendersBane","Strike_B","Defend_B","Defend_B","Defend_B","Defend_B","Zap+1","Blizzard","Beam Cell","Coolheaded","Defragment+1","White Noise","Cold Snap","Loop+1","Hologram"],"relics":["Cracked Core","NeowsBlessing","Turnip","Prayer Wheel","Nuclear Battery"],"potions_floor_usage":[14,14,23,23],"damage_taken":[{"damage":0,"enemies":"Cultist","floor":1,"turns":1},{"damage":0,"enemies":"Jaw Worm","floor":2,"turns":1},{"damage":0,"enemies":"3 Sentries","floor":6,"turns":1},{"damage":0,"enemies":"Small Slimes","floor":7,"turns":3},{"damage":8,"enemies":"Looter","floor":8,"turns":4},{"damage":0,"enemies":"Blue Slaver","floor":11,"turns":4},{"damage":5,"enemies":"Gremlin Gang","floor":14,"turns":3},{"damage":27,"enemies":"The Guardian","floor":16,"turns":9},{"damage":14,"enemies":"Spheric Guardian","floor":18,"turns":5},{"damage":5,"enemies":"3 Byrds","floor":22,"turns":5},{"damage":40,"enemies":"Slavers","floor":23,"turns":3}],"seed_played":"-8723725604408232479","potions_obtained":[{"floor":2,"key":"Block Potion"},{"floor":6,"key":"Explosive Potion"},{"floor":16,"key":"Poison Potion"},{"floor":22,"key":"Strength Potion"}],"is_trial":false,"path_per_floor":["M","M","?","$","?","E","M","M","T","R","M","R","?","M","R","B",null,"M","?","$","?","M","E"],"character_chosen":"DEFECT","items_purchased":["Coolheaded"],"campfire_rested":0,"item_purchase_floors":[4],"current_hp_per_floor":[64,64,57,57,57,57,57,49,49,49,49,49,49,44,44,17,58,44,44,44,44,39,0],"gold":10,"neow_bonus":"THREE_ENEMY_KILL","is_prod":false,"is_daily":false,"chose_seed":false,"campfire_upgraded":3,"win_rate":0,"timestamp":1558209843,"path_taken":["M","M","?","$","?","E","M","?","T","R","M","R","?","M","R","BOSS","M","?","$","?","?","E"],"build_version":"2019-01-23","purchased_purges":1,"victory":false,"max_hp_per_floor":[71,71,71,71,71,71,71,71,71,71,71,71,71,71,71,71,71,71,71,71,71,71,71],"card_choices":[{"not_picked":["Redo","Sweeping Beam"],"picked":"Blizzard","floor":1},{"not_picked":["Reprogram","Redo"],"picked":"Beam Cell","floor":2},{"not_picked":["Streamline","Ball Lightning"],"picked":"Defragment","floor":6},{"not_picked":["All For One","Coolheaded"],"picked":"White Noise","floor":7},{"not_picked":["Scrape","Melter"],"picked":"Cold Snap","floor":8},{"not_picked":["Skim","Beam Cell","Turbo"],"picked":"SKIP","floor":11},{"not_picked":["Steam Power","Ball Lightning","Turbo"],"picked":"SKIP","floor":11},{"not_picked":["Hologram","Leap"],"picked":"Loop","floor":14},{"not_picked":["Leap","Ball Lightning","Stack"],"picked":"SKIP","floor":14},{"not_picked":["Barrage","FTL+1"],"picked":"Hologram","floor":18},{"not_picked":["Hologram","Rebound","Beam Cell"],"picked":"SKIP","floor":18},{"not_picked":["Hologram","Rebound","Beam Cell"],"picked":"SKIP","floor":18},{"not_picked":["Compile Driver+1","Cold Snap","Barrage"],"picked":"SKIP","floor":22},{"not_picked":["Steam+1","Static Discharge","Hello World"],"picked":"SKIP","floor":22}],"player_experience":1198935,"relics_obtained":[{"floor":6,"key":"Turnip"},{"floor":9,"key":"Prayer Wheel"}],"event_choices":[{"cards_removed":["Dualcast"],"damage_healed":0,"gold_gain":0,"player_choice":"Card Removal","damage_taken":7,"max_hp_gain":0,"max_hp_loss":0,"event_name":"Golden Wing","floor":3,"gold_loss":0},{"damage_healed":0,"gold_gain":100,"player_choice":"Pray","damage_taken":0,"max_hp_gain":0,"max_hp_loss":0,"event_name":"Golden Shrine","floor":5,"gold_loss":0},{"cards_removed":["Strike_B"],"damage_healed":0,"gold_gain":0,"player_choice":"Card Removal","damage_taken":0,"max_hp_gain":0,"max_hp_loss":0,"event_name":"The Cleric","floor":13,"gold_loss":50},{"damage_healed":0,"gold_gain":0,"player_choice":"Paid Fearfully","damage_taken":0,"max_hp_gain":0,"max_hp_loss":0,"event_name":"Masked Bandits","floor":19,"gold_loss":220},{"cards_removed":["Strike_B"],"damage_healed":0,"gold_gain":0,"player_choice":"Purged","damage_taken":0,"max_hp_gain":0,"max_hp_loss":0,"event_name":"Purifier","floor":21,"gold_loss":0}],"is_beta":false,"boss_relics":[{"not_picked":["Calling Bell","Lizard Tail"],"picked":"Nuclear Battery"}],"items_purged_floors":[4],"is_endless":false,"potions_floor_spawned":[2,6,7,8,16,22],"killed_by":"Slavers","ascension_level":14}