{"gold_per_floor":[116,128,146,161,161,189,219,219,246,260,294,294,70,82,82,187,187,206,121,133,145,1,30,30,64,87,104,104,139,139,155,155,155],"floor_reached":33,"playtime":2134,"items_purged":[],"score":392,"play_id":"4071ceb2-e05d-41f3-9f80-20cf20c060db","local_time":"20191006142058","is_ascension_mode":false,"campfire_choices":[{"floor":8,"key":"REST"},{"floor":15,"key":"REST"},{"floor":24,"key":"REST"},{"floor":28,"key":"REST"},{"data":"Fiend Fire","floor":30,"key":"SMITH"},{"data":"Heavy Blade","floor":32,"key":"SMITH"}],"neow_cost":"NONE","seed_source_timestamp":89594019659400,"circlet_count":0,"master_deck":["Strike_R","Strike_R+1","Strike_R","Strike_R","Strike_R","Defend_R","Defend_R","Defend_R","Defend_R","Bash+1","Sword Boomerang","Feed","Fire Breathing","Armaments","Rampage","Spot Weakness","Dropkick","Heavy Blade","Flex","Perfected Strike","Dramatic Entrance","Twin Strike","Heavy Blade+1","Twin Strike","Impervious","Cleave+1","Carnage+1","Perfected Strike+1","Swift Strike","Clothesline","Disarm+1","Shrug It Off+1","Flex","Dark Embrace","True Grit+1","Fiend Fire+1","Infernal Blade+1"],"relics":["Burning Blood","Whetstone","Strawberry","Dream Catcher","Bag of Preparation","Pear","Black Star","StoneCalendar","Gremlin Horn","Blood Vial","Ornamental Fan","Calipers","Happy Flower","Ancient Tea Set","Centennial Puzzle"],"potions_floor_usage":[16,23,23,25,33,33,33],"damage_taken":[{"damage":6,"enemies":"2 Louse","floor":1,"turns":3},{"damage":12,"enemies":"Small Slimes","floor":2,"turns":3},{"damage":6,"enemies":"Cultist","floor":3,"turns":3},{"damage":17,"enemies":"3 Louse","floor":4,"turns":4},{"damage":46,"enemies":"3 Sentries","floor":6,"turns":10},{"damage":10,"enemies":"Looter","floor":10,"turns":2},{"damage":26,"enemies":"Lagavulin","floor":11,"turns":5},{"damage":8,"enemies":"Red Slaver","floor":14,"turns":2},{"damage":35,"enemies":"Slime Boss","floor":16,"turns":9},{"damage":5,"enemies":"Chosen","floor":18,"turns":5},{"damage":49,"enemies":"Shell Parasite","floor":20,"turns":6},{"damage":34,"enemies":"Chosen and Byrds","floor":21,"turns":5},{"damage":69,"enemies":"Book of Stabbing","floor":23,"turns":6},{"damage":36,"enemies":"Gremlin Leader","floor":25,"turns":7},{"damage":12,"enemies":"Centurion and Healer","floor":27,"turns":5},{"damage":18,"enemies":"Slavers","floor":29,"turns":7},{"damage":0,"enemies":"Cultist and Chosen","floor":31,"turns":4},{"damage":107,"enemies":"Champ","floor":33,"turns":10}],"seed_played":"-4691198554817699180","potions_obtained":[{"floor":2,"key":"BloodPotion"},{"floor":10,"key":"Explosive Potion"},{"floor":11,"key":"SteroidPotion"},{"floor":16,"key":"EssenceOfSteel"},{"floor":20,"key":"Regen Potion"},{"floor":21,"key":"Swift Potion"},{"floor":23,"key":"BloodPotion"},{"floor":25,"key":"SpeedPotion"},{"floor":29,"key":"Regen Potion"}],"is_trial":false,"path_per_floor":["M","M","M","M","?","E","?","R","T","M","E","?","$","M","R","B",null,"M","?","M","M","$","E","R","E","T","M","R","E","R","M","R","B"],"character_chosen":"IRONCLAD","items_purchased":["Flex","Perfected Strike","Dramatic Entrance","Twin Strike","Swift Strike","Clothesline"],"campfire_rested":4,"item_purchase_floors":[13,13,13,13,22,22],"current_hp_per_floor":[80,74,77,69,69,39,39,67,67,63,53,53,53,54,86,57,109,109,109,66,41,41,11,44,44,44,40,73,63,63,71,71,0],"gold":155,"neow_bonus":"RANDOM_COMMON_RELIC","is_prod":false,"is_daily":false,"chose_seed":false,"campfire_upgraded":2,"win_rate":0.0,"timestamp":1570396858,"path_taken":["M","M","M","M","?","E","?","R","T","M","E","?","$","M","R","BOSS","M","?","M","M","$","E","R","E","T","M","R","E","R","M","R","BOSS"],"build_version":"2019-07-17","purchased_purges":0,"victory":false,"max_hp_per_floor":[80,80,83,86,86,96,96,96,96,96,106,106,106,109,109,109,109,109,109,109,112,112,112,112,112,112,112,112,112,112,112,112,112],"card_choices":[{"not_picked":["Warcry","True Grit"],"picked":"Sword Boomerang","floor":1},{"not_picked":["Warcry","Pommel Strike"],"picked":"Feed","floor":2},{"not_picked":["Inflame","Infernal Blade"],"picked":"Fire Breathing","floor":3},{"not_picked":["Headbutt","Clothesline"],"picked":"Armaments","floor":4},{"not_picked":["Combust","Juggernaut"],"picked":"Rampage","floor":6},{"not_picked":["Armaments","Second Wind"],"picked":"Spot Weakness","floor":8},{"not_picked":["Shrug It Off","Thunderclap"],"picked":"Dropkick","floor":10},{"not_picked":["Pummel","Pommel Strike"],"picked":"Heavy Blade","floor":11},{"not_picked":["Pommel Strike","Thunderclap"],"picked":"Heavy Blade","floor":14},{"not_picked":["Body Slam","Dual Wield"],"picked":"Twin Strike","floor":15},{"not_picked":["Juggernaut","Berserk"],"picked":"Impervious","floor":16},{"not_picked":["Carnage","Heavy Blade"],"picked":"Cleave+1","floor":18},{"not_picked":["Cleave","Thunderclap"],"picked":"Carnage+1","floor":20},{"not_picked":["Shrug It Off","Disarm"],"picked":"Perfected Strike+1","floor":21},{"not_picked":["Thunderclap","Pummel"],"picked":"Disarm+1","floor":23},{"not_picked":["Dropkick","Infernal Blade"],"picked":"Shrug It Off+1","floor":24},{"not_picked":["Pommel Strike","Clash"],"picked":"Flex","floor":25},{"not_picked":["Hemokinesis","Pummel"],"picked":"Dark Embrace","floor":27},{"not_picked":["Rupture","Cleave"],"picked":"True Grit+1","floor":28},{"not_picked":["Rupture","Juggernaut"],"picked":"Fiend Fire","floor":29},{"not_picked":["Combust","Uppercut"],"picked":"Infernal Blade+1","floor":31}],"player_experience":3170,"relics_obtained":[{"floor":6,"key":"Strawberry"},{"floor":9,"key":"Bag of Preparation"},{"floor":11,"key":"Pear"},{"floor":23,"key":"Gremlin Horn"},{"floor":23,"key":"Blood Vial"},{"floor":25,"key":"Ornamental Fan"},{"floor":25,"key":"Calipers"},{"floor":26,"key":"Happy Flower"},{"floor":29,"key":"Ancient Tea Set"},{"floor":29,"key":"Centennial Puzzle"}],"event_choices":[{"damage_healed":0,"gold_gain":0,"player_choice":"Ignored","damage_taken":0,"max_hp_gain":0,"max_hp_loss":0,"event_name":"Shining Light","floor":5,"gold_loss":0},{"damage_healed":0,"gold_gain":30,"player_choice":"Searched \u00272\u0027 times","damage_taken":0,"relics_obtained":["Dream Catcher"],"max_hp_gain":0,"max_hp_loss":0,"event_name":"Dead Adventurer","floor":7,"gold_loss":0},{"damage_healed":0,"gold_gain":0,"player_choice":"Ignored","damage_taken":0,"max_hp_gain":0,"max_hp_loss":0,"event_name":"Liars Game","floor":12,"gold_loss":0},{"damage_healed":0,"gold_gain":0,"player_choice":"Obtained Relic","damage_taken":0,"relics_obtained":["StoneCalendar"],"max_hp_gain":0,"max_hp_loss":0,"event_name":"Addict","floor":19,"gold_loss":85}],"is_beta":false,"boss_relics":[{"not_picked":["Lizard Tail","Runic Dome"],"picked":"Black Star"}],"items_purged_floors":[],"is_endless":false,"potions_floor_spawned":[2,10,11,16,20,21,23,25,29],"killed_by":"Champ","ascension_level":0}