{"gold_per_floor":[116,136,86,100,112,143,143,143,169,204,204,223,71,89,89,189,189,199,216,216,242,17,17,51,63,63,74,74,108,121,121,121,121],"floor_reached":33,"playtime":2361,"items_purged":["Strike_G"],"score":428,"play_id":"ae93dbd8-2a48-4f41-996a-0e8db8eeebf0","local_time":"20191015153912","is_ascension_mode":true,"campfire_choices":[{"data":"Neutralize","floor":7.0,"key":"SMITH"},{"data":"Caltrops","floor":11.0,"key":"SMITH"},{"data":"Blur","floor":15,"key":"SMITH"},{"data":"Burst","floor":23,"key":"SMITH"},{"floor":28,"key":"REST"},{"floor":32,"key":"REST"}],"neow_cost":"NONE","seed_source_timestamp":0,"circlet_count":0,"master_deck":["Strike_G","Strike_G+1","Strike_G","Defend_G","Defend_G","Defend_G","Defend_G","Survivor","Neutralize+1","Unload+1","Escape Plan","Blur","Cloak And Dagger","Blur+1","Dagger Throw","Caltrops+1","Masterful Stab","Die Die Die+1","Escape Plan","Burst+1","Expertise+1","Calculated Gamble+1","Well Laid Plans","Backflip"],"special_seed":0,"relics":["Ring of the Snake","Ancient Tea Set","Whetstone","Strawberry","Runic Dome","Lantern","Art of War","Singing Bowl","WingedGreaves","Centennial Puzzle"],"potions_floor_usage":[16,24,29,30,33],"damage_taken":[{"damage":2.0,"enemies":"Jaw Worm","floor":1.0,"turns":4.0},{"damage":0.0,"enemies":"2 Louse","floor":2.0,"turns":2.0},{"damage":4.0,"enemies":"Cultist","floor":4.0,"turns":5.0},{"damage":13.0,"enemies":"Exordium Thugs","floor":5.0,"turns":7.0},{"damage":5.0,"enemies":"Gremlin Nob","floor":6.0,"turns":4.0},{"damage":0.0,"enemies":"3 Sentries","floor":10.0,"turns":8.0},{"damage":4.0,"enemies":"Lots of Slimes","floor":12.0,"turns":3.0},{"damage":0,"enemies":"Looter","floor":14,"turns":3},{"damage":14,"enemies":"Slime Boss","floor":16,"turns":13},{"damage":0,"enemies":"Spheric Guardian","floor":18,"turns":4},{"damage":0,"enemies":"3 Byrds","floor":19,"turns":3},{"damage":16,"enemies":"Slavers","floor":24,"turns":4},{"damage":17,"enemies":"Sentry and Sphere","floor":25,"turns":5},{"damage":2,"enemies":"Snake Plant","floor":27,"turns":4},{"damage":37,"enemies":"Gremlin Leader","floor":29,"turns":9},{"damage":4,"enemies":"3 Cultists","floor":30,"turns":4},{"damage":47,"enemies":"Collector","floor":33,"turns":9}],"seed_played":"8132012021784943656","potions_obtained":[{"floor":2.0,"key":"GamblersBrew"},{"floor":5.0,"key":"FearPotion"},{"floor":6.0,"key":"EssenceOfSteel"},{"floor":8.0,"key":"EssenceOfSteel"},{"floor":10.0,"key":"Weak Potion"},{"floor":18,"key":"AttackPotion"},{"floor":25,"key":"PowerPotion"},{"floor":27,"key":"Swift Potion"},{"floor":29,"key":"Explosive Potion"}],"is_trial":false,"path_per_floor":["M","M","?","M","M","E","R","?","T","E","R","M","$","M","R","B",null,"M","M","?","T","$","R","E","M","T","M","R","E","M","?","R","B"],"character_chosen":"THE_SILENT","items_purchased":["Die Die Die","Art of War"],"campfire_rested":2,"item_purchase_floors":[13,22],"current_hp_per_floor":[68,68,68,64,51,46,46,46,46,53,53,49,49,49,49,35,67,67,67,67,67,67,67,53,36,36,36,60,25,23,23,48,1],"gold":121,"neow_bonus":"TRANSFORM_CARD","is_prod":false,"is_daily":false,"chose_seed":false,"campfire_upgraded":4,"win_rate":0,"timestamp":1571168352,"path_taken":["M","M","?","M","M","E","R","?","T","E","R","M","$","M","R","BOSS","M","M","?","?","$","R","E","?","T","M","R","E","M","?","R","BOSS"],"build_version":"2019-07-17","purchased_purges":1,"victory":false,"max_hp_per_floor":[70,70,70,70,70,70,70,70,70,77,77,77,77,77,77,77,77,77,77,77,77,77,77,79,79,79,81,81,83,85,85,85,85],"card_choices":[{"not_picked":["Blade Dance","Deflect"],"picked":"Escape Plan","floor":1.0},{"not_picked":["Blade Dance","Caltrops"],"picked":"Blur","floor":2.0},{"not_picked":["Quick Slash","Choke"],"picked":"Cloak And Dagger","floor":4.0},{"not_picked":["Prepared","Deflect"],"picked":"Blur","floor":5.0},{"not_picked":["Prepared","Flying Knee"],"picked":"Dagger Throw","floor":6.0},{"not_picked":["Flying Knee","Dagger Throw"],"picked":"Caltrops","floor":10.0},{"not_picked":["Catalyst","Blade Dance"],"picked":"Masterful Stab","floor":12},{"not_picked":["Flying Knee","Concentrate"],"picked":"Escape Plan","floor":14},{"not_picked":["Bullet Time","Venomology"],"picked":"Burst","floor":16},{"not_picked":["Dagger Throw","Dodge and Roll"],"picked":"Expertise+1","floor":18},{"not_picked":["Expertise+1","Dash"],"picked":"Calculated Gamble+1","floor":19},{"not_picked":["Riddle With Holes","Bane","Flying Knee"],"picked":"Singing Bowl","floor":24},{"not_picked":["Outmaneuver+1","Predator"],"picked":"Backflip","floor":25},{"not_picked":["Cloak And Dagger","Outmaneuver+1","Riddle With Holes"],"picked":"Singing Bowl","floor":27},{"not_picked":["Acrobatics+1","Backflip","PiercingWail+1"],"picked":"Singing Bowl","floor":29},{"not_picked":["Heel Hook","Bullet Time","Escape Plan"],"picked":"Singing Bowl","floor":30}],"player_experience":391734,"relics_obtained":[{"floor":6.0,"key":"Ancient Tea Set"},{"floor":9.0,"key":"Whetstone"},{"floor":10.0,"key":"Strawberry"},{"floor":21,"key":"Lantern"},{"floor":24,"key":"Singing Bowl"},{"floor":26,"key":"WingedGreaves"},{"floor":29,"key":"Centennial Puzzle"}],"event_choices":[{"cards_removed":["Defend_G"],"damage_healed":0.0,"max_hp_gain":0.0,"max_hp_loss":0.0,"gold_gain":0.0,"event_name":"The Cleric","player_choice":"Card Removal","floor":3.0,"gold_loss":50.0,"damage_taken":0.0},{"damage_healed":0.0,"max_hp_gain":0.0,"max_hp_loss":0.0,"gold_gain":0.0,"event_name":"Lab","player_choice":"Got Potions","floor":8.0,"gold_loss":0.0,"damage_taken":0.0},{"damage_healed":0,"gold_gain":0,"player_choice":"Read","damage_taken":0,"max_hp_gain":0,"max_hp_loss":0,"event_name":"The Library","floor":20,"gold_loss":0,"cards_obtained":["Well Laid Plans"]},{"damage_healed":0,"gold_gain":0,"player_choice":"Upgraded","damage_taken":0,"max_hp_gain":0,"max_hp_loss":0,"event_name":"Upgrade Shrine","floor":31,"gold_loss":0,"cards_upgraded":["Die Die Die"]}],"is_beta":false,"boss_relics":[{"not_picked":["Velvet Choker","Empty Cage"],"picked":"Runic Dome"}],"items_purged_floors":[22],"is_endless":false,"potions_floor_spawned":[2,5,6,10,18,25,27,29],"killed_by":"Collector","ascension_level":5}