{"gold_per_floor":[111,131,148,25,41,66,66,66,66,99,118,138,138,150,150,245,245,265,276,290,49,64,64,91,91,91,91,21,40,74,74,74,176,176,190,206,220,230,241,241,241,266,266,266,300,84,115,115,115,115],"floor_reached":51,"playtime":4265,"items_purged":["Strike_G"],"score":1036,"play_id":"7bd9dc57-f53e-487e-b37b-8c24e26181a4","local_time":"20181113205435","is_ascension_mode":true,"campfire_choices":[{"floor":7,"key":"REST"},{"data":"Poisoned Stab","floor":13,"key":"SMITH"},{"floor":15,"key":"REST"},{"floor":23,"key":"REST"},{"floor":25,"key":"REST"},{"floor":32,"key":"REST"},{"floor":40,"key":"REST"},{"floor":44,"key":"REST"},{"floor":49,"key":"REST"}],"neow_cost":"NONE","seed_source_timestamp":0,"circlet_count":0,"master_deck":["Defend_G","Defend_G","Defend_G","Defend_G","Defend_G","Strike_G","Survivor","Neutralize+1","Sucker Punch+1","Dagger Spray","Poisoned Stab+1","Dagger Throw","Deflect","Footwork","Heel Hook","Backflip","Footwork","Tools of the Trade","Blade Dance+1","Underhanded Strike+1","Footwork","Die Die Die","Secret Technique","Backflip","Corpse Explosion","Finesse","Underhanded Strike","Quick Slash+1","Unload+1","Bullet Time+1","Phantasmal Killer+1","Crippling Poison","Caltrops+1","Parasite","Accuracy+1","Malaise","Caltrops","Footwork","PiercingWail"],"special_seed":0,"relics":["Ring of the Snake","Matryoshka","Juzu Bracelet","Dead Branch","Mummified Hand","Fusion Hammer","Ancient Tea Set","Lantern","The Courier","Pantograph","Astrolabe","Question Card","Calipers","Bottled Flame","Pen Nib","Peace Pipe"],"potions_floor_usage":[14,24,30,33,35,38,50,50,50],"damage_taken":[{"damage":7,"enemies":"Small Slimes","floor":1,"turns":4},{"damage":0,"enemies":"Jaw Worm","floor":2,"turns":3},{"damage":4,"enemies":"2 Louse","floor":3,"turns":2},{"damage":3,"enemies":"Looter","floor":5,"turns":3},{"damage":13,"enemies":"3 Sentries","floor":6,"turns":9},{"damage":7,"enemies":"Lagavulin","floor":10,"turns":8},{"damage":0,"enemies":"Large Slime","floor":11,"turns":6},{"damage":11,"enemies":"Gremlin Gang","floor":12,"turns":6},{"damage":5,"enemies":"Exordium Wildlife","floor":14,"turns":2},{"damage":3,"enemies":"The Guardian","floor":16,"turns":14},{"damage":15,"enemies":"Spheric Guardian","floor":18,"turns":5},{"damage":0,"enemies":"3 Byrds","floor":19,"turns":4},{"damage":17,"enemies":"Cultist and Chosen","floor":20,"turns":6},{"damage":10,"enemies":"Centurion and Healer","floor":22,"turns":5},{"damage":23,"enemies":"Book of Stabbing","floor":24,"turns":7},{"damage":0,"enemies":"Shelled Parasite and Fungi","floor":29,"turns":6},{"damage":0,"enemies":"Gremlin Leader","floor":30,"turns":6},{"damage":24,"enemies":"Collector","floor":33,"turns":9},{"damage":2,"enemies":"3 Darklings","floor":35,"turns":3},{"damage":0,"enemies":"Orb Walker","floor":36,"turns":2},{"damage":13,"enemies":"4 Shapes","floor":37,"turns":2},{"damage":2,"enemies":"Transient","floor":38,"turns":5},{"damage":2,"enemies":"Writhing Mass","floor":39,"turns":8},{"damage":4,"enemies":"Reptomancer","floor":42,"turns":7},{"damage":1,"enemies":"Nemesis","floor":45,"turns":5},{"damage":31,"enemies":"Reptomancer","floor":47,"turns":7},{"damage":47,"enemies":"Donu and Deca","floor":50,"turns":5}],"seed_played":"4848039135844678130","potions_obtained":[{"floor":2,"key":"FearPotion"},{"floor":6,"key":"Energy Potion"},{"floor":11,"key":"Fire Potion"},{"floor":14,"key":"Fire Potion"},{"floor":22,"key":"Regen Potion"},{"floor":24,"key":"Fire Potion"},{"floor":30,"key":"Dexterity Potion"},{"floor":36,"key":"Poison Potion"},{"floor":38,"key":"PowerPotion"},{"floor":39,"key":"PowerPotion"}],"is_trial":false,"path_per_floor":["M","M","M","$","M","E","R","?","T","E","M","M","R","M","R","B",null,"M","M","M","$","M","R","E","R","T","?","$","M","E","$","R","B",null,"M","M","M","M","M","R","?","E","T","R","E","$","E","?","R","B",null],"character_chosen":"THE_SILENT","items_purchased":["Dagger Throw","Die Die Die","Secret Technique","Finesse","Footwork","Pen Nib","PiercingWail"],"campfire_rested":8,"item_purchase_floors":[4,21,21,28,46,46,46],"current_hp_per_floor":[63,63,59,59,56,43,64,64,64,57,57,46,46,41,62,59,67,52,52,35,35,25,46,38,59,59,70,70,70,70,70,70,46,64,62,62,49,47,45,66,66,62,62,70,69,69,38,38,59,23],"gold":115,"neow_bonus":"UPGRADE_CARD","is_prod":false,"is_daily":false,"chose_seed":false,"campfire_upgraded":1,"win_rate":0,"timestamp":1542171275,"path_taken":["M","M","M","$","M","E","R","?","T","E","M","M","R","M","R","BOSS","M","M","M","$","M","R","E","R","T","?","$","M","E","$","R","BOSS","M","M","M","M","M","R","?","E","T","R","E","$","E","?","R","BOSS"],"build_version":"2018-11-08","purchased_purges":1,"victory":true,"max_hp_per_floor":[70,70,70,70,70,70,70,70,70,70,70,70,70,70,70,70,70,70,70,70,70,70,70,70,70,70,70,70,70,70,70,70,70,70,70,70,70,70,70,70,70,70,70,70,70,70,70,70,70,70],"card_choices":[{"not_picked":["Slice","Deflect"],"picked":"Sucker Punch","floor":1},{"not_picked":["Outmaneuver","Blade Dance"],"picked":"Dagger Spray","floor":2},{"not_picked":["PiercingWail","Prepared"],"picked":"Poisoned Stab","floor":3},{"not_picked":["Dagger Throw","Dodge and Roll"],"picked":"Deflect","floor":5},{"not_picked":["Masterful Stab","Glass Knife"],"picked":"Footwork","floor":6},{"not_picked":["All Out Attack","Venomology"],"picked":"Heel Hook","floor":10},{"not_picked":["Bouncing Flask","Flying Knee"],"picked":"Bane","floor":11},{"not_picked":["Caltrops","Dagger Spray"],"picked":"Backflip","floor":12},{"not_picked":["Distraction","Backflip"],"picked":"Footwork","floor":14},{"not_picked":["Die Die Die","Storm of Steel"],"picked":"Tools of the Trade","floor":16},{"not_picked":["Calculated Gamble","Backflip"],"picked":"Blade Dance+1","floor":18},{"not_picked":["Bane+1","Quick Slash"],"picked":"Underhanded Strike+1","floor":19},{"not_picked":["Distraction","Slice"],"picked":"Footwork","floor":20},{"not_picked":["Predator","Leg Sweep"],"picked":"Backflip","floor":22},{"not_picked":["Bane+1","Noxious Fumes"],"picked":"Corpse Explosion","floor":24},{"not_picked":["Bane+1","Slice"],"picked":"Underhanded Strike","floor":29},{"not_picked":["Underhanded Strike","Slice"],"picked":"Quick Slash+1","floor":30},{"not_picked":["Predator","Well Laid Plans","Sucker Punch"],"picked":"SKIP","floor":35},{"not_picked":["Backstab","Eviscerate+1","Underhanded Strike+1"],"picked":"SKIP","floor":36},{"not_picked":["Dagger Throw","Tactician+1"],"picked":"Crippling Poison","floor":37},{"not_picked":["Sucker Punch","Slice+1"],"picked":"Caltrops+1","floor":38},{"not_picked":["Poisoned Stab+1","Heel Hook+1"],"picked":"Accuracy+1","floor":39},{"not_picked":["Dagger Spray+1","Escape Plan+1"],"picked":"Malaise","floor":42},{"not_picked":["Dagger Throw+1","Setup+1","Bullet Time"],"picked":"Caltrops","floor":45},{"not_picked":["Masterful Stab+1","Blade Dance","Flechettes","Underhanded Strike"],"picked":"SKIP","floor":47}],"player_experience":509146,"relics_obtained":[{"floor":6,"key":"Matryoshka"},{"floor":9,"key":"Juzu Bracelet"},{"floor":9,"key":"Dead Branch"},{"floor":10,"key":"Mummified Hand"},{"floor":24,"key":"Ancient Tea Set"},{"floor":26,"key":"Lantern"},{"floor":26,"key":"The Courier"},{"floor":30,"key":"Pantograph"},{"floor":42,"key":"Question Card"},{"floor":43,"key":"Calipers"},{"floor":45,"key":"Bottled Flame"},{"floor":47,"key":"Peace Pipe"}],"event_choices":[{"damage_healed":0,"gold_gain":0,"player_choice":"Grow","damage_taken":0,"max_hp_gain":0,"max_hp_loss":0,"event_name":"Living Wall","floor":8,"gold_loss":0,"cards_upgraded":["Sucker Punch"]},{"damage_healed":23,"gold_gain":0,"player_choice":"Heal","damage_taken":0,"max_hp_gain":0,"max_hp_loss":0,"event_name":"The Library","floor":27,"gold_loss":0},{"damage_healed":0,"gold_gain":0,"player_choice":"Ignored","damage_taken":0,"max_hp_gain":0,"max_hp_loss":0,"event_name":"Tomb of Lord Red Mask","floor":41,"gold_loss":0},{"cards_removed":["Bane"],"damage_healed":0,"gold_gain":0,"player_choice":"Removed Attack","damage_taken":0,"max_hp_gain":0,"max_hp_loss":0,"event_name":"Falling","floor":48,"gold_loss":0}],"is_beta":false,"boss_relics":[{"not_picked":["Black Star","Eternal Feather"],"picked":"Fusion Hammer"},{"not_picked":["Empty Cage","Lizard Tail"],"picked":"Astrolabe"}],"items_purged_floors":[4],"is_endless":false,"potions_floor_spawned":[2,6,11,14,19,20,22,24,30,36,38,39,47],"ascension_level":5}