{"gold_per_floor":[118,136,148,164,176,176,201,201,226,226,245,274,50,50,50,50],"floor_reached":16,"playtime":798,"items_purged":["Defend_G"],"score":123,"play_id":"2bae4abb-64dc-4e8c-9413-ceb8027a8089","local_time":"20180903015639","is_ascension_mode":true,"campfire_choices":[{"data":"Cloak And Dagger","floor":6,"key":"SMITH"},{"data":"Neutralize","floor":8,"key":"SMITH"},{"data":"Burst","floor":10,"key":"SMITH"},{"floor":15,"key":"REST"}],"neow_cost":"NONE","seed_source_timestamp":1539271083249831,"circlet_count":0,"master_deck":["Defend_G","Defend_G","Defend_G","Defend_G","Strike_G","Strike_G","Strike_G","Strike_G","Strike_G","Survivor","Neutralize+1","Crippling Poison","Deflect","Deflect","Cloak And Dagger+1","Masterful Stab","Burst+1","Accuracy","Sucker Punch"],"relics":["Runic Dome","Pen Nib","Potion Belt","Omamori","Anchor"],"potions_floor_usage":[16],"damage_taken":[{"damage":0,"enemies":"Cultist","floor":1,"turns":4},{"damage":0,"enemies":"2 Louse","floor":2,"turns":3},{"damage":0,"enemies":"Jaw Worm","floor":3,"turns":6},{"damage":6,"enemies":"Exordium Thugs","floor":4,"turns":4},{"damage":5,"enemies":"Red Slaver","floor":5,"turns":4},{"damage":8,"enemies":"3 Sentries","floor":7,"turns":12},{"damage":0,"enemies":"Large Slime","floor":11,"turns":7},{"damage":19,"enemies":"Gremlin Nob","floor":12,"turns":4},{"damage":54,"enemies":"Hexaghost","floor":16,"turns":16}],"seed_played":"-8094242605226607423","potions_obtained":[{"floor":5,"key":"Dexterity Potion"},{"floor":7,"key":"Energy Potion"},{"floor":11,"key":"Ancient Potion"}],"is_trial":false,"path_per_floor":["M","M","M","M","M","R","E","R","T","R","M","E","$","?","R"],"character_chosen":"THE_SILENT","items_purchased":["Anchor"],"campfire_rested":1,"item_purchase_floors":[13],"current_hp_per_floor":[70,70,70,64,59,59,51,51,51,51,51,32,32,32,53,0],"gold":50,"neow_bonus":"BOSS_RELIC","is_prod":false,"is_daily":false,"chose_seed":false,"campfire_upgraded":3,"win_rate":0,"timestamp":1535964999,"path_taken":["M","M","M","M","M","R","E","R","T","R","?","E","$","?","R","BOSS"],"build_version":"2018-08-30","purchased_purges":1,"victory":false,"max_hp_per_floor":[70,70,70,70,70,70,70,70,70,70,70,70,70,70,70,70],"card_choices":[{"not_picked":["Underhanded Strike","Outmaneuver"],"picked":"Crippling Poison","floor":1},{"not_picked":["Deadly Poison","Slice"],"picked":"Deflect","floor":2},{"not_picked":["Masterful Stab","Eviscerate"],"picked":"Deflect","floor":3},{"not_picked":["Flying Knee","Outmaneuver"],"picked":"Cloak And Dagger","floor":4},{"not_picked":["Reflex","Night Terror"],"picked":"Masterful Stab","floor":5},{"not_picked":["Deadly Poison","Deflect"],"picked":"Burst","floor":7},{"not_picked":["Poisoned Stab","Blade Dance"],"picked":"Accuracy","floor":11},{"not_picked":["Outmaneuver","Calculated Gamble"],"picked":"Sucker Punch","floor":12}],"player_experience":325843,"relics_obtained":[{"floor":7,"key":"Pen Nib"},{"floor":9,"key":"Potion Belt"},{"floor":12,"key":"Omamori"}],"event_choices":[{"event_name":"Liars Game","player_choice":"disagreed","floor":14,"damage_taken":0}],"is_beta":false,"boss_relics":[],"items_purged_floors":[13],"is_endless":false,"potions_floor_spawned":[5,7,11],"killed_by":"Hexaghost","ascension_level":2}