{"gold_per_floor":[119,130,130,148,166,198,198,230,254,22,47,47,76,89,89,191,191,204,237,247,247,257,257,291,302,302,302,302,202,221,241,241,339,339,352,3,225,325,344,344,371,371,371,396,412,412,425,452,452,452,452,452,5,38,38],"floor_reached":55,"playtime":3011,"items_purged":["Strike_B","Strike_B"],"score":818,"play_id":"dda8430a-5e7b-4cba-b025-585088f633b2","local_time":"20190729221738","is_ascension_mode":true,"campfire_choices":[{"data":"Creative AI","floor":7,"key":"SMITH"},{"floor":12,"key":"REST"},{"floor":15,"key":"REST"},{"data":"Electrodynamics","floor":23,"key":"SMITH"},{"data":"Thunder Strike","floor":28,"key":"SMITH"},{"data":"Capacitor","floor":32,"key":"SMITH"},{"floor":40,"key":"RECALL"},{"data":"Seek","floor":42,"key":"SMITH"},{"data":"Dualcast","floor":46,"key":"SMITH"},{"floor":49,"key":"REST"},{"data":"Multi-Cast","floor":52,"key":"SMITH"}],"neow_cost":"NONE","seed_source_timestamp":24939496192100,"circlet_count":0,"master_deck":["Strike_B","Strike_B","Defend_B","Defend_B","Defend_B+1","Defend_B","Zap+1","Dualcast+1","Multi-Cast+1","Chaos+1","Ball Lightning","Hologram","Creative AI+1","Thunder Strike+1","Conserve Battery","Auto Shields","Chill","Electrodynamics+1","Capacitor+1","Double Energy+1","Leap","Seek+1","Leap+1","Recycle+1","Tempest","Tempest+1","Go for the Eyes+1"],"relics":["Cracked Core","Blood Vial","Bag of Preparation","War Paint","Ancient Tea Set","Pantograph","Nuclear Battery","Red Mask","Meat on the Bone","Shuriken","Black Star","DataDisk","Runic Capacitor","Smiling Mask","PreservedInsect","Mango","Bottled Lightning","Calipers","Orichalcum","Turnip","Medical Kit","Symbiotic Virus","Bird Faced Urn","Bag of Marbles"],"potions_floor_usage":[6,6,24,33,33,41,47,48,50],"damage_taken":[{"damage":0,"enemies":"2 Louse","floor":1,"turns":2},{"damage":1,"enemies":"Cultist","floor":2,"turns":3},{"damage":7,"enemies":"Small Slimes","floor":4,"turns":3},{"damage":5,"enemies":"Looter","floor":5,"turns":3},{"damage":17,"enemies":"3 Sentries","floor":6,"turns":8},{"damage":26,"enemies":"Lagavulin","floor":8,"turns":7},{"damage":20,"enemies":"Gremlin Nob","floor":11,"turns":4},{"damage":3,"enemies":"Lagavulin","floor":13,"turns":6},{"damage":8,"enemies":"Red Slaver","floor":14,"turns":4},{"damage":5,"enemies":"Slime Boss","floor":16,"turns":7},{"damage":11,"enemies":"Shell Parasite","floor":18,"turns":6},{"damage":4,"enemies":"Masked Bandits","floor":19,"turns":3},{"damage":0,"enemies":"2 Thieves","floor":20,"turns":2},{"damage":0,"enemies":"3 Cultists","floor":22,"turns":2},{"damage":17,"enemies":"Book of Stabbing","floor":24,"turns":5},{"damage":18,"enemies":"Chosen and Byrds","floor":25,"turns":5},{"damage":9,"enemies":"Centurion and Healer","floor":30,"turns":3},{"damage":5,"enemies":"Shelled Parasite and Fungi","floor":31,"turns":2},{"damage":10,"enemies":"Champ","floor":33,"turns":10},{"damage":7,"enemies":"3 Shapes","floor":35,"turns":7},{"damage":4,"enemies":"3 Darklings","floor":39,"turns":4},{"damage":21,"enemies":"Nemesis","floor":41,"turns":5},{"damage":10,"enemies":"Reptomancer","floor":44,"turns":5},{"damage":0,"enemies":"4 Shapes","floor":45,"turns":3},{"damage":19,"enemies":"Writhing Mass","floor":47,"turns":3},{"damage":26,"enemies":"Nemesis","floor":48,"turns":5},{"damage":55,"enemies":"Awakened One","floor":50,"turns":13},{"damage":67,"enemies":"Shield and Spear","floor":54,"turns":6},{"damage":85,"enemies":"The Heart","floor":55,"turns":3}],"seed_played":"2317918486862850306","potions_obtained":[{"floor":4,"key":"SkillPotion"},{"floor":5,"key":"SkillPotion"},{"floor":13,"key":"SneckoOil"},{"floor":19,"key":"LiquidBronze"},{"floor":25,"key":"Block Potion"},{"floor":30,"key":"Swift Potion"},{"floor":31,"key":"EssenceOfSteel"},{"floor":39,"key":"Fire Potion"},{"floor":45,"key":"Weak Potion"},{"floor":48,"key":"Strength Potion"}],"is_trial":false,"path_per_floor":["M","M","?","M","M","E","R","E","T","$","E","R","E","M","R","B",null,"M","?","M","?","M","R","E","M","T","?","R","$","M","M","R","B",null,"M","$","?","?","M","R","E","R","T","E","M","R","M","E","R","B",null,"R","$","E","B"],"character_chosen":"DEFECT","items_purchased":["War Paint","DataDisk","Runic Capacitor","Medical Kit","Symbiotic Virus"],"campfire_rested":3,"item_purchase_floors":[10,36,36,53,53],"current_hp_per_floor":[75,74,74,67,62,45,45,21,21,21,3,25,24,18,40,62,75,64,62,64,64,66,66,51,47,47,72,72,72,65,62,62,65,75,68,68,68,68,66,66,47,47,61,53,55,55,50,38,64,46,89,89,89,34,0],"gold":38,"neow_bonus":"ONE_RANDOM_RARE_CARD","is_prod":false,"is_daily":false,"chose_seed":false,"campfire_upgraded":7,"win_rate":0,"timestamp":1564463858,"path_taken":["M","M","?","?","M","E","R","E","T","$","E","R","E","M","R","BOSS","M","?","M","?","?","R","E","M","T","?","R","$","M","M","R","BOSS","M","$","?","?","M","R","E","R","T","E","M","R","M","E","R","BOSS","R","$","E","BOSS"],"build_version":"2019-07-18","purchased_purges":2,"victory":false,"max_hp_per_floor":[75,75,75,75,75,75,75,75,75,75,75,75,75,75,75,75,75,75,75,75,75,75,75,75,75,75,75,75,75,75,75,75,75,75,75,75,75,75,75,75,75,75,89,89,89,89,89,89,89,89,89,89,89,89,89],"card_choices":[{"not_picked":["Turbo","Compile Driver"],"picked":"Chaos","floor":1},{"not_picked":["Barrage","Reprogram"],"picked":"Ball Lightning","floor":2},{"not_picked":["Barrage","Streamline"],"picked":"Hologram","floor":4},{"not_picked":["Barrage","Blizzard"],"picked":"Creative AI","floor":5},{"not_picked":["Streamline","Blizzard"],"picked":"Thunder Strike","floor":6},{"not_picked":["Loop","Gash"],"picked":"Conserve Battery","floor":8},{"not_picked":["Stack","White Noise"],"picked":"Auto Shields","floor":11},{"not_picked":["Sunder","Chaos"],"picked":"Chill","floor":13},{"not_picked":["Beam Cell","Steam","Sweeping Beam"],"picked":"SKIP","floor":14},{"not_picked":["Machine Learning","Reboot"],"picked":"Electrodynamics","floor":16},{"not_picked":["Sweeping Beam+1","Steam Power","Static Discharge"],"picked":"SKIP","floor":18},{"not_picked":["Sunder","Force Field"],"picked":"Capacitor","floor":20},{"not_picked":["Darkness","Force Field"],"picked":"Double Energy+1","floor":22},{"not_picked":["Turbo","Redo","Doom and Gloom"],"picked":"SKIP","floor":24},{"not_picked":["Steam","Redo"],"picked":"Leap","floor":25},{"not_picked":["Conserve Battery","Static Discharge","Hologram+1"],"picked":"SKIP","floor":30},{"not_picked":["Cold Snap","Steam+1","Static Discharge"],"picked":"SKIP","floor":31},{"not_picked":["All For One","Core Surge"],"picked":"Seek","floor":33},{"not_picked":["Beam Cell","Undo+1","Conserve Battery+1"],"picked":"SKIP","floor":35},{"not_picked":["Scrape+1","Capacitor+1","Sweeping Beam+1"],"picked":"SKIP","floor":39},{"not_picked":["Sweeping Beam+1","Rebound"],"picked":"Leap+1","floor":41},{"not_picked":["Redo+1","Cold Snap"],"picked":"Recycle+1","floor":44},{"not_picked":["Creative AI","Steam Power"],"picked":"Tempest","floor":45},{"not_picked":["Hologram","Coolheaded"],"picked":"Tempest+1","floor":47},{"not_picked":["Heatsinks+1","Turbo"],"picked":"Go for the Eyes+1","floor":48},{"not_picked":["Meteor Strike","Ball Lightning","Melter"],"picked":"SKIP","floor":54}],"player_experience":1345753,"relics_obtained":[{"floor":6,"key":"Blood Vial"},{"floor":8,"key":"Bag of Preparation"},{"floor":11,"key":"Ancient Tea Set"},{"floor":13,"key":"Pantograph"},{"floor":19,"key":"Red Mask"},{"floor":24,"key":"Meat on the Bone"},{"floor":26,"key":"Shuriken"},{"floor":41,"key":"Smiling Mask"},{"floor":41,"key":"PreservedInsect"},{"floor":43,"key":"Mango"},{"floor":44,"key":"Bottled Lightning"},{"floor":44,"key":"Calipers"},{"floor":48,"key":"Orichalcum"},{"floor":48,"key":"Turnip"},{"floor":54,"key":"Bird Faced Urn"},{"floor":54,"key":"Bag of Marbles"}],"event_choices":[{"damage_healed":0,"gold_gain":0,"player_choice":"Forge","damage_taken":0,"max_hp_gain":0,"max_hp_loss":0,"event_name":"Accursed Blacksmith","floor":3,"gold_loss":0,"cards_upgraded":["Zap"]},{"damage_healed":0,"gold_gain":0,"player_choice":"Fought Bandits","damage_taken":0,"max_hp_gain":0,"max_hp_loss":0,"event_name":"Masked Bandits","floor":19,"gold_loss":0},{"damage_healed":0,"gold_gain":0,"player_choice":"Bought 0 Potions","damage_taken":0,"max_hp_gain":0,"max_hp_loss":0,"event_name":"The Woman in Blue","floor":21,"gold_loss":0},{"damage_healed":25,"gold_gain":0,"player_choice":"Heal","damage_taken":0,"max_hp_gain":0,"max_hp_loss":0,"event_name":"The Library","floor":27,"gold_loss":0},{"damage_healed":0,"gold_gain":222,"player_choice":"Wore Mask","damage_taken":0,"max_hp_gain":0,"max_hp_loss":0,"event_name":"Tomb of Lord Red Mask","floor":37,"gold_loss":0},{"damage_healed":0,"gold_gain":100,"player_choice":"Pray","damage_taken":0,"max_hp_gain":0,"max_hp_loss":0,"event_name":"Golden Shrine","floor":38,"gold_loss":0}],"is_beta":true,"boss_relics":[{"not_picked":["Busted Crown","Fusion Hammer"],"picked":"Nuclear Battery"},{"not_picked":["Orrery","Pandora\u0027s Box"],"picked":"Black Star"}],"items_purged_floors":[10,29],"is_endless":false,"potions_floor_spawned":[4,5,13,19,25,30,31,39,45,48],"killed_by":"The Heart","ascension_level":1}