{"gold_per_floor":[112,124,124,142,1,26,26,44,44,77,77,90,116,116,116,217,217,236,335,318,329,252,280,280,305,305,20,20,20,35,63,63,167,167,183,200,48,0,10,41,41,41,64,64,97,97,9,27,27,27,27,27,27,52,52],"floor_reached":55,"playtime":2915,"items_purged":["Strike_G"],"score":892,"play_id":"5554f558-fed6-4f46-a63a-9dbe46b9550c","local_time":"20190815162836","is_ascension_mode":true,"campfire_choices":[{"data":"Wraith Form v2","floor":7,"key":"SMITH"},{"floor":15,"key":"REST"},{"floor":24,"key":"REST"},{"floor":28,"key":"REST"},{"data":"Catalyst","floor":32,"key":"SMITH"},{"floor":41,"key":"REST"},{"data":"Venomology","floor":44,"key":"SMITH"},{"floor":46,"key":"RECALL"},{"floor":49,"key":"REST"},{"data":"Burst","floor":52,"key":"SMITH"}],"neow_cost":"NONE","seed_source_timestamp":120583184302400,"circlet_count":0,"master_deck":["Strike_G","Strike_G","Strike_G","Strike_G","Defend_G","Defend_G","Defend_G","Defend_G","Defend_G","Survivor","Neutralize+1","Poisoned Stab","Crippling Poison","Quick Slash","Burst+1","Wraith Form v2+1","Dagger Spray","Dash+1","Neutralize+1","Footwork","Flying Knee+1","Wraith Form v2","Crippling Poison+1","Catalyst+1","Corpse Explosion","Venomology+1","Deadly Poison","Catalyst+1","Burst","Backstab+1","Adrenaline","Backflip","Caltrops","Deadly Poison+1","Prepared+1"],"relics":["Ring of the Serpent","Happy Flower","Molten Egg 2","Anchor","FossilizedHelix","Oddly Smooth Stone","Omamori","Bronze Scales","Bottled Lightning","Black Star","Regal Pillow","Red Mask","Ancient Tea Set","StoneCalendar","Ice Cream","Art of War","Smiling Mask","Potion Belt","Vajra","Mercury Hourglass"],"potions_floor_usage":[6,6,21,25,31,33,33,33,33,33,35,36,36,39,39,40,40,50,54,54,55,55,55],"damage_taken":[{"damage":1,"enemies":"Cultist","floor":1,"turns":5},{"damage":3,"enemies":"Jaw Worm","floor":2,"turns":3},{"damage":0,"enemies":"Small Slimes","floor":4,"turns":3},{"damage":17,"enemies":"3 Sentries","floor":6,"turns":6},{"damage":2,"enemies":"Looter","floor":8,"turns":4},{"damage":18,"enemies":"Lagavulin","floor":10,"turns":8},{"damage":1,"enemies":"Exordium Wildlife","floor":12,"turns":4},{"damage":9,"enemies":"Gremlin Nob","floor":13,"turns":5},{"damage":33,"enemies":"Slime Boss","floor":16,"turns":15},{"damage":0,"enemies":"3 Byrds","floor":18,"turns":4},{"damage":9,"enemies":"2 Thieves","floor":20,"turns":4},{"damage":28,"enemies":"Sentry and Sphere","floor":21,"turns":8},{"damage":5,"enemies":"Gremlin Leader","floor":23,"turns":5},{"damage":29,"enemies":"Book of Stabbing","floor":25,"turns":8},{"damage":1,"enemies":"Centurion and Healer","floor":30,"turns":6},{"damage":11,"enemies":"Slavers","floor":31,"turns":3},{"damage":0,"enemies":"Collector","floor":33,"turns":5},{"damage":0,"enemies":"3 Shapes","floor":35,"turns":3},{"damage":12,"enemies":"3 Darklings","floor":36,"turns":4},{"damage":17,"enemies":"Spire Growth","floor":39,"turns":4},{"damage":10,"enemies":"Nemesis","floor":40,"turns":5},{"damage":24,"enemies":"Reptomancer","floor":45,"turns":6},{"damage":2,"enemies":"Writhing Mass","floor":48,"turns":5},{"damage":1,"enemies":"Time Eater","floor":50,"turns":8},{"damage":8,"enemies":"Shield and Spear","floor":54,"turns":4},{"damage":62,"enemies":"The Heart","floor":55,"turns":6}],"seed_played":"3351722879437825968","potions_obtained":[{"floor":2,"key":"Swift Potion"},{"floor":4,"key":"AttackPotion"},{"floor":16,"key":"PowerPotion"},{"floor":21,"key":"Ancient Potion"},{"floor":25,"key":"Fire Potion"},{"floor":30,"key":"PowerPotion"},{"floor":36,"key":"FearPotion"},{"floor":40,"key":"GamblersBrew"}],"is_trial":false,"path_per_floor":["M","M","$","M","$","E","R","M","T","E","?","M","E","?","R","B",null,"M","?","M","M","$","E","R","E","T","$","R","?","M","E","R","B",null,"M","M","$","?","M","E","R","T","T","R","E","R","$","M","R","B",null,"R","$","E","B"],"character_chosen":"THE_SILENT","items_purchased":["Burst","Corpse Explosion","Bronze Scales","Deadly Poison","Regal Pillow","Backflip","Caltrops"],"campfire_rested":5,"item_purchase_floors":[5,22,27,27,37,47,47],"current_hp_per_floor":[69,66,66,66,66,49,49,47,47,29,29,28,19,19,40,7,70,70,70,61,33,33,28,49,20,20,20,41,64,63,52,52,52,70,70,58,58,58,41,31,67,67,67,67,43,43,43,41,70,69,70,70,70,62,0],"gold":52,"neow_bonus":"UPGRADE_CARD","is_prod":false,"is_daily":false,"chose_seed":false,"campfire_upgraded":4,"win_rate":0,"timestamp":1565911716,"path_taken":["M","M","?","M","$","E","R","M","T","E","?","?","E","?","R","BOSS","M","?","M","M","$","E","R","E","T","$","R","?","M","E","R","BOSS","M","M","$","?","M","E","R","?","T","R","E","R","$","?","R","BOSS","R","$","E","BOSS"],"build_version":"2019-08-15","purchased_purges":1,"victory":false,"max_hp_per_floor":[70,70,70,70,70,70,70,70,70,70,70,70,70,70,70,70,70,70,70,70,70,70,70,70,70,70,70,70,70,70,70,70,70,70,70,70,70,70,70,70,70,70,70,70,70,70,70,70,70,70,70,70,70,70,70],"card_choices":[{"not_picked":["Dodge and Roll","Skewer"],"picked":"Poisoned Stab","floor":1},{"not_picked":["All Out Attack","Dagger Throw"],"picked":"Crippling Poison","floor":2},{"not_picked":["Cloak And Dagger","Acrobatics"],"picked":"Quick Slash","floor":4},{"not_picked":["Dagger Spray","Prepared"],"picked":"Wraith Form v2","floor":6},{"not_picked":["Flying Knee","Bane"],"picked":"Dagger Spray","floor":8},{"not_picked":["Quick Slash","Setup"],"picked":"Dash","floor":10},{"not_picked":["Choke+1","Infinite Blades"],"picked":"Footwork","floor":12},{"not_picked":["Endless Agony+1","Concentrate"],"picked":"Flying Knee+1","floor":13},{"not_picked":["Unload+1","Storm of Steel"],"picked":"Wraith Form v2","floor":16},{"not_picked":["Endless Agony+1","Underhanded Strike+1"],"picked":"Crippling Poison+1","floor":18},{"not_picked":["Distraction","Eviscerate+1","Blade Dance"],"picked":"SKIP","floor":20},{"not_picked":["Blade Dance","Masterful Stab+1"],"picked":"Catalyst","floor":21},{"not_picked":["All Out Attack+1","Bane+1"],"picked":"Venomology","floor":23},{"not_picked":["Storm of Steel","Blade Dance","Dagger Spray+1"],"picked":"SKIP","floor":25},{"not_picked":["PiercingWail","Deadly Poison+1"],"picked":"Catalyst+1","floor":30},{"not_picked":["Slice+1","Reflex+1","Expertise+1"],"picked":"SKIP","floor":31},{"not_picked":["Wraith Form v2","Corpse Explosion"],"picked":"Burst","floor":33},{"not_picked":["Concentrate+1","Outmaneuver+1","Underhanded Strike+1"],"picked":"SKIP","floor":35},{"not_picked":["Bane+1","Deflect"],"picked":"Backstab+1","floor":36},{"not_picked":["Dodge and Roll","Crippling Poison+1","Underhanded Strike+1"],"picked":"SKIP","floor":39},{"not_picked":["Storm of Steel","Finisher+1","Dodge and Roll+1"],"picked":"SKIP","floor":40},{"not_picked":["Riddle With Holes+1","Poisoned Stab+1"],"picked":"Adrenaline","floor":45},{"not_picked":["PiercingWail+1","Blur"],"picked":"Deadly Poison+1","floor":48},{"not_picked":["Underhanded Strike+1","Deadly Poison"],"picked":"Prepared+1","floor":54}],"player_experience":1391288,"relics_obtained":[{"floor":6,"key":"Happy Flower"},{"floor":10,"key":"Molten Egg 2"},{"floor":13,"key":"Anchor"},{"floor":23,"key":"FossilizedHelix"},{"floor":25,"key":"Oddly Smooth Stone"},{"floor":26,"key":"Omamori"},{"floor":31,"key":"Bottled Lightning"},{"floor":40,"key":"Ancient Tea Set"},{"floor":40,"key":"StoneCalendar"},{"floor":42,"key":"Ice Cream"},{"floor":43,"key":"Art of War"},{"floor":45,"key":"Smiling Mask"},{"floor":45,"key":"Potion Belt"},{"floor":54,"key":"Vajra"},{"floor":54,"key":"Mercury Hourglass"}],"event_choices":[{"damage_healed":0,"gold_gain":0,"player_choice":"1 cards matched","damage_taken":0,"max_hp_gain":0,"max_hp_loss":0,"event_name":"Match and Keep!","floor":11,"gold_loss":0,"cards_obtained":["Neutralize"]},{"damage_healed":0,"gold_gain":0,"player_choice":"Ignored","damage_taken":0,"max_hp_gain":0,"max_hp_loss":0,"event_name":"Golden Idol","floor":14,"gold_loss":0},{"damage_healed":0,"gold_gain":99,"player_choice":"Stole From Cult","damage_taken":0,"max_hp_gain":0,"max_hp_loss":0,"event_name":"Nest","floor":19,"gold_loss":0},{"damage_healed":23,"gold_gain":0,"player_choice":"Heal","damage_taken":0,"max_hp_gain":0,"max_hp_loss":0,"event_name":"The Library","floor":29,"gold_loss":0},{"damage_healed":0,"gold_gain":0,"player_choice":"Paid","damage_taken":0,"relics_obtained":["Red Mask"],"max_hp_gain":0,"max_hp_loss":0,"event_name":"Tomb of Lord Red Mask","floor":38,"gold_loss":48}],"is_beta":true,"boss_relics":[{"not_picked":["Coffee Dripper","Runic Pyramid"],"picked":"Ring of the Serpent"},{"not_picked":["Orrery","Calling Bell"],"picked":"Black Star"}],"items_purged_floors":[27],"is_endless":false,"potions_floor_spawned":[2,4,16,21,25,30,36,40],"killed_by":"The Heart","ascension_level":1}