{"gold_per_floor":[110,126,138,138,158,158,185,185,210,223,223,234,251,263,263,334,334,352,8,21,21,21,21,21,21,44,44,72,72],"floor_reached":29,"playtime":963,"items_purged":[],"score":528,"play_id":"5abf641e-a73f-4fca-b259-444b0909a6d9","local_time":"20191007153328","is_ascension_mode":true,"campfire_choices":[{"data":"Electrodynamics","floor":6.0,"key":"SMITH"},{"data":"Defragment","floor":8.0,"key":"SMITH"},{"floor":15.0,"key":"REST"},{"floor":23,"key":"REST"},{"data":"Cold Snap","floor":25,"key":"SMITH"}],"neow_cost":"CURSE","seed_source_timestamp":14797143563183,"circlet_count":0,"master_deck":["AscendersBane","Defend_B+1","Defend_B+1","Defend_B+1","Defend_B+1","Zap","Dualcast","Sweeping Beam","Compile Driver","Electrodynamics+1","Defragment+1","Cold Snap+1","Blizzard","White Noise","Chill","Gash","Core Surge","Leap","Loop","FTL","Force Field","Bite","Bite","Bite","Bite","Bite","Writhe","Hologram+1"],"special_seed":0,"relics":["Cracked Core","Regal Pillow","Inserter","HandDrill","Centennial Puzzle","Anchor","Mercury Hourglass"],"potions_floor_usage":[28],"damage_taken":[{"damage":5.0,"enemies":"2 Louse","floor":1.0,"turns":3.0},{"damage":1.0,"enemies":"Cultist","floor":2.0,"turns":4.0},{"damage":7.0,"enemies":"Small Slimes","floor":3.0,"turns":3.0},{"damage":1.0,"enemies":"3 Louse","floor":5.0,"turns":4.0},{"damage":5.0,"enemies":"3 Sentries","floor":7.0,"turns":2.0},{"damage":8.0,"enemies":"Large Slime","floor":10.0,"turns":4.0},{"damage":11.0,"enemies":"Blue Slaver","floor":12.0,"turns":6.0},{"damage":13.0,"enemies":"Exordium Thugs","floor":13.0,"turns":3.0},{"damage":2.0,"enemies":"Looter","floor":14.0,"turns":3.0},{"damage":80.0,"enemies":"Hexaghost","floor":16.0,"turns":10.0},{"damage":28.0,"enemies":"Shell Parasite","floor":18.0,"turns":6.0},{"damage":18,"enemies":"Spheric Guardian","floor":20,"turns":4},{"damage":57,"enemies":"Book of Stabbing","floor":28,"turns":6},{"damage":23,"enemies":"Snake Plant","floor":29,"turns":3}],"seed_played":"9200803860712435037","potions_obtained":[{"floor":3.0,"key":"Poison Potion"},{"floor":5.0,"key":"PowerPotion"},{"floor":10.0,"key":"Fruit Juice"},{"floor":12.0,"key":"Explosive Potion"},{"floor":20,"key":"AttackPotion"},{"floor":28,"key":"SpeedPotion"}],"is_trial":false,"path_per_floor":["M","M","M","?","M","R","E","R","T","M","?","M","M","M","R","B",null,"M","$","M","?","?","R","?","R","T","$","E","M"],"character_chosen":"DEFECT","items_purchased":["Loop","HandDrill","FTL"],"campfire_rested":2,"item_purchase_floors":[19,19,19],"current_hp_per_floor":[73,72,65,65,64,64,59,59,59,58,58,49,38,38,80,2,68,42,42,26,26,26,68,68,68,68,68,17,0],"gold":72,"neow_bonus":"TWENTY_PERCENT_HP_BONUS","is_prod":false,"is_daily":false,"chose_seed":false,"campfire_upgraded":3,"win_rate":0,"timestamp":1570487608,"path_taken":["M","M","M","?","M","R","E","R","T","?","?","M","?","M","R","BOSS","M","$","M","?","?","R","?","R","T","?","E","?"],"build_version":"2019-07-17","purchased_purges":0,"victory":false,"max_hp_per_floor":[85,85,85,85,85,85,85,85,85,90,90,90,90,90,90,90,90,90,90,90,90,90,90,90,90,90,90,90,90],"card_choices":[{"not_picked":["Streamline","Beam Cell"],"picked":"Sweeping Beam","floor":1.0},{"not_picked":["Chaos","Redo","Scrape"],"picked":"SKIP","floor":2.0},{"not_picked":["Scrape","Streamline"],"picked":"Compile Driver","floor":3.0},{"not_picked":["Static Discharge","Ball Lightning"],"picked":"Electrodynamics","floor":5.0},{"not_picked":["Streamline","Tempest"],"picked":"Defragment","floor":7.0},{"not_picked":["Go for the Eyes","Undo"],"picked":"Cold Snap","floor":10.0},{"not_picked":["Compile Driver","Steam Power"],"picked":"White Noise","floor":12.0},{"not_picked":["Redo","Rebound"],"picked":"Chill","floor":13.0},{"not_picked":["Steam","Storm"],"picked":"Gash","floor":14.0},{"not_picked":["Amplify","Machine Learning"],"picked":"Core Surge","floor":16.0},{"not_picked":["Compile Driver","Gash"],"picked":"Leap","floor":18.0},{"not_picked":["Chill","Steam"],"picked":"Force Field","floor":20},{"not_picked":["Beam Cell+1","Electrodynamics"],"picked":"Hologram+1","floor":28}],"player_experience":683206,"relics_obtained":[{"floor":7.0,"key":"Blood Vial"},{"floor":9.0,"key":"Regal Pillow"},{"floor":26,"key":"Anchor"},{"floor":28,"key":"Mercury Hourglass"}],"event_choices":[{"cards_removed":["Decay"],"damage_healed":0.0,"max_hp_gain":0.0,"max_hp_loss":0.0,"gold_gain":0.0,"event_name":"Purifier","player_choice":"Purged","floor":4.0,"gold_loss":0.0,"damage_taken":0.0},{"damage_healed":0.0,"max_hp_gain":0.0,"max_hp_loss":0.0,"gold_gain":0.0,"cards_transformed":["Strike_B"],"event_name":"Transmorgrifier","player_choice":"Transformed","floor":11.0,"gold_loss":0.0,"damage_taken":0.0,"cards_obtained":["Blizzard"]},{"damage_healed":0,"gold_gain":0,"player_choice":"Became a vampire (Vial)","damage_taken":0,"max_hp_gain":0,"max_hp_loss":0,"event_name":"Vampires","floor":21,"relics_lost":["Blood Vial"],"gold_loss":0,"cards_obtained":["Bite","Bite","Bite","Bite","Bite"]},{"damage_healed":0,"gold_gain":0,"player_choice":"Simplicity","damage_taken":0,"max_hp_gain":0,"max_hp_loss":0,"event_name":"Back to Basics","floor":22,"gold_loss":0,"cards_upgraded":["Defend_B","Defend_B","Defend_B","Defend_B"]},{"damage_healed":0,"gold_gain":0,"player_choice":"Opened","damage_taken":0,"relics_obtained":["Centennial Puzzle"],"max_hp_gain":0,"max_hp_loss":0,"event_name":"The Mausoleum","floor":24,"gold_loss":0,"cards_obtained":["Writhe"]}],"is_beta":false,"boss_relics":[{"not_picked":["White Beast Statue","Ectoplasm"],"picked":"Inserter"}],"items_purged_floors":[],"is_endless":false,"potions_floor_spawned":[3,5,10,12,14,20,28],"killed_by":"Snake Plant","ascension_level":19}