{"path_per_floor":["M","M","?","?","M","R","E","M","T","?","R","?","$","M","R","B",null,"M","$","?"],"character_chosen":"DEFECT","items_purchased":["Coolheaded","Self Repair","Happy Flower"],"gold_per_floor":[109,127,127,77,93,93,127,147,230,230,230,230,128,148,148,243,243,262,31,31,31],"floor_reached":21,"campfire_rested":2,"playtime":880,"item_purchase_floors":[13,19,19],"current_hp_per_floor":[75,75,75,75,75,75,17,11,11,11,33,33,33,32,54,15,60,19,19,19,0],"items_purged":["Strike_B","Strike_B"],"gold":31,"score":221,"play_id":"aa2ea0c0-6901-411b-a6de-d0ddc31b7f83","local_time":"20180609204829","is_prod":false,"is_daily":false,"chose_seed":false,"is_ascension_mode":true,"campfire_upgraded":1,"win_rate":0,"timestamp":1528602509,"campfire_choices":[{"data":"Zap","floor":6,"key":"SMITH"},{"floor":11,"key":"REST"},{"floor":15,"key":"REST"}],"path_taken":["M","M","?","?","M","R","E","M","T","?","R","?","$","M","R","BOSS","M","$","?","?"],"build_version":"2018-06-07v3","seed_source_timestamp":22828674739928,"purchased_purges":2,"victory":false,"master_deck":["Strike_B","Defend_B","Defend_B","Defend_B","Defend_B","Zap+1","Redo","Zap","Capacitor","Genetic Algorithm","Hologram","Leap","Coolheaded","Capacitor","Echo Form","Defragment","Ball Lightning","Darkness","Self Repair"],"max_hp_per_floor":[75,75,75,75,75,75,75,75,75,75,75,75,75,75,75,75,75,75,75,75,75],"relics":["Cracked Core","NeowsBlessing","Smiling Mask","Tiny Chest","Orrery","Happy Flower"],"card_choices":[{"not_picked":["Gash","Turbo"],"picked":"Redo","floor":1},{"not_picked":["Barrage","Gash","Hello World"],"picked":"SKIP","floor":2},{"not_picked":["Ball Lightning","Loop"],"picked":"Capacitor","floor":5},{"not_picked":["Cold Snap","Turbo"],"picked":"Genetic Algorithm","floor":7},{"not_picked":["Redo","Tempest"],"picked":"Hologram","floor":8},{"not_picked":["Chill","Steam Power"],"picked":"Capacitor","floor":14},{"not_picked":["All For One","Machine Learning"],"picked":"Echo Form","floor":16},{"not_picked":["Glacier","Gash"],"picked":"Defragment","floor":17},{"not_picked":["Rebound","Streamline"],"picked":"Ball Lightning","floor":17},{"not_picked":["Gash","White Noise"],"picked":"Darkness","floor":17},{"not_picked":["Sweeping Beam","Rebound","Redo"],"picked":"SKIP","floor":18}],"player_experience":416133,"potions_floor_usage":[16,18],"damage_taken":[{"damage":0,"enemies":"Small Slimes","floor":1,"turns":1},{"damage":0,"enemies":"Cultist","floor":2,"turns":1},{"damage":0,"enemies":"2 Louse","floor":5,"turns":1},{"damage":58,"enemies":"Lagavulin","floor":7,"turns":7},{"damage":6,"enemies":"Exordium Wildlife","floor":8,"turns":4},{"damage":1,"enemies":"Looter","floor":14,"turns":4},{"damage":39,"enemies":"The Guardian","floor":16,"turns":12},{"damage":41,"enemies":"2 Thieves","floor":18,"turns":5},{"damage":20,"enemies":"Chosen","floor":21,"turns":5}],"relics_obtained":[{"floor":7,"key":"Smiling Mask"},{"floor":9,"key":"Tiny Chest"}],"event_choices":[{"event_name":"Match and Keep!","player_choice":"1 cards matched","floor":3,"damage_taken":0},{"event_name":"The Cleric","player_choice":"Card Removal","floor":4,"damage_taken":0},{"event_name":"Golden Idol","player_choice":"Ignored","floor":10,"damage_taken":0},{"event_name":"Transmorgrifier","player_choice":"Transform","floor":12,"damage_taken":0},{"event_name":"Cursed Tome","player_choice":"Ignored","floor":20,"damage_taken":0}],"boss_relics":[{"not_picked":["Cursed Key","Calling Bell"],"picked":"Orrery"}],"items_purged_floors":[13,19],"potions_floor_spawned":[8,14,16],"seed_played":"-8366196859895820675","killed_by":"Chosen","ascension_level":5,"potions_obtained":[{"floor":8,"key":"Ancient Potion"},{"floor":14,"key":"Swift Potion"},{"floor":16,"key":"Dexterity Potion"}],"is_trial":false}