{"gold_per_floor":[112,123,133,146,146,175,175,207,207,227,227,237,237,290,290,386,386,399,410,34,34,44,44,44],"floor_reached":24,"playtime":1772,"items_purged":["Defend_B"],"score":323,"play_id":"011b0fd9-a78a-4f97-be93-94222b9ce212","local_time":"20190104115254","is_ascension_mode":true,"campfire_choices":[{"data":"Multi-Cast","floor":7,"key":"SMITH"},{"floor":11,"key":"REST"},{"floor":13,"key":"REST"},{"data":"Loop","floor":15,"key":"SMITH"},{"data":"Buffer","floor":23,"key":"SMITH"}],"neow_cost":"NONE","seed_source_timestamp":1273248450552252,"circlet_count":0,"master_deck":["Strike_B","Strike_B","Strike_B","Strike_B","Defend_B","Defend_B","Defend_B","Zap","Dualcast","Multi-Cast+1","Cold Snap","Conserve Battery","Coolheaded","Loop+1","Glacier","Melter","Sweeping Beam","Glacier","Buffer+1","Sunder","Self Repair","Streamline","Seek"],"relics":["Cracked Core","Darkstone Periapt","Prayer Wheel","Girya","Cursed Key","Ice Cream"],"potions_floor_usage":[8],"damage_taken":[{"damage":0,"enemies":"2 Louse","floor":1,"turns":2},{"damage":0,"enemies":"Cultist","floor":2,"turns":3},{"damage":0,"enemies":"Jaw Worm","floor":3,"turns":3},{"damage":6,"enemies":"3 Louse","floor":4,"turns":6},{"damage":20,"enemies":"Lagavulin","floor":6,"turns":8},{"damage":38,"enemies":"Gremlin Nob","floor":8,"turns":7},{"damage":6,"enemies":"Blue Slaver","floor":10,"turns":4},{"damage":6,"enemies":"Large Slime","floor":12,"turns":5},{"damage":0,"enemies":"The Guardian","floor":16,"turns":14},{"damage":7,"enemies":"Chosen","floor":18,"turns":6},{"damage":7,"enemies":"Shell Parasite","floor":19,"turns":10},{"damage":19,"enemies":"Shelled Parasite and Fungi","floor":22,"turns":10},{"damage":54,"enemies":"Gremlin Leader","floor":24,"turns":8}],"seed_played":"-1740061079782366110","potions_obtained":[{"floor":1,"key":"PowerPotion"},{"floor":4,"key":"GamblersBrew"},{"floor":8,"key":"Ancient Potion"},{"floor":12,"key":"Ancient Potion"}],"is_trial":false,"path_per_floor":["M","M","M","M","?","E","R","E","T","M","R","M","R","?","R","B",null,"M","M","$","?","M","R","E"],"character_chosen":"DEFECT","items_purchased":["Ice Cream"],"campfire_rested":2,"item_purchase_floors":[20],"current_hp_per_floor":[75,75,75,69,69,49,49,11,11,5,27,21,43,43,43,43,67,60,53,53,53,41,41,0],"gold":44,"neow_bonus":"ONE_RANDOM_RARE_CARD","is_prod":false,"is_daily":false,"chose_seed":false,"campfire_upgraded":3,"win_rate":0,"timestamp":1546631574,"path_taken":["M","M","M","M","?","E","R","E","T","?","R","M","R","?","R","BOSS","M","M","$","?","M","R","E"],"build_version":"2019-01-03v3","purchased_purges":1,"victory":false,"max_hp_per_floor":[75,75,75,75,75,75,75,75,75,75,75,75,75,75,75,75,75,75,75,75,75,75,75,75],"card_choices":[{"not_picked":["BootSequence","Sweeping Beam"],"picked":"Cold Snap","floor":1},{"not_picked":["Steam","Stack"],"picked":"Conserve Battery","floor":2},{"not_picked":["Storm","Beam Cell"],"picked":"Coolheaded","floor":3},{"not_picked":["Rebound","Force Field"],"picked":"Loop","floor":4},{"not_picked":["Scrape","Lockon"],"picked":"Glacier","floor":6},{"not_picked":["Steam Power","Static Discharge"],"picked":"Melter","floor":8},{"not_picked":["Leap","Rebound"],"picked":"Sweeping Beam","floor":10},{"not_picked":["Coolheaded","Gash","Stack"],"picked":"SKIP","floor":10},{"not_picked":["Sweeping Beam","Hologram"],"picked":"Glacier","floor":12},{"not_picked":["Gash","Genetic Algorithm","Go for the Eyes"],"picked":"SKIP","floor":12},{"not_picked":["Creative AI","Machine Learning"],"picked":"Buffer","floor":16},{"not_picked":["Coolheaded","Turbo"],"picked":"Sunder","floor":18},{"not_picked":["Steam","Leap","Consume"],"picked":"SKIP","floor":18},{"not_picked":["Steam","Leap","Consume"],"picked":"SKIP","floor":18},{"not_picked":["Stack","Sweeping Beam+1"],"picked":"Self Repair","floor":19},{"not_picked":["Hologram","Auto Shields"],"picked":"Streamline","floor":19},{"not_picked":["Reinforced Body","Leap"],"picked":"Seek","floor":22},{"not_picked":["Leap+1","Conserve Battery+1","FTL"],"picked":"SKIP","floor":22}],"player_experience":585620,"relics_obtained":[{"floor":6,"key":"Darkstone Periapt"},{"floor":8,"key":"Prayer Wheel"},{"floor":9,"key":"Girya"}],"event_choices":[{"damage_healed":0,"gold_gain":0,"player_choice":"Leave","damage_taken":0,"max_hp_gain":0,"max_hp_loss":0,"event_name":"FaceTrader","floor":5,"gold_loss":0},{"damage_healed":0,"gold_gain":53,"player_choice":"Gained Gold","damage_taken":0,"max_hp_gain":0,"max_hp_loss":0,"event_name":"Golden Wing","floor":14,"gold_loss":0}],"is_beta":false,"boss_relics":[{"not_picked":["Astrolabe","Lizard Tail"],"picked":"Cursed Key"}],"items_purged_floors":[20],"is_endless":false,"potions_floor_spawned":[1,4,8,12,19],"killed_by":"Gremlin Leader","ascension_level":5}