{"gold_per_floor":[117,129,143,154,11,37,37,52,52,63,39,68,68,93,93,166,166,178,193,207,207,219,219,219],"floor_reached":24,"playtime":1510,"items_purged":[],"score":363,"play_id":"e1025bcd-0460-4691-b5ac-6f98071e8a37","local_time":"20190606225446","is_ascension_mode":true,"campfire_choices":[{"floor":7,"key":"REST"},{"data":"Armaments","floor":13,"key":"SMITH"},{"floor":15,"key":"REST"},{"floor":23,"key":"REST"}],"neow_cost":"NONE","seed_source_timestamp":1988136863121588,"circlet_count":0,"master_deck":["AscendersBane","Strike_R","Strike_R","Strike_R","Strike_R","Strike_R","Defend_R+1","Defend_R+1","Defend_R","Defend_R","Bash","Rampage","Twin Strike","True Grit","Clothesline","Impervious","Inflame","Armaments+1","Shrug It Off","True Grit","Feel No Pain","Iron Wave","Bludgeon","Dual Wield+1","Heavy Blade"],"relics":["Burning Blood","War Paint","Gremlin Horn","Vajra","Dodecahedron","Snecko Eye"],"potions_floor_usage":[6,12,14,20,20],"damage_taken":[{"damage":2,"enemies":"Cultist","floor":1,"turns":4},{"damage":7,"enemies":"Small Slimes","floor":2,"turns":3},{"damage":7,"enemies":"Jaw Worm","floor":3,"turns":4},{"damage":24,"enemies":"Exordium Thugs","floor":4,"turns":5},{"damage":16,"enemies":"3 Sentries","floor":6,"turns":9},{"damage":10,"enemies":"Looter","floor":8,"turns":4},{"damage":7,"enemies":"3 Louse","floor":10,"turns":5},{"damage":10,"enemies":"Lagavulin","floor":12,"turns":8},{"damage":19,"enemies":"Gremlin Nob","floor":14,"turns":5},{"damage":69,"enemies":"Hexaghost","floor":16,"turns":15},{"damage":5,"enemies":"Shell Parasite","floor":18,"turns":4},{"damage":0,"enemies":"Chosen","floor":19,"turns":3},{"damage":4,"enemies":"Shelled Parasite and Fungi","floor":20,"turns":5},{"damage":37,"enemies":"Snake Plant","floor":22,"turns":7},{"damage":65,"enemies":"Book of Stabbing","floor":24,"turns":7}],"seed_played":"-264527903991393981","potions_obtained":[{"floor":1,"key":"SpeedPotion"},{"floor":3,"key":"Dexterity Potion"},{"floor":6,"key":"EssenceOfSteel"},{"floor":16,"key":"SkillPotion"},{"floor":19,"key":"Block Potion"}],"is_trial":false,"path_per_floor":["M","M","M","M","$","E","R","M","T","M","$","E","R","E","R","B",null,"M","M","M","?","M","R","E"],"character_chosen":"IRONCLAD","items_purchased":["Impervious","True Grit"],"campfire_rested":3,"item_purchase_floors":[5,11],"current_hp_per_floor":[76,75,74,56,56,46,70,66,66,65,65,61,61,48,72,9,62,63,69,71,71,40,64,0],"gold":219,"neow_bonus":"RANDOM_COMMON_RELIC","is_prod":false,"is_daily":false,"chose_seed":false,"campfire_upgraded":1,"win_rate":0,"timestamp":1559886886,"path_taken":["M","M","M","M","$","E","R","M","T","M","?","E","R","E","R","BOSS","M","M","M","?","M","R","E"],"build_version":"2019-01-23","purchased_purges":0,"victory":false,"max_hp_per_floor":[80,80,80,80,80,80,80,80,80,80,80,80,80,80,80,80,80,80,80,80,80,80,80,80],"card_choices":[{"not_picked":["Thunderclap","Burning Pact"],"picked":"Rampage","floor":1},{"not_picked":["Body Slam","Perfected Strike"],"picked":"Twin Strike","floor":2},{"not_picked":["Wild Strike","Twin Strike"],"picked":"True Grit","floor":3},{"not_picked":["Havoc","Battle Trance"],"picked":"Clothesline","floor":4},{"not_picked":["Warcry","Exhume"],"picked":"Inflame","floor":6},{"not_picked":["Flex","Corruption"],"picked":"Armaments","floor":8},{"not_picked":["Twin Strike","Iron Wave"],"picked":"Shrug It Off","floor":10},{"not_picked":["Exhume","Entrench"],"picked":"Feel No Pain","floor":12},{"not_picked":["Second Wind","Sword Boomerang"],"picked":"Iron Wave","floor":14},{"not_picked":["Offering","Berserk"],"picked":"Bludgeon","floor":16},{"not_picked":["Twin Strike","Armaments","Pummel"],"picked":"SKIP","floor":18},{"not_picked":["Iron Wave","Armaments"],"picked":"Dual Wield+1","floor":19},{"not_picked":["Sword Boomerang+1","Havoc","Clash"],"picked":"SKIP","floor":20},{"not_picked":["Seeing Red","Perfected Strike"],"picked":"Heavy Blade","floor":22}],"player_experience":630176,"relics_obtained":[{"floor":6,"key":"Gremlin Horn"},{"floor":12,"key":"Vajra"},{"floor":14,"key":"Dodecahedron"}],"event_choices":[{"damage_healed":0,"gold_gain":0,"player_choice":"Ignored","damage_taken":0,"max_hp_gain":0,"max_hp_loss":0,"event_name":"Beggar","floor":21,"gold_loss":0}],"is_beta":false,"boss_relics":[{"not_picked":["White Beast Statue","Empty Cage"],"picked":"Snecko Eye"}],"items_purged_floors":[],"is_endless":false,"potions_floor_spawned":[1,3,6,16,19],"killed_by":"Book of Stabbing","ascension_level":13}