{"path_per_floor":["M","M","M","$","M","R","M","M","T","R","M","M","R","M","R","B",null,"M","M","M","$","M","R","E","R","T","?","R","$","R","M","R","B",null,"M","?","M","$","?","R"],"character_chosen":"DEFECT","items_purchased":["DataDisk","Defragment","Self Repair"],"gold_per_floor":[112,123,138,63,73,73,83,103,128,128,139,152,152,170,170,270,270,284,303,323,31,45,45,70,70,70,70,70,70,70,87,87,191,191,205,205,223,65,65,65,65],"floor_reached":41,"campfire_rested":3,"playtime":10562,"item_purchase_floors":[21,21,38],"current_hp_per_floor":[75,71,70,70,67,67,59,59,59,59,56,54,54,53,53,36,69,59,56,42,42,38,62,9,48,48,48,48,48,48,18,57,56,74,59,59,59,59,59,59,24],"items_purged":["Strike_B","Strike_B","Dualcast"],"gold":65,"score":509,"play_id":"af232db4-cb8b-43ed-bfd9-3733110a9a71","local_time":"20180610200657","is_prod":false,"is_daily":false,"chose_seed":false,"is_ascension_mode":true,"campfire_upgraded":7,"win_rate":0,"timestamp":1528686417,"campfire_choices":[{"data":"Defragment","floor":6,"key":"SMITH"},{"data":"Hologram","floor":10,"key":"SMITH"},{"data":"Hologram","floor":13,"key":"SMITH"},{"data":"Glacier","floor":15,"key":"SMITH"},{"floor":23,"key":"REST"},{"floor":25,"key":"REST"},{"data":"Defragment","floor":28,"key":"SMITH"},{"data":"Defragment","floor":30,"key":"SMITH"},{"floor":32,"key":"REST"},{"data":"Capacitor","floor":40,"key":"SMITH"}],"path_taken":["M","M","M","$","M","R","M","M","T","R","?","M","R","M","R","BOSS","M","M","M","$","M","R","E","R","T","?","R","$","R","M","R","BOSS","M","?","M","$","?","R","M"],"build_version":"2018-06-07v3","seed_source_timestamp":97024174393868,"purchased_purges":3,"victory":false,"master_deck":["Strike_B","Defend_B","Defend_B","Defend_B","Defend_B","Zap+1","Defragment+1","Leap","Capacitor+1","Hologram+1","BootSequence","Reboot","Hologram+1","Glacier+1","Defragment+1","Ball Lightning","Reinforced Body","Defragment+1","Auto Shields","Seek","Darkness","Turbo+1","Self Repair"],"max_hp_per_floor":[75,75,75,75,75,75,75,75,75,75,75,75,75,80,80,80,80,80,80,80,80,80,80,80,80,80,80,80,80,80,80,80,80,80,80,80,80,80,80,80,85],"relics":["Cracked Core","Anchor","Orrery","DataDisk","Regal Pillow","The Courier","Runic Pyramid"],"card_choices":[{"not_picked":["Conserve Battery","Sweeping Beam"],"picked":"Defragment","floor":1},{"not_picked":["Barrage","Rebound","Static Discharge"],"picked":"SKIP","floor":2},{"not_picked":["Doom and Gloom","Redo"],"picked":"Leap","floor":3},{"not_picked":["Hologram","Stack"],"picked":"Capacitor","floor":5},{"not_picked":["Go for the Eyes","Turbo"],"picked":"Hologram","floor":7},{"not_picked":["Tempest","Beam Cell"],"picked":"BootSequence","floor":8},{"not_picked":["Cold Snap","Leap"],"picked":"Reboot","floor":11},{"not_picked":["Stack","Compile Driver"],"picked":"Hologram","floor":12},{"not_picked":["Hologram","Barrage"],"picked":"Glacier","floor":14},{"not_picked":["Ball Lightning","Rebound"],"picked":"Defragment","floor":17},{"not_picked":["Blizzard","Static Discharge"],"picked":"Ball Lightning","floor":17},{"not_picked":["Redo","Go for the Eyes+1","Consume"],"picked":"SKIP","floor":18},{"not_picked":["Skim","FTL"],"picked":"Reinforced Body","floor":19},{"not_picked":["Cold Snap","White Noise","Ball Lightning"],"picked":"SKIP","floor":20},{"not_picked":["All For One","Redo+1","Go for the Eyes"],"picked":"SKIP","floor":22},{"not_picked":["Beam Cell","White Noise"],"picked":"Auto Shields","floor":24},{"not_picked":["Hologram","Hello World","Sunder"],"picked":"SKIP","floor":31},{"not_picked":["Hyperbeam","Thunder Strike"],"picked":"Seek","floor":33},{"not_picked":["Turbo","Cold Snap"],"picked":"Darkness","floor":35},{"not_picked":["Coolheaded","Barrage"],"picked":"Turbo+1","floor":37}],"player_experience":487454,"potions_floor_usage":[14,16,24,24,41],"damage_taken":[{"damage":0,"enemies":"Cultist","floor":1,"turns":3},{"damage":4,"enemies":"Small Slimes","floor":2,"turns":3},{"damage":1,"enemies":"Jaw Worm","floor":3,"turns":4},{"damage":3,"enemies":"Blue Slaver","floor":5,"turns":3},{"damage":8,"enemies":"3 Louse","floor":7,"turns":4},{"damage":0,"enemies":"2 Fungi Beasts","floor":8,"turns":3},{"damage":3,"enemies":"Blue Slaver","floor":11,"turns":4},{"damage":2,"enemies":"Looter","floor":12,"turns":3},{"damage":6,"enemies":"Gremlin Gang","floor":14,"turns":5},{"damage":32,"enemies":"Slime Boss","floor":16,"turns":12},{"damage":10,"enemies":"2 Thieves","floor":18,"turns":5},{"damage":3,"enemies":"Spheric Guardian","floor":19,"turns":8},{"damage":14,"enemies":"Snake Plant","floor":20,"turns":6},{"damage":4,"enemies":"Centurion and Healer","floor":22,"turns":12},{"damage":53,"enemies":"Slavers","floor":24,"turns":9},{"damage":30,"enemies":"Slaver and Parasite","floor":31,"turns":8},{"damage":1,"enemies":"Champ","floor":33,"turns":14},{"damage":15,"enemies":"3 Darklings","floor":35,"turns":9},{"damage":0,"enemies":"Orb Walker","floor":37,"turns":7},{"damage":40,"enemies":"4 Shapes","floor":41,"turns":4}],"relics_obtained":[{"floor":9,"key":"Anchor"},{"floor":24,"key":"Regal Pillow"},{"floor":26,"key":"The Courier"}],"event_choices":[{"event_name":"Addict","player_choice":"Ignored","floor":27,"damage_taken":0},{"event_name":"Falling","player_choice":"Removed Attack","floor":36,"damage_taken":0},{"event_name":"Mysterious Sphere","player_choice":"Ignore","floor":39,"damage_taken":0}],"boss_relics":[{"not_picked":["Ectoplasm","Astrolabe"],"picked":"Orrery"},{"not_picked":["Calling Bell","Tiny House"],"picked":"Runic Pyramid"}],"items_purged_floors":[4,21,38],"potions_floor_spawned":[1,7,11,12,19,31,37],"seed_played":"-4228630587706301855","killed_by":"4 Shapes","ascension_level":5,"potions_obtained":[{"floor":1,"key":"Regen Potion"},{"floor":7,"key":"SpeedPotion"},{"floor":11,"key":"Dexterity Potion"},{"floor":12,"key":"Fruit Juice"},{"floor":19,"key":"EssenceOfSteel"},{"floor":31,"key":"LiquidBronze"},{"floor":37,"key":"Fruit Juice"}],"is_trial":false}