{"gold_per_floor":[366,90,102,2,2,33,33,33,33,60,60,76,26,36,36,136,136,150,150,174,49,61,61,89,89,89,89,109,140,160,193,193,292,292,303,320,320,20,39,39,51,51,105,137,153,65,83,0,0,0],"floor_reached":51,"playtime":3621,"items_purged":["Strike_G","Defend_G","Strike_G+1","Defend_G+1"],"score":1066,"play_id":"02f87d3f-69ab-4206-9b06-d6b2cf4e0b2a","local_time":"20191015181007","is_ascension_mode":true,"campfire_choices":[{"floor":7,"key":"REST"},{"floor":11,"key":"REST"},{"data":"Neutralize","floor":15,"key":"SMITH"},{"data":"After Image","floor":23,"key":"SMITH"},{"floor":25,"key":"REST"},{"floor":27,"key":"REST"},{"floor":32,"key":"REST"},{"data":"Survivor","floor":40,"key":"SMITH"},{"data":"Endless Agony","floor":42,"key":"SMITH"},{"data":"Tools of the Trade","floor":49,"key":"SMITH"}],"neow_cost":"TEN_PERCENT_HP_LOSS","seed_source_timestamp":493222376908800,"circlet_count":0,"master_deck":["Strike_G+1","Strike_G+1","Strike_G+1","Defend_G+1","Defend_G+1","Defend_G+1","Survivor+1","Neutralize+1","Terror","Endless Agony+1","After Image+1","Acrobatics+1","Phantasmal Killer+1","Dodge and Roll+1","Venomology+1","Calculated Gamble+1","Tactician+1","Doppelganger+1","Tools of the Trade+1","Choke+1","Impatience+1"],"relics":["Ring of the Snake","Chemical X","Ginger","Toxic Egg 2","Nunchaku","Runic Pyramid","Pen Nib","Happy Flower","Blood Vial","Bronze Scales","Snake Skull","Coffee Dripper","Bag of Preparation","Orichalcum","Red Mask"],"potions_floor_usage":[10,10,16,24,24,29,29,29,29,31,33,33,36,37,37,37,44,44,44,45,50,50,50],"damage_taken":[{"damage":3,"enemies":"Jaw Worm","floor":1,"turns":7},{"damage":3,"enemies":"2 Louse","floor":3,"turns":4},{"damage":33,"enemies":"Gremlin Nob","floor":6,"turns":5},{"damage":16,"enemies":"3 Sentries","floor":10,"turns":11},{"damage":0,"enemies":"Cultist","floor":12,"turns":4},{"damage":0,"enemies":"Large Slime","floor":14,"turns":8},{"damage":32,"enemies":"Hexaghost","floor":16,"turns":15},{"damage":3,"enemies":"Chosen","floor":18,"turns":4},{"damage":11,"enemies":"3 Byrds","floor":22,"turns":7},{"damage":22,"enemies":"Slavers","floor":24,"turns":7},{"damage":1,"enemies":"Centurion and Healer","floor":28,"turns":5},{"damage":28,"enemies":"Gremlin Leader","floor":29,"turns":7},{"damage":0,"enemies":"Snecko","floor":30,"turns":3},{"damage":2,"enemies":"Book of Stabbing","floor":31,"turns":5},{"damage":0,"enemies":"Champ","floor":33,"turns":8},{"damage":0,"enemies":"Orb Walker","floor":35,"turns":5},{"damage":0,"enemies":"3 Shapes","floor":36,"turns":6},{"damage":9,"enemies":"2 Orb Walkers","floor":37,"turns":2},{"damage":13,"enemies":"Sphere and 2 Shapes","floor":39,"turns":5},{"damage":5,"enemies":"Maw","floor":41,"turns":6},{"damage":22,"enemies":"Reptomancer","floor":44,"turns":6},{"damage":0,"enemies":"Writhing Mass","floor":45,"turns":4},{"damage":0,"enemies":"Spire Growth","floor":47,"turns":3},{"damage":24,"enemies":"Donu and Deca","floor":50,"turns":6}],"seed_played":"4810962884839789728","potions_obtained":[{"floor":1,"key":"FearPotion"},{"floor":3,"key":"Swift Potion"},{"floor":6,"key":"Swift Potion"},{"floor":10,"key":"Swift Potion"},{"floor":18,"key":"Block Potion"},{"floor":22,"key":"Swift Potion"},{"floor":30,"key":"SkillPotion"},{"floor":41,"key":"GhostInAJar"},{"floor":44,"key":"Poison Potion"},{"floor":45,"key":"GamblersBrew"},{"floor":47,"key":"Regen Potion"}],"is_trial":false,"path_per_floor":["M","$","M","$","?","E","R","?","T","E","R","M","?","M","R","B",null,"M","?","T","$","M","R","E","R","T","R","M","E","M","E","R","B",null,"M","M","?","$","M","R","M","R","T","E","M","$","M","?","R","B",null],"character_chosen":"THE_SILENT","items_purchased":["Chemical X","Tools of the Trade","Impatience+1"],"campfire_rested":5,"item_purchase_floors":[2,38,46],"current_hp_per_floor":[60,60,57,57,57,24,42,36,36,20,38,38,38,38,38,6,49,46,46,46,46,35,35,13,31,31,49,50,36,38,38,56,58,62,63,63,54,54,43,43,40,40,40,35,37,37,39,39,39,52],"gold":0,"neow_bonus":"TWO_FIFTY_GOLD","is_prod":false,"is_daily":false,"chose_seed":false,"campfire_upgraded":5,"win_rate":0,"timestamp":1571177407,"path_taken":["M","$","M","$","?","E","R","?","T","E","R","?","?","M","R","BOSS","M","?","?","$","M","R","E","R","T","R","?","E","M","E","R","BOSS","M","M","?","$","M","R","M","R","T","E","M","$","M","?","R","BOSS"],"build_version":"2019-07-17","purchased_purges":4,"victory":true,"max_hp_per_floor":[63,63,63,63,63,63,63,63,63,63,63,63,63,63,63,63,63,63,63,63,63,63,63,63,63,63,63,63,63,63,63,63,63,63,63,63,63,63,63,63,63,63,63,63,63,63,63,63,63,63],"card_choices":[{"not_picked":["Escape Plan","Sucker Punch"],"picked":"Terror","floor":1},{"not_picked":["Poisoned Stab","Predator"],"picked":"Endless Agony","floor":3},{"not_picked":["Terror","Poisoned Stab","Deflect"],"picked":"SKIP","floor":6},{"not_picked":["Acrobatics+1","Dagger Spray"],"picked":"After Image","floor":10},{"not_picked":["Terror+1","Reflex+1","Masterful Stab"],"picked":"SKIP","floor":12},{"not_picked":["Deadly Poison+1","Blade Dance+1"],"picked":"Acrobatics+1","floor":14},{"not_picked":["Corpse Explosion+1","A Thousand Cuts"],"picked":"Phantasmal Killer+1","floor":16},{"not_picked":["Dagger Spray","Sucker Punch"],"picked":"Dodge and Roll+1","floor":18},{"not_picked":["Backflip+1","Predator","Flying Knee"],"picked":"SKIP","floor":22},{"not_picked":["Riddle With Holes","Caltrops+1"],"picked":"Venomology+1","floor":24},{"not_picked":["Sucker Punch+1","Dagger Throw","Cloak And Dagger+1"],"picked":"SKIP","floor":28},{"not_picked":["Flying Knee+1","Eviscerate","Endless Agony"],"picked":"SKIP","floor":29},{"not_picked":["Backflip+1","Acrobatics+1"],"picked":"Calculated Gamble+1","floor":30},{"not_picked":["Backstab","Poisoned Stab"],"picked":"Tactician+1","floor":31},{"not_picked":["Die Die Die","Glass Knife"],"picked":"Doppelganger+1","floor":33},{"not_picked":["Expertise+1","Blade Dance+1","Backflip+1"],"picked":"SKIP","floor":35},{"not_picked":["Blade Dance+1","Distraction+1","Predator"],"picked":"SKIP","floor":36},{"not_picked":["Cloak And Dagger+1","Outmaneuver+1","Dagger Throw+1"],"picked":"SKIP","floor":39},{"not_picked":["Deadly Poison+1","Flying Knee"],"picked":"Choke+1","floor":41},{"not_picked":["Choke+1","Crippling Poison+1","Endless Agony+1"],"picked":"SKIP","floor":44},{"not_picked":["Quick Slash+1","Dash","Dodge and Roll+1"],"picked":"SKIP","floor":45},{"not_picked":["Eviscerate+1","Endless Agony+1","Poisoned Stab+1"],"picked":"SKIP","floor":47}],"player_experience":399358,"relics_obtained":[{"floor":6,"key":"Ginger"},{"floor":9,"key":"Toxic Egg 2"},{"floor":10,"key":"Nunchaku"},{"floor":20,"key":"Pen Nib"},{"floor":24,"key":"Happy Flower"},{"floor":26,"key":"Blood Vial"},{"floor":29,"key":"Bronze Scales"},{"floor":31,"key":"Snake Skull"},{"floor":43,"key":"Bag of Preparation"},{"floor":44,"key":"Orichalcum"}],"event_choices":[{"damage_healed":0,"gold_gain":0,"player_choice":"Ignored","damage_taken":0,"max_hp_gain":0,"max_hp_loss":0,"event_name":"Liars Game","floor":5,"gold_loss":0},{"damage_healed":0,"gold_gain":0,"player_choice":"Damaged","damage_taken":6,"max_hp_gain":0,"max_hp_loss":0,"event_name":"Wheel of Change","floor":8,"gold_loss":0},{"damage_healed":0,"gold_gain":0,"player_choice":"Left Gold","damage_taken":0,"max_hp_gain":0,"max_hp_loss":0,"event_name":"World of Goop","floor":13,"gold_loss":50},{"damage_healed":0,"gold_gain":0,"player_choice":"Simplicity","damage_taken":0,"max_hp_gain":0,"max_hp_loss":0,"event_name":"Back to Basics","floor":19,"gold_loss":0,"cards_upgraded":["Strike_G","Strike_G","Strike_G","Strike_G","Defend_G","Defend_G","Defend_G","Defend_G"]},{"damage_healed":0,"gold_gain":0,"player_choice":"Fight","damage_taken":0,"max_hp_gain":0,"max_hp_loss":0,"event_name":"Mysterious Sphere","floor":37,"gold_loss":0},{"damage_healed":0,"gold_gain":0,"player_choice":"Paid","damage_taken":0,"relics_obtained":["Red Mask"],"max_hp_gain":0,"max_hp_loss":0,"event_name":"Tomb of Lord Red Mask","floor":48,"gold_loss":83}],"is_beta":false,"boss_relics":[{"not_picked":["Runic Dome","Velvet Choker"],"picked":"Runic Pyramid"},{"not_picked":["Snecko Eye","Black Star"],"picked":"Coffee Dripper"}],"items_purged_floors":[2,4,21,38],"is_endless":false,"potions_floor_spawned":[1,3,6,10,18,22,30,31,41,44,45,47],"ascension_level":6}