{"gold_per_floor":[116,127,202,216,216,249,249,262,262,262,276,290,305,316,316,417,417,433,452,452,452,38,38,53,80,80,3,17,17,28,28,28,124,124,141,158,0,12,1011,1011,1044,1044,1070,1145,1145],"floor_reached":45,"playtime":3111,"items_purged":[],"score":542,"play_id":"2a5458e0-ae96-4bab-afb0-900d9fd50cb6","local_time":"20191009183509","is_ascension_mode":false,"campfire_choices":[{"floor":7,"key":"REST"},{"data":"Searing Blow","floor":10,"key":"SMITH"},{"floor":15,"key":"REST"},{"floor":23,"key":"REST"},{"floor":32,"key":"REST"},{"floor":40,"key":"REST"},{"floor":42,"key":"REST"}],"neow_cost":"NONE","seed_source_timestamp":58578232870600,"circlet_count":0,"master_deck":["Strike_R","Strike_R","Strike_R","Strike_R","Defend_R","Defend_R","Defend_R","Defend_R","Bash","Searing Blow+1","Cleave","Cleave","Anger","Wild Strike","Havoc","Demon Form","Shrug It Off","Feel No Pain","Berserk","Armaments+1","Clothesline","Rage","Berserk","Anger","Uppercut","Uppercut","Twin Strike","Flame Barrier","Clash","Limit Break","Bandage Up+1","Limit Break","Immolate","Body Slam+1","Heavy Blade","Corruption","Sever Soul","True Grit","Normality","Normality","Reckless Charge+1"],"relics":["Busted Crown","Gremlin Horn","Question Card","Sozu","Oddly Smooth Stone","PreservedInsect","Unceasing Top","Paper Frog","Lizard Tail","War Paint","Ancient Tea Set","Pantograph"],"potions_floor_usage":[16,33,33],"damage_taken":[{"damage":2,"enemies":"Small Slimes","floor":1,"turns":3},{"damage":2,"enemies":"2 Louse","floor":2,"turns":3},{"damage":1,"enemies":"Cultist","floor":4,"turns":3},{"damage":16,"enemies":"Lagavulin","floor":6,"turns":5},{"damage":3,"enemies":"2 Fungi Beasts","floor":8,"turns":3},{"damage":13,"enemies":"Red Slaver","floor":11,"turns":2},{"damage":7,"enemies":"Blue Slaver","floor":12,"turns":2},{"damage":5,"enemies":"Lots of Slimes","floor":13,"turns":2},{"damage":19,"enemies":"Gremlin Gang","floor":14,"turns":3},{"damage":19,"enemies":"Slime Boss","floor":16,"turns":5},{"damage":27,"enemies":"2 Thieves","floor":18,"turns":3},{"damage":11,"enemies":"Spheric Guardian","floor":19,"turns":4},{"damage":26,"enemies":"Snake Plant","floor":24,"turns":6},{"damage":15,"enemies":"Book of Stabbing","floor":25,"turns":4},{"damage":13,"enemies":"3 Cultists","floor":28,"turns":6},{"damage":3,"enemies":"Shelled Parasite and Fungi","floor":30,"turns":3},{"damage":17,"enemies":"Champ","floor":33,"turns":9},{"damage":40,"enemies":"3 Shapes","floor":35,"turns":3},{"damage":31,"enemies":"3 Darklings","floor":36,"turns":5},{"damage":24,"enemies":"Sphere and 2 Shapes","floor":38,"turns":5},{"damage":52,"enemies":"Giant Head","floor":41,"turns":7},{"damage":40,"enemies":"Jaw Worm Horde","floor":45,"turns":2}],"seed_played":"285344100227946871","potions_obtained":[{"floor":1,"key":"Block Potion"},{"floor":4,"key":"PowerPotion"},{"floor":6,"key":"PowerPotion"},{"floor":12,"key":"Regen Potion"}],"is_trial":false,"path_per_floor":["M","M","?","M","?","E","R","M","T","R","M","M","M","M","R","B",null,"M","M","?","?","$","R","M","E","T","$","M","?","M","$","R","B",null,"M","M","$","M","?","R","E","R","T","T","M"],"character_chosen":"IRONCLAD","items_purchased":["Anger","Uppercut","Oddly Smooth Stone","PreservedInsect","Flame Barrier","Corruption","Sever Soul"],"campfire_rested":6,"item_purchase_floors":[22,22,22,22,27,37,37],"current_hp_per_floor":[78,76,65,64,64,48,72,69,69,69,56,49,44,25,49,30,80,53,42,42,42,42,66,40,25,25,25,12,12,9,9,33,35,80,44,13,13,35,35,59,11,35,35,35,0],"gold":1145,"neow_bonus":"BOSS_RELIC","is_prod":false,"is_daily":false,"chose_seed":false,"campfire_upgraded":1,"win_rate":0.0,"timestamp":1570671309,"path_taken":["M","M","?","M","?","E","R","M","T","R","M","M","M","M","R","BOSS","M","M","?","?","$","R","?","E","T","$","M","?","?","$","R","BOSS","M","?","?","M","?","R","E","R","T","?","M"],"build_version":"2019-07-17","purchased_purges":0,"victory":false,"max_hp_per_floor":[80,80,80,80,80,80,80,80,80,80,80,80,80,80,80,80,80,80,80,80,80,80,80,80,80,80,80,80,80,80,80,80,80,80,80,80,80,80,80,80,80,80,80,80,80],"card_choices":[{"not_picked":[],"picked":"Searing Blow","floor":1},{"not_picked":[],"picked":"Cleave","floor":2},{"not_picked":[],"picked":"Cleave","floor":4},{"not_picked":[],"picked":"Anger","floor":6},{"not_picked":[],"picked":"Wild Strike","floor":8},{"not_picked":["Sword Boomerang"],"picked":"Havoc","floor":11},{"not_picked":["Iron Wave"],"picked":"Demon Form","floor":12},{"not_picked":["Havoc"],"picked":"Shrug It Off","floor":13},{"not_picked":["Cleave"],"picked":"Feel No Pain","floor":14},{"not_picked":["Bludgeon"],"picked":"Berserk","floor":16},{"not_picked":["Rupture"],"picked":"Armaments","floor":18},{"not_picked":["Body Slam"],"picked":"Clothesline","floor":19},{"not_picked":["Combust+1"],"picked":"Uppercut","floor":24},{"not_picked":["Sword Boomerang+1"],"picked":"Twin Strike","floor":25},{"not_picked":["Pommel Strike"],"picked":"Clash","floor":28},{"not_picked":["Sword Boomerang"],"picked":"Limit Break","floor":30},{"not_picked":["Brutality"],"picked":"Immolate","floor":33},{"not_picked":["Twin Strike"],"picked":"Body Slam+1","floor":35},{"not_picked":["Cleave"],"picked":"Heavy Blade","floor":36},{"not_picked":["Headbutt+1"],"picked":"True Grit","floor":38},{"not_picked":["Dropkick"],"picked":"Reckless Charge+1","floor":41}],"player_experience":34818,"relics_obtained":[{"floor":6,"key":"Gremlin Horn"},{"floor":9,"key":"Question Card"},{"floor":25,"key":"Unceasing Top"},{"floor":26,"key":"Paper Frog"},{"floor":41,"key":"War Paint"},{"floor":43,"key":"Ancient Tea Set"},{"floor":44,"key":"Pantograph"}],"event_choices":[{"damage_healed":0,"gold_gain":75,"player_choice":"Gather Gold","damage_taken":11,"max_hp_gain":0,"max_hp_loss":0,"event_name":"World of Goop","floor":3,"gold_loss":0},{"damage_healed":0,"gold_gain":0,"player_choice":"Bought 0 Potions","damage_taken":0,"max_hp_gain":0,"max_hp_loss":0,"event_name":"The Woman in Blue","floor":5,"gold_loss":0},{"damage_healed":0,"gold_gain":0,"player_choice":"Read","damage_taken":0,"max_hp_gain":0,"max_hp_loss":0,"event_name":"The Library","floor":20,"gold_loss":0,"cards_obtained":["Rage"]},{"damage_healed":0,"gold_gain":0,"cards_transformed":["Strike_R"],"player_choice":"Transformed","damage_taken":0,"max_hp_gain":0,"max_hp_loss":0,"event_name":"Transmorgrifier","floor":21,"gold_loss":0,"cards_obtained":["Berserk"]},{"damage_healed":0,"gold_gain":0,"player_choice":"2 cards matched","damage_taken":0,"max_hp_gain":0,"max_hp_loss":0,"event_name":"Match and Keep!","floor":29,"gold_loss":0,"cards_obtained":["Limit Break","Bandage Up"]},{"damage_healed":0,"gold_gain":999,"player_choice":"Gold","damage_taken":0,"max_hp_gain":0,"max_hp_loss":0,"event_name":"MindBloom","floor":39,"gold_loss":0,"cards_obtained":["Normality","Normality"]}],"is_beta":false,"boss_relics":[{"not_picked":["Astrolabe","Fusion Hammer"],"picked":"Sozu"},{"not_picked":["Coffee Dripper","Cursed Key"],"picked":"Lizard Tail"}],"items_purged_floors":[],"is_endless":false,"potions_floor_spawned":[1,4,6,12,13,18,19,33,38],"killed_by":"Jaw Worm Horde","ascension_level":0}