{"path_per_floor":["M","M","M","M","?","R","E","R","T","R","M","?","M","M","R","B",null,"M","?","$","?","M","R","M","R","T","?","M","E"],"character_chosen":"DEFECT","items_purchased":["Redo","Sundial"],"gold_per_floor":[116,127,142,155,155,155,180,180,207,207,219,219,237,251,251,348,348,364,364,21,21,33,33,52,52,108,108,123,150,150],"floor_reached":30,"campfire_rested":0,"playtime":1345,"item_purchase_floors":[20,20],"current_hp_per_floor":[70,75,75,58,58,58,44,44,44,44,44,44,54,51,51,25,75,64,50,50,50,45,45,39,39,39,39,34,7,0],"items_purged":[],"gold":150,"score":265,"play_id":"598a8fb1-6f81-47fc-a40a-35fddec60cb7","local_time":"20180607210908","is_prod":false,"is_daily":false,"chose_seed":false,"is_ascension_mode":true,"campfire_upgraded":6,"win_rate":0,"timestamp":1528430948,"campfire_choices":[{"data":"Electrodynamics","floor":6,"key":"SMITH"},{"data":"Tempest","floor":8,"key":"SMITH"},{"data":"Self Repair","floor":10,"key":"SMITH"},{"data":"Hologram","floor":15,"key":"SMITH"},{"data":"Capacitor","floor":23,"key":"SMITH"},{"data":"Redo","floor":25,"key":"SMITH"}],"path_taken":["M","M","M","M","?","R","E","R","T","R","?","?","M","M","R","BOSS","M","?","$","?","?","R","M","R","T","?","M","E","M"],"build_version":"2018-06-07","seed_source_timestamp":7783320180296,"purchased_purges":0,"victory":false,"master_deck":["Strike_B+1","Strike_B+1","Strike_B+1","Strike_B+1","Defend_B+1","Defend_B+1","Defend_B+1","Defend_B+1","Zap+1","Self Repair+1","Tempest+1","Electrodynamics+1","Hologram+1","Leap","Capacitor+1","Ball Lightning","Redo+1","Cold Snap","Glacier"],"max_hp_per_floor":[75,75,75,75,75,75,75,75,75,75,75,75,75,75,75,75,75,75,80,80,80,80,80,80,80,80,80,80,80,80],"relics":["Cracked Core","Boot","Bronze Scales","Orrery","Sundial","Tiny Chest","Happy Flower"],"card_choices":[{"not_picked":["White Noise","Loop"],"picked":"Self Repair","floor":1},{"not_picked":["Coolheaded","Lockon","Force Field"],"picked":"SKIP","floor":2},{"not_picked":["Turbo","Rebound","Recycle"],"picked":"SKIP","floor":3},{"not_picked":["Creative AI","Redo"],"picked":"Tempest","floor":4},{"not_picked":["Barrage","Streamline","Sweeping Beam"],"picked":"SKIP","floor":7},{"not_picked":["Thunder Strike","Melter","Reprogram"],"picked":"SKIP","floor":11},{"not_picked":["Darkness","Streamline","Barrage"],"picked":"SKIP","floor":13},{"not_picked":["Redo","Aggregate"],"picked":"Hologram","floor":14},{"not_picked":["Rebound","Coolheaded"],"picked":"Leap","floor":17},{"not_picked":["Reprogram","Turbo"],"picked":"Capacitor","floor":17},{"not_picked":["Capacitor","Coolheaded"],"picked":"Ball Lightning","floor":18},{"not_picked":["Undo","Hologram","Redo"],"picked":"SKIP","floor":22},{"not_picked":["Leap","Steam Power"],"picked":"Cold Snap","floor":24},{"not_picked":["Darkness","Sweeping Beam"],"picked":"Glacier","floor":28},{"not_picked":["Darkness","Barrage","Conserve Battery"],"picked":"SKIP","floor":29}],"player_experience":382166,"potions_floor_usage":[7,18],"damage_taken":[{"damage":5,"enemies":"2 Louse","floor":1,"turns":3},{"damage":0,"enemies":"Cultist","floor":2,"turns":3},{"damage":3,"enemies":"Jaw Worm","floor":3,"turns":3},{"damage":24,"enemies":"Gremlin Gang","floor":4,"turns":4},{"damage":21,"enemies":"Lagavulin","floor":7,"turns":5},{"damage":0,"enemies":"3 Louse","floor":11,"turns":1},{"damage":0,"enemies":"Large Slime","floor":13,"turns":3},{"damage":3,"enemies":"Red Slaver","floor":14,"turns":3},{"damage":36,"enemies":"Hexaghost","floor":16,"turns":9},{"damage":11,"enemies":"2 Thieves","floor":18,"turns":2},{"damage":15,"enemies":"3 Byrds","floor":22,"turns":3},{"damage":16,"enemies":"Snecko","floor":24,"turns":6},{"damage":15,"enemies":"Snake Plant","floor":28,"turns":3},{"damage":27,"enemies":"Slavers","floor":29,"turns":2},{"damage":12,"enemies":"Slaver and Parasite","floor":30,"turns":1}],"relics_obtained":[{"floor":7,"key":"Boot"},{"floor":9,"key":"Bronze Scales"},{"floor":26,"key":"Tiny Chest"},{"floor":29,"key":"Happy Flower"}],"event_choices":[{"event_name":"Match and Keep!","player_choice":"1 cards matched","floor":5,"damage_taken":0},{"event_name":"Liars Game","player_choice":"disagreed","floor":12,"damage_taken":0},{"event_name":"Forgotten Altar","player_choice":"Shed Blood","floor":19,"damage_taken":0},{"event_name":"Purifier","player_choice":"One Purge","floor":21,"damage_taken":0},{"event_name":"Back to Basics","player_choice":"Simplicity","floor":27,"damage_taken":0}],"boss_relics":[{"not_picked":["Busted Crown","Tiny House"],"picked":"Orrery"}],"items_purged_floors":[],"potions_floor_spawned":[1,2,13,14,24,29],"seed_played":"5930212137273637255","killed_by":"Slaver and Parasite","ascension_level":1,"potions_obtained":[{"floor":1,"key":"FearPotion"},{"floor":2,"key":"Dexterity Potion"},{"floor":13,"key":"Fire Potion"},{"floor":14,"key":"Poison Potion"},{"floor":24,"key":"EntropicBrew"},{"floor":29,"key":"EssenceOfSteel"}],"is_trial":false}