{"gold_per_floor":[117,192,88,88,2,2,31,44,44,44,61,93,93,113,113,113],"floor_reached":16,"playtime":323,"items_purged":[],"score":259,"play_id":"5dc4718d-d465-4533-93cd-5a32765264eb","local_time":"20190726165833","is_ascension_mode":true,"campfire_choices":[{"data":"Zap","floor":6,"key":"SMITH"},{"data":"Coolheaded","floor":10,"key":"SMITH"},{"data":"Turbo","floor":13,"key":"SMITH"},{"data":"Blizzard","floor":15,"key":"SMITH"}],"neow_cost":"NONE","seed_source_timestamp":860226090038106,"circlet_count":0,"master_deck":["AscendersBane","Strike_B","Strike_B","Strike_B","Defend_B","Defend_B","Defend_B","Defend_B","Zap+1","Dualcast","Sweeping Beam","Ball Lightning","Sweeping Beam","Blizzard+1","Glacier","Coolheaded+1","Turbo+1","Gash","Blizzard"],"relics":["Cracked Core","NeowsBlessing","Letter Opener","Cables","Mercury Hourglass"],"potions_floor_usage":[12,16],"damage_taken":[{"damage":0,"enemies":"Cultist","floor":1,"turns":1},{"damage":0,"enemies":"Lagavulin","floor":7,"turns":1},{"damage":0,"enemies":"Jaw Worm","floor":8,"turns":1},{"damage":0,"enemies":"Small Slimes","floor":11,"turns":2},{"damage":5,"enemies":"Gremlin Nob","floor":12,"turns":3},{"damage":3,"enemies":"Blue Slaver","floor":14,"turns":2},{"damage":40,"enemies":"The Guardian","floor":16,"turns":5}],"seed_played":"3617256325841333688","potions_obtained":[{"floor":11,"key":"Poison Potion"},{"floor":12,"key":"FearPotion"},{"floor":14,"key":"PowerPotion"}],"is_trial":false,"path_per_floor":["M","?","$","?","$","R","E","M","T","R","M","E","R","M","R","B"],"character_chosen":"DEFECT","items_purchased":["Ball Lightning","Sweeping Beam","Blizzard"],"campfire_rested":0,"item_purchase_floors":[3,3,5],"current_hp_per_floor":[64,53,53,46,46,46,46,46,46,46,46,41,41,38,38,0],"gold":113,"neow_bonus":"THREE_ENEMY_KILL","is_prod":false,"is_daily":false,"chose_seed":false,"campfire_upgraded":4,"win_rate":0,"timestamp":1564185513,"path_taken":["M","?","$","?","?","R","E","M","T","R","M","E","R","M","R","BOSS"],"build_version":"2019-07-17","purchased_purges":0,"victory":false,"max_hp_per_floor":[71,71,71,71,71,71,71,71,71,71,71,71,71,71,71,71],"card_choices":[{"not_picked":["Rebound","Hologram"],"picked":"Sweeping Beam","floor":1},{"not_picked":["Stack","Redo"],"picked":"Glacier","floor":7},{"not_picked":["Recycle","Cold Snap"],"picked":"Coolheaded","floor":8},{"not_picked":["Go for the Eyes","Sweeping Beam"],"picked":"Turbo","floor":11},{"not_picked":["Steam","Compile Driver"],"picked":"Gash","floor":12},{"not_picked":["Beam Cell","Fusion"],"picked":"Blizzard","floor":14}],"player_experience":2316573,"relics_obtained":[{"floor":7,"key":"Letter Opener"},{"floor":9,"key":"Cables"},{"floor":12,"key":"Mercury Hourglass"}],"event_choices":[{"damage_healed":0,"gold_gain":75,"player_choice":"Gather Gold","damage_taken":11,"max_hp_gain":0,"max_hp_loss":0,"event_name":"World of Goop","floor":2,"gold_loss":0},{"cards_removed":["Strike_B"],"damage_healed":0,"gold_gain":0,"player_choice":"Card Removal","damage_taken":7,"max_hp_gain":0,"max_hp_loss":0,"event_name":"Golden Wing","floor":4,"gold_loss":0}],"is_beta":false,"boss_relics":[],"items_purged_floors":[],"is_endless":false,"potions_floor_spawned":[11,12,14],"killed_by":"The Guardian","ascension_level":19}