{"gold_per_floor":[118,134,144,164,40,40,65,85,85,85,85,85,99,116,116,194,194,209,229,249,34,34],"floor_reached":22,"playtime":1310,"items_purged":[],"score":314,"play_id":"597eea1a-7d44-48f8-94c2-ff2e2d78c651","local_time":"20190606222828","is_ascension_mode":true,"campfire_choices":[{"data":"True Grit","floor":6,"key":"SMITH"},{"floor":11,"key":"REST"},{"data":"True Grit","floor":15,"key":"SMITH"}],"neow_cost":"NONE","seed_source_timestamp":1986758084746165,"circlet_count":0,"master_deck":["AscendersBane","Strike_R","Strike_R","Strike_R","Strike_R","Strike_R","Defend_R","Defend_R","Defend_R","Defend_R","Bash","Bloodletting","Rupture","Pommel Strike","Brutality","Combust","True Grit+1","Shrug It Off","True Grit+1","Heavy Blade","Cleave","Pummel","Dark Embrace","Blood for Blood+1","Ghostly Armor"],"relics":["Burning Blood","Centennial Puzzle","Dream Catcher","Bird Faced Urn","Self Forming Clay","Philosopher\u0027s Stone","Regal Pillow"],"potions_floor_usage":[4],"damage_taken":[{"damage":2,"enemies":"2 Louse","floor":1,"turns":4},{"damage":7,"enemies":"Small Slimes","floor":2,"turns":4},{"damage":4,"enemies":"Cultist","floor":3,"turns":4},{"damage":15,"enemies":"2 Fungi Beasts","floor":4,"turns":3},{"damage":40,"enemies":"3 Sentries","floor":7,"turns":8},{"damage":12,"enemies":"Exordium Wildlife","floor":8,"turns":3},{"damage":9,"enemies":"Looter","floor":13,"turns":3},{"damage":9,"enemies":"2 Fungi Beasts","floor":14,"turns":3},{"damage":34,"enemies":"Slime Boss","floor":16,"turns":8},{"damage":15,"enemies":"Shell Parasite","floor":18,"turns":5},{"damage":42,"enemies":"3 Byrds","floor":19,"turns":4},{"damage":36,"enemies":"Snake Plant","floor":20,"turns":5},{"damage":33,"enemies":"Centurion and Healer","floor":22,"turns":3}],"seed_played":"154375406180984054","potions_obtained":[{"floor":1,"key":"FearPotion"},{"floor":2,"key":"FearPotion"},{"floor":7,"key":"Ancient Potion"},{"floor":16,"key":"Strength Potion"}],"is_trial":false,"path_per_floor":["M","M","M","M","$","R","E","M","T","?","R","?","M","M","R","B",null,"M","M","M","$","M"],"character_chosen":"IRONCLAD","items_purchased":["Combust","True Grit","Regal Pillow","Ghostly Armor"],"campfire_rested":1,"item_purchase_floors":[5,5,21,21],"current_hp_per_floor":[76,75,77,68,68,68,34,28,28,33,58,58,61,64,64,42,74,73,41,15,15,0],"gold":34,"neow_bonus":"RANDOM_COMMON_RELIC","is_prod":false,"is_daily":false,"chose_seed":false,"campfire_upgraded":2,"win_rate":0,"timestamp":1559885308,"path_taken":["M","M","M","M","$","R","E","M","T","?","R","?","M","M","R","BOSS","M","M","M","$","M"],"build_version":"2019-01-23","purchased_purges":0,"victory":false,"max_hp_per_floor":[80,80,80,80,80,80,80,80,80,85,85,85,85,85,85,85,85,85,85,85,85,85],"card_choices":[{"not_picked":["Warcry","Fire Breathing"],"picked":"Bloodletting","floor":1},{"not_picked":["True Grit","Armaments"],"picked":"Rupture","floor":2},{"not_picked":["Flex","Wild Strike"],"picked":"Pommel Strike","floor":3},{"not_picked":["Armaments","Rupture"],"picked":"Brutality","floor":4},{"not_picked":["Blood for Blood","Dual Wield"],"picked":"Shrug It Off","floor":7},{"not_picked":["Feel No Pain","Battle Trance"],"picked":"True Grit","floor":8},{"not_picked":["Sword Boomerang","Twin Strike"],"picked":"Heavy Blade","floor":11},{"not_picked":["Pommel Strike","Wild Strike"],"picked":"Cleave","floor":13},{"not_picked":["Flex","Cleave"],"picked":"Pummel","floor":14},{"not_picked":["Double Tap","Exhume"],"picked":"Dark Embrace","floor":16},{"not_picked":["Heavy Blade","Cleave"],"picked":"Blood for Blood+1","floor":18},{"not_picked":["Anger","Bloodletting","Perfected Strike"],"picked":"SKIP","floor":19},{"not_picked":["Headbutt","Pummel","True Grit"],"picked":"SKIP","floor":20}],"player_experience":628866,"relics_obtained":[{"floor":7,"key":"Dream Catcher"},{"floor":9,"key":"Bird Faced Urn"}],"event_choices":[{"damage_healed":0,"gold_gain":0,"player_choice":"Donut","damage_taken":0,"max_hp_gain":5,"max_hp_loss":0,"event_name":"Big Fish","floor":10,"gold_loss":0},{"damage_healed":0,"gold_gain":0,"player_choice":"Gave Potion","damage_taken":0,"relics_obtained":["Self Forming Clay"],"max_hp_gain":0,"max_hp_loss":0,"event_name":"WeMeetAgain","floor":12,"gold_loss":0}],"is_beta":false,"boss_relics":[{"not_picked":["Snecko Eye","Pandora\u0027s Box"],"picked":"Philosopher\u0027s Stone"}],"items_purged_floors":[],"is_endless":false,"potions_floor_spawned":[1,2,7,16,18,19],"killed_by":"Centurion and Healer","ascension_level":13}