{"gold_per_floor":[18,18,18,18,0,0,13,27,102,122,87,120,139,153,153,243,243,261,176,176,192,213,213,244,244,244,267,286,22,22,40,40,133,133,157,170,70,70],"floor_reached":38,"playtime":2101,"items_purged":["Strike_B","Regret"],"score":756,"play_id":"220819cd-0ef2-4435-bdb4-df97aefcba47","local_time":"20191004165046","is_ascension_mode":true,"campfire_choices":[{"data":"Glacier","floor":6.0,"key":"SMITH"},{"floor":15.0,"key":"REST"},{"floor":23.0,"key":"REST"},{"floor":25.0,"key":"REST"},{"floor":32.0,"key":"REST"}],"neow_cost":"NO_GOLD","seed_source_timestamp":90812084561851,"circlet_count":0,"master_deck":["AscendersBane","Strike_B","Strike_B","Strike_B","Defend_B","Defend_B","Defend_B","Zap","Dualcast","Electrodynamics","Glacier+1","Conserve Battery","Leap","Ball Lightning","Genetic Algorithm","Melter","Seek","Reinforced Body+1","Ball Lightning","Cold Snap","Go for the Eyes","Capacitor","Cold Snap","Coolheaded","Tempest","White Noise","Barrage"],"special_seed":0,"relics":["Cracked Core","Golden Idol","Bag of Marbles","Ornamental Fan","Kunai","Velvet Choker","Ice Cream","Oddly Smooth Stone","Bottled Lightning","Omamori","Calling Bell","Centennial Puzzle","Mummified Hand","Torii"],"potions_floor_usage":[38,38],"damage_taken":[{"damage":7.0,"enemies":"Jaw Worm","floor":1.0,"turns":3.0},{"damage":0.0,"enemies":"2 Louse","floor":7.0,"turns":1.0},{"damage":0.0,"enemies":"Small Slimes","floor":8.0,"turns":4.0},{"damage":0.0,"enemies":"3 Louse","floor":10.0,"turns":4.0},{"damage":14.0,"enemies":"3 Sentries","floor":12.0,"turns":5.0},{"damage":0.0,"enemies":"Blue Slaver","floor":13.0,"turns":4.0},{"damage":0.0,"enemies":"Large Slime","floor":14.0,"turns":3.0},{"damage":32.0,"enemies":"Hexaghost","floor":16.0,"turns":11.0},{"damage":21.0,"enemies":"Shell Parasite","floor":18.0,"turns":6.0},{"damage":3.0,"enemies":"2 Thieves","floor":21.0,"turns":3.0},{"damage":1.0,"enemies":"3 Cultists","floor":22.0,"turns":3.0},{"damage":49.0,"enemies":"Book of Stabbing","floor":24.0,"turns":7.0},{"damage":4.0,"enemies":"Snecko","floor":27.0,"turns":5.0},{"damage":8.0,"enemies":"Sentry and Sphere","floor":28.0,"turns":5.0},{"damage":3.0,"enemies":"Snake Plant","floor":31.0,"turns":5.0},{"damage":20.0,"enemies":"Collector","floor":33.0,"turns":12.0},{"damage":43.0,"enemies":"3 Darklings","floor":35.0,"turns":5.0},{"damage":3,"enemies":"3 Shapes","floor":36,"turns":4},{"damage":18,"enemies":"Maw","floor":38,"turns":7}],"seed_played":"-6256820776286803963","potions_obtained":[{"floor":1.0,"key":"LiquidBronze"},{"floor":7.0,"key":"SneckoOil"},{"floor":12.0,"key":"LiquidBronze"},{"floor":13.0,"key":"Strength Potion"},{"floor":16.0,"key":"SkillPotion"},{"floor":18.0,"key":"Strength Potion"},{"floor":33.0,"key":"Strength Potion"},{"floor":35.0,"key":"Weak Potion"}],"is_trial":false,"path_per_floor":["M","?","?","?","?","R","M","M","T","M","?","E","M","M","R","B",null,"M","?","?","M","M","R","E","R","T","M","M","$","?","M","R","B",null,"M","M","$","M"],"character_chosen":"DEFECT","items_purchased":["Omamori","Coolheaded"],"campfire_rested":4,"item_purchase_floors":[29,29],"current_hp_per_floor":[57,57,57,46,46,46,46,46,46,46,63,49,49,49,70,38,63,42,42,42,39,38,59,10,31,31,27,19,19,19,16,37,17,58,15,12,12,0],"gold":70,"neow_bonus":"THREE_RARE_CARDS","is_prod":false,"is_daily":false,"chose_seed":false,"campfire_upgraded":1,"win_rate":0,"timestamp":1570233046,"path_taken":["M","?","?","?","?","R","M","M","T","M","?","E","M","M","R","BOSS","M","?","?","M","M","R","E","R","T","M","M","$","?","M","R","BOSS","M","M","$","M"],"build_version":"2019-07-17","purchased_purges":2,"victory":false,"max_hp_per_floor":[71,71,71,71,71,71,71,71,71,71,71,71,71,71,71,71,71,71,71,71,71,71,71,71,71,71,71,71,71,71,71,71,71,71,71,71,71,71],"card_choices":[{"not_picked":["Echo Form","Core Surge"],"picked":"Electrodynamics","floor":0.0},{"not_picked":["Beam Cell","Melter"],"picked":"Glacier","floor":1.0},{"not_picked":["BootSequence","Leap"],"picked":"Conserve Battery","floor":7.0},{"not_picked":["Streamline","Hello World"],"picked":"Leap","floor":8.0},{"not_picked":["Force Field","Chaos"],"picked":"Ball Lightning","floor":10.0},{"not_picked":["Rebound","Tempest","Reprogram"],"picked":"SKIP","floor":12.0},{"not_picked":["FTL","Redo"],"picked":"Genetic Algorithm","floor":13.0},{"not_picked":["Stack","Steam Power"],"picked":"Melter","floor":14.0},{"not_picked":["Thunder Strike","Reboot"],"picked":"Seek","floor":16.0},{"not_picked":["Gash","Go for the Eyes"],"picked":"Reinforced Body+1","floor":18.0},{"not_picked":["Stack","Reinforced Body"],"picked":"Ball Lightning","floor":21.0},{"not_picked":["Go for the Eyes","Heatsinks"],"picked":"Cold Snap","floor":22.0},{"not_picked":["Steam Power","Coolheaded"],"picked":"Go for the Eyes","floor":24.0},{"not_picked":["Blizzard+1","Tempest+1"],"picked":"Capacitor","floor":27.0},{"not_picked":["Leap","Hello World+1"],"picked":"Cold Snap","floor":28.0},{"not_picked":["Rip and Tear","Genetic Algorithm"],"picked":"White Noise","floor":31.0},{"not_picked":["Conserve Battery","Melter"],"picked":"Barrage","floor":35.0},{"not_picked":["Static Discharge","Turbo","Compile Driver"],"picked":"SKIP","floor":36}],"player_experience":672794,"relics_obtained":[{"floor":9.0,"key":"Ornamental Fan"},{"floor":12.0,"key":"Kunai"},{"floor":24.0,"key":"Oddly Smooth Stone"},{"floor":26.0,"key":"Bottled Lightning"},{"floor":34.0,"key":"Centennial Puzzle"},{"floor":34.0,"key":"Mummified Hand"},{"floor":34.0,"key":"Torii"}],"event_choices":[{"damage_healed":0.0,"max_hp_gain":0.0,"max_hp_loss":0.0,"gold_gain":0.0,"event_name":"Golden Idol","player_choice":"Take Wound","floor":2.0,"gold_loss":0.0,"damage_taken":0.0,"relics_obtained":["Golden Idol"],"cards_obtained":["Injury"]},{"cards_removed":["Injury"],"damage_healed":0.0,"max_hp_gain":0.0,"max_hp_loss":0.0,"gold_gain":0.0,"event_name":"Living Wall","player_choice":"Forget","floor":3.0,"gold_loss":0.0,"damage_taken":0.0},{"damage_healed":0.0,"max_hp_gain":0.0,"max_hp_loss":0.0,"gold_gain":0.0,"event_name":"Scrap Ooze","player_choice":"Success","floor":4.0,"gold_loss":0.0,"damage_taken":11.0,"relics_obtained":["Bag of Marbles"]},{"damage_healed":0.0,"max_hp_gain":0.0,"max_hp_loss":0.0,"gold_gain":0.0,"event_name":"World of Goop","player_choice":"Left Gold","floor":5.0,"gold_loss":18.0,"damage_taken":0.0},{"damage_healed":17.0,"max_hp_gain":0.0,"max_hp_loss":0.0,"gold_gain":0.0,"event_name":"The Cleric","player_choice":"Healed","floor":11.0,"gold_loss":35.0,"damage_taken":0.0},{"damage_healed":0.0,"max_hp_gain":0.0,"max_hp_loss":0.0,"gold_gain":0.0,"event_name":"Addict","player_choice":"Obtained Relic","floor":19.0,"gold_loss":85.0,"damage_taken":0.0,"relics_obtained":["Ice Cream"]},{"damage_healed":0.0,"max_hp_gain":0.0,"max_hp_loss":0.0,"gold_gain":0.0,"event_name":"Ghosts","player_choice":"Ignored","floor":20.0,"gold_loss":0.0,"damage_taken":0.0},{"damage_healed":0.0,"max_hp_gain":0.0,"max_hp_loss":0.0,"gold_gain":0.0,"cards_transformed":["Defend_B"],"event_name":"Transmorgrifier","player_choice":"Transformed","floor":30.0,"gold_loss":0.0,"damage_taken":0.0,"cards_obtained":["Tempest"]}],"is_beta":false,"boss_relics":[{"not_picked":["Tiny House","Philosopher\u0027s Stone"],"picked":"Velvet Choker"},{"not_picked":["Runic Pyramid","FrozenCore"],"picked":"Calling Bell"}],"items_purged_floors":[29,37],"is_endless":false,"potions_floor_spawned":[1,7,12,13,16,18,21,22,33,35],"killed_by":"Maw","ascension_level":18}