{"gold_per_floor":[116,128,128,142,142,175,175,193,267,302,325,346,426,601,601,730,730,748,267,292,5,5,5,48,48,60,72,84,110,45,66,66,66],"floor_reached":33,"playtime":2400,"items_purged":[],"score":393,"play_id":"a17a2f0a-d8a3-4762-acd3-835dc0d6e298","local_time":"20181014221204","is_ascension_mode":true,"campfire_choices":[{"floor":7,"key":"REST"},{"floor":15,"key":"REST"},{"data":"Noxious Fumes","floor":23,"key":"SMITH"},{"floor":32,"key":"REST"}],"neow_cost":"NONE","seed_source_timestamp":12716578767235,"circlet_count":0,"master_deck":["Defend_G","Defend_G","Defend_G","Defend_G","Defend_G","Strike_G","Strike_G","Strike_G","Strike_G","Strike_G","Survivor","Neutralize","Deadly Poison","Escape Plan","Noxious Fumes+1","Malaise","All Out Attack","Terror","PiercingWail","Crippling Poison","Noxious Fumes","Doubt","Adrenaline","Bouncing Flask+1","Catalyst","Well Laid Plans","Leg Sweep","Writhe","Shame","Ghostly","Ghostly","Ghostly","Ghostly","Ghostly","Poisoned Stab","Footwork","Dodge and Roll+1"],"relics":["Ring of the Snake","Golden Idol","Spirit Poop","Du-Vu Doll","Kunai","Boot","Black Star","Pear","Ancient Tea Set","Lee\u0027s Waffle","Tough Bandages","Torii","MawBank","Blue Candle","PreservedInsect"],"potions_floor_usage":[6,10,16,20,29,33],"damage_taken":[{"damage":0,"enemies":"2 Louse","floor":1,"turns":2},{"damage":7,"enemies":"Small Slimes","floor":2,"turns":4},{"damage":1,"enemies":"Jaw Worm","floor":4,"turns":4},{"damage":17,"enemies":"3 Sentries","floor":6,"turns":8},{"damage":11,"enemies":"Lots of Slimes","floor":8,"turns":3},{"damage":19,"enemies":"Lagavulin","floor":10,"turns":8},{"damage":12,"enemies":"Gremlin Gang","floor":11,"turns":4},{"damage":7,"enemies":"Exordium Thugs","floor":12,"turns":5},{"damage":21,"enemies":"Hexaghost","floor":16,"turns":11},{"damage":27,"enemies":"Shell Parasite","floor":18,"turns":8},{"damage":16,"enemies":"Spheric Guardian","floor":20,"turns":6},{"damage":69,"enemies":"Slavers","floor":24,"turns":7},{"damage":5,"enemies":"Snake Plant","floor":29,"turns":5},{"damage":4,"enemies":"Snecko","floor":31,"turns":7},{"damage":48,"enemies":"Automaton","floor":33,"turns":6}],"seed_played":"8111895520204256153","potions_obtained":[{"floor":1,"key":"Fire Potion"},{"floor":8,"key":"GamblersBrew"},{"floor":12,"key":"Block Potion"},{"floor":16,"key":"Dexterity Potion"},{"floor":24,"key":"Block Potion"},{"floor":31,"key":"SkillPotion"}],"is_trial":false,"path_per_floor":["M","M","?","M","?","E","R","M","T","E","M","M","?","?","R","B",null,"M","$","M","$","$","R","E","?","T","?","?","M","$","M","R"],"character_chosen":"THE_SILENT","items_purchased":["Catalyst","Pear","Ancient Tea Set","Lee\u0027s Waffle","Leg Sweep","Footwork"],"campfire_rested":3,"item_purchase_floors":[19,19,19,21,21,30],"current_hp_per_floor":[70,63,63,62,62,45,66,55,55,36,24,17,17,17,38,17,57,30,40,24,87,87,87,18,18,18,18,18,13,13,9,21,0],"gold":66,"neow_bonus":"THREE_CARDS","is_prod":false,"is_daily":false,"chose_seed":false,"campfire_upgraded":1,"win_rate":0,"timestamp":1539580324,"path_taken":["M","M","?","M","?","E","R","M","T","E","?","M","?","?","R","BOSS","M","$","?","?","$","R","E","?","T","?","?","M","?","M","R","BOSS"],"build_version":"2018-10-11","purchased_purges":0,"victory":false,"max_hp_per_floor":[70,70,70,70,70,70,70,70,70,70,70,70,70,70,70,70,70,70,80,80,87,87,87,87,87,87,87,43,43,43,43,43,43],"card_choices":[{"not_picked":["Bouncing Flask","Outmaneuver"],"picked":"Deadly Poison","floor":0},{"not_picked":["Calculated Gamble","Outmaneuver"],"picked":"Escape Plan","floor":1},{"not_picked":["Sucker Punch","Poisoned Stab"],"picked":"Noxious Fumes","floor":2},{"not_picked":["Slice","Leg Sweep"],"picked":"Malaise","floor":4},{"not_picked":["Sucker Punch","Prepared"],"picked":"All Out Attack","floor":6},{"not_picked":["Flying Knee","Bane"],"picked":"Terror","floor":8},{"not_picked":["Heel Hook","Phantasmal Killer"],"picked":"PiercingWail","floor":10},{"not_picked":["Underhanded Strike","Dodge and Roll"],"picked":"Crippling Poison","floor":11},{"not_picked":["Acrobatics","Quick Slash"],"picked":"Noxious Fumes","floor":12},{"not_picked":["Storm of Steel","Envenom"],"picked":"Adrenaline","floor":16},{"not_picked":["Backstab","Infinite Blades"],"picked":"Bouncing Flask+1","floor":18},{"not_picked":["Eviscerate+1","Flying Knee"],"picked":"Well Laid Plans","floor":20},{"not_picked":["Backstab","Heel Hook+1","Setup"],"picked":"SKIP","floor":24},{"not_picked":["Distraction","Well Laid Plans+1"],"picked":"Poisoned Stab","floor":29},{"not_picked":["Blur","Backflip"],"picked":"Dodge and Roll+1","floor":31}],"player_experience":444961,"relics_obtained":[{"floor":6,"key":"Du-Vu Doll"},{"floor":9,"key":"Kunai"},{"floor":10,"key":"Boot"},{"floor":24,"key":"Tough Bandages"},{"floor":24,"key":"Torii"},{"floor":26,"key":"Blue Candle"}],"event_choices":[{"event_name":"Golden Idol","player_choice":"Take Wound","floor":3,"damage_taken":0},{"event_name":"Bonfire Elementals","player_choice":"CURSE","floor":5,"damage_taken":0},{"event_name":"Golden Wing","player_choice":"Gained Gold","floor":13,"damage_taken":0},{"event_name":"Liars Game","player_choice":"agreed","floor":14,"damage_taken":0},{"event_name":"The Mausoleum","player_choice":"Yes","floor":25,"damage_taken":0},{"event_name":"Addict","player_choice":"Stole Relic","floor":27,"damage_taken":0},{"event_name":"Ghosts","player_choice":"Became a Ghost","floor":28,"damage_taken":0}],"is_beta":false,"boss_relics":[{"not_picked":["Tiny House","HoveringKite"],"picked":"Black Star"}],"items_purged_floors":[],"is_endless":false,"potions_floor_spawned":[1,8,12,16,24,31],"killed_by":"Automaton","ascension_level":5}