{"gold_per_floor":[219,237,249,260,19,52,17,17,42,42,67,82,82,82,82,187,187,203,221,221,221,82,82,3,3,72,99,99,116,31,43],"floor_reached":31,"playtime":1516,"items_purged":[],"score":261,"play_id":"a24702c4-0ca0-430e-b1c3-fa2434e32d06","local_time":"20191007181133","is_ascension_mode":false,"campfire_choices":[{"data":"Apotheosis","floor":8,"key":"SMITH"},{"data":"Entrench","floor":10,"key":"SMITH"},{"data":"Seeing Red","floor":13,"key":"SMITH"},{"floor":15,"key":"REST"},{"data":"RitualDagger","floor":23,"key":"SMITH"},{"data":"Feel No Pain","floor":28,"key":"SMITH"}],"neow_cost":"NONE","seed_source_timestamp":190447276754800,"circlet_count":0,"master_deck":["Strike_R","Strike_R","Strike_R+1","Strike_R+1","Strike_R","Defend_R","Defend_R","Defend_R+1","Defend_R","Bash","Iron Wave","Warcry","Entrench+1","Limit Break","Apotheosis+1","Armaments+1","Flame Barrier","Perfected Strike","Seeing Red+1","Barricade","True Grit+1","Shrug It Off+1","RitualDagger+1","Finesse","Pommel Strike","Feel No Pain+1","Shockwave","Body Slam"],"relics":["Burning Blood","Juzu Bracelet","Red Skull","Whetstone","Eternal Feather","Mummified Hand","Dodecahedron","Potion Belt","MawBank"],"potions_floor_usage":[6,6,16,16,27,27,27],"damage_taken":[{"damage":7,"enemies":"Cultist","floor":1,"turns":5},{"damage":5,"enemies":"2 Louse","floor":2,"turns":2},{"damage":5,"enemies":"Small Slimes","floor":3,"turns":3},{"damage":9,"enemies":"2 Fungi Beasts","floor":4,"turns":5},{"damage":55,"enemies":"Gremlin Nob","floor":6,"turns":7},{"damage":10,"enemies":"3 Sentries","floor":11,"turns":11},{"damage":10,"enemies":"3 Louse","floor":12,"turns":4},{"damage":18,"enemies":"The Guardian","floor":16,"turns":9},{"damage":29,"enemies":"Shell Parasite","floor":18,"turns":13},{"damage":16,"enemies":"Spheric Guardian","floor":19,"turns":8},{"damage":35,"enemies":"Book of Stabbing","floor":27,"turns":9},{"damage":13,"enemies":"Snake Plant","floor":29,"turns":6},{"damage":37,"enemies":"Gremlin Leader","floor":31,"turns":2}],"seed_played":"-139347869925703120","potions_obtained":[{"floor":1,"key":"EssenceOfSteel"},{"floor":2,"key":"SpeedPotion"},{"floor":4,"key":"Block Potion"},{"floor":6,"key":"Poison Potion"},{"floor":16,"key":"Block Potion"},{"floor":18,"key":"LiquidBronze"},{"floor":19,"key":"AttackPotion"},{"floor":29,"key":"Energy Potion"}],"is_trial":false,"path_per_floor":["M","M","M","M","$","E","?","R","T","R","E","M","R","?","R","B",null,"M","M","?","?","$","R","$","$","T","E","R","M","?","E"],"character_chosen":"IRONCLAD","items_purchased":["Apotheosis","Armaments","Finesse","Pommel Strike","Feel No Pain"],"campfire_rested":1,"item_purchase_floors":[5,5,22,22,24],"current_hp_per_floor":[79,80,80,77,77,28,48,48,48,48,44,40,40,24,48,36,80,57,47,41,41,41,56,56,56,56,27,42,35,35,0],"gold":43,"neow_bonus":"HUNDRED_GOLD","is_prod":false,"is_daily":false,"chose_seed":false,"campfire_upgraded":5,"win_rate":0.0,"timestamp":1570497093,"path_taken":["M","?","M","M","$","E","?","R","T","R","E","M","R","?","R","BOSS","M","M","?","?","$","R","?","$","T","E","R","M","?","E"],"build_version":"2019-07-17","purchased_purges":0,"victory":false,"max_hp_per_floor":[80,80,80,80,80,80,80,80,80,80,80,80,80,80,80,80,80,80,80,80,80,80,80,80,80,80,80,80,80,80,80],"card_choices":[{"not_picked":["Pommel Strike","True Grit"],"picked":"Iron Wave","floor":1},{"not_picked":["Reckless Charge","Sword Boomerang"],"picked":"Warcry","floor":2},{"not_picked":["Iron Wave","Sword Boomerang"],"picked":"Entrench","floor":3},{"not_picked":["Blood for Blood","Rampage"],"picked":"Limit Break","floor":4},{"not_picked":["Cleave","Headbutt"],"picked":"Flame Barrier","floor":6},{"not_picked":["Heavy Blade","Flex"],"picked":"Perfected Strike","floor":11},{"not_picked":["Cleave","Shockwave"],"picked":"Seeing Red","floor":12},{"not_picked":["Offering","Reaper"],"picked":"Barricade","floor":16},{"not_picked":["Clash","Heavy Blade"],"picked":"True Grit+1","floor":18},{"not_picked":["Cleave+1","Armaments"],"picked":"Shrug It Off+1","floor":19},{"not_picked":["Iron Wave","Warcry"],"picked":"Shockwave","floor":27},{"not_picked":["Shrug It Off+1","Barricade"],"picked":"Body Slam","floor":29}],"player_experience":20100,"relics_obtained":[{"floor":6,"key":"Juzu Bracelet"},{"floor":9,"key":"Red Skull"},{"floor":11,"key":"Whetstone"},{"floor":26,"key":"Dodecahedron"},{"floor":27,"key":"Potion Belt"}],"event_choices":[{"damage_healed":20,"gold_gain":0,"player_choice":"Healed","damage_taken":0,"max_hp_gain":0,"max_hp_loss":0,"event_name":"The Cleric","floor":7,"gold_loss":35},{"damage_healed":0,"gold_gain":0,"player_choice":"Entered Light","damage_taken":16,"max_hp_gain":0,"max_hp_loss":0,"event_name":"Shining Light","floor":14,"gold_loss":0,"cards_upgraded":["Defend_R","Armaments"]},{"damage_healed":0,"gold_gain":0,"player_choice":"Joined the Cult","damage_taken":6,"max_hp_gain":0,"max_hp_loss":0,"event_name":"Nest","floor":20,"gold_loss":0,"cards_obtained":["RitualDagger"]},{"damage_healed":0,"gold_gain":0,"player_choice":"Opened","damage_taken":0,"relics_obtained":["Mummified Hand"],"max_hp_gain":0,"max_hp_loss":0,"event_name":"The Mausoleum","floor":21,"gold_loss":0},{"damage_healed":0,"gold_gain":0,"player_choice":"Obtained Relic","damage_taken":0,"relics_obtained":["MawBank"],"max_hp_gain":0,"max_hp_loss":0,"event_name":"Addict","floor":30,"gold_loss":85}],"is_beta":false,"boss_relics":[{"not_picked":["Cursed Key","Runic Pyramid"],"picked":"Eternal Feather"}],"items_purged_floors":[],"is_endless":false,"potions_floor_spawned":[1,2,4,6,16,18,19,29],"killed_by":"Gremlin Leader","ascension_level":0}