{"gold_per_floor":[114,132,132,132,146,174,184,184,184,202,43,62,62,73,73,173,173,113,130,142,142],"floor_reached":21,"playtime":1440,"items_purged":[],"score":183,"play_id":"debef574-093f-449b-a195-b75542c72887","local_time":"20191014121346","is_ascension_mode":false,"campfire_choices":[{"floor":8.0,"key":"REST"},{"floor":13.0,"key":"REST"},{"data":"Limit Break","floor":15.0,"key":"SMITH"}],"neow_cost":"NONE","seed_source_timestamp":0,"circlet_count":0,"master_deck":["Strike_R","Strike_R","Strike_R","Strike_R","Defend_R","Defend_R","Defend_R","Defend_R","Bash","Flame Barrier","Flex","Twin Strike","Body Slam","Juggernaut","Limit Break+1","Shrug It Off","Ghostly Armor","Reaper","Shrug It Off+1","Perfected Strike+1"],"special_seed":0,"relics":["Burning Blood","Orichalcum","Question Card","Runic Pyramid"],"potions_floor_usage":[16,16,16],"damage_taken":[{"damage":0.0,"enemies":"Small Slimes","floor":1.0,"turns":3.0},{"damage":1.0,"enemies":"Jaw Worm","floor":2.0,"turns":5.0},{"damage":5.0,"enemies":"2 Louse","floor":5.0,"turns":3.0},{"damage":68.0,"enemies":"Gremlin Nob","floor":6.0,"turns":6.0},{"damage":5.0,"enemies":"Looter","floor":7.0,"turns":4.0},{"damage":7.0,"enemies":"Blue Slaver","floor":10.0,"turns":4.0},{"damage":8.0,"enemies":"3 Louse","floor":12.0,"turns":5.0},{"damage":5.0,"enemies":"Looter","floor":14.0,"turns":4.0},{"damage":81,"enemies":"Hexaghost","floor":16,"turns":15},{"damage":12,"enemies":"2 Thieves","floor":18,"turns":4},{"damage":36,"enemies":"Shell Parasite","floor":19,"turns":9},{"damage":36,"enemies":"Snake Plant","floor":20,"turns":7},{"damage":42,"enemies":"Centurion and Healer","floor":21,"turns":6}],"seed_played":"6998334796171474945","potions_obtained":[{"floor":1.0,"key":"Ancient Potion"},{"floor":6.0,"key":"FairyPotion"},{"floor":12.0,"key":"AttackPotion"},{"floor":16,"key":"Fruit Juice"},{"floor":20,"key":"Strength Potion"}],"is_trial":false,"path_per_floor":["M","M","?","?","M","E","M","R","T","M","$","M","R","M","R","B",null,"M","M","M","M"],"character_chosen":"IRONCLAD","items_purchased":["Limit Break"],"campfire_rested":2,"item_purchase_floors":[11],"current_hp_per_floor":[88,88,81,81,82,20,21,47,47,46,46,44,70,71,71,14,93,87,62,36,0],"gold":142,"neow_bonus":"TEN_PERCENT_HP_BONUS","is_prod":false,"is_daily":false,"chose_seed":false,"campfire_upgraded":1,"win_rate":0.0,"timestamp":1571080426,"path_taken":["M","M","?","?","M","E","M","R","T","M","?","M","R","M","R","BOSS","M","M","M","M"],"build_version":"2019-07-17","purchased_purges":0,"victory":false,"max_hp_per_floor":[88,88,88,88,88,88,88,88,88,88,88,88,88,88,88,93,93,93,93,93,93],"card_choices":[{"not_picked":["Rupture","Corruption"],"picked":"Flame Barrier","floor":1.0},{"not_picked":["Dual Wield","Headbutt"],"picked":"Flex","floor":2.0},{"not_picked":["Flex","Clash"],"picked":"Twin Strike","floor":5.0},{"not_picked":["Bloodletting","Wild Strike"],"picked":"Body Slam","floor":6.0},{"not_picked":["Wild Strike","Burning Pact","Headbutt"],"picked":"SKIP","floor":7.0},{"not_picked":["Sword Boomerang","Flex","Searing Blow"],"picked":"Juggernaut","floor":10.0},{"not_picked":["Body Slam","Sword Boomerang","Headbutt"],"picked":"Shrug It Off","floor":12.0},{"not_picked":["Sword Boomerang","Heavy Blade","Anger"],"picked":"Ghostly Armor","floor":14.0},{"not_picked":["Feed","Fiend Fire","Dark Embrace"],"picked":"Reaper","floor":16},{"not_picked":["Thunderclap","Shrug It Off","Heavy Blade+1","Iron Wave"],"picked":"SKIP","floor":18},{"not_picked":["Evolve+1","True Grit+1","Searing Blow+1"],"picked":"Shrug It Off+1","floor":19},{"not_picked":["Warcry","Battle Trance","Headbutt+1"],"picked":"Perfected Strike+1","floor":20}],"player_experience":48641,"relics_obtained":[{"floor":6.0,"key":"Orichalcum"},{"floor":9.0,"key":"Question Card"}],"event_choices":[{"cards_removed":["Strike_R"],"damage_healed":0.0,"max_hp_gain":0.0,"max_hp_loss":0.0,"gold_gain":0.0,"event_name":"Golden Wing","player_choice":"Card Removal","floor":3.0,"gold_loss":0.0,"damage_taken":7.0},{"damage_healed":0.0,"max_hp_gain":0.0,"max_hp_loss":0.0,"gold_gain":0.0,"event_name":"Shining Light","player_choice":"Ignored","floor":4.0,"gold_loss":0.0,"damage_taken":0.0}],"is_beta":false,"boss_relics":[{"not_picked":["Calling Bell","Ectoplasm"],"picked":"Runic Pyramid"}],"items_purged_floors":[],"is_endless":false,"potions_floor_spawned":[1,6,12,14,16,20],"killed_by":"Centurion and Healer","ascension_level":0}