{"gold_per_floor":[117,133,133,50,61,61,91,91,114,133,133,133,151,18,18,97,97,112,112,122,72,87,87,106,106,106,106,140,140],"floor_reached":29,"playtime":3440,"items_purged":[],"score":462,"play_id":"9bd55628-70e1-4222-bb28-08bf7129356b","local_time":"20190713161614","is_ascension_mode":true,"campfire_choices":[{"data":"Zap","floor":6,"key":"SMITH"},{"data":"Defragment","floor":8,"key":"SMITH"},{"floor":12,"key":"REST"},{"floor":15,"key":"REST"},{"floor":23,"key":"REST"},{"data":"Loop","floor":25,"key":"SMITH"},{"data":"Hologram","floor":27,"key":"SMITH"}],"neow_cost":"NONE","seed_source_timestamp":302084600228971,"circlet_count":0,"master_deck":["AscendersBane","Strike_B","Defend_B","Defend_B","Defend_B","Defend_B","Zap+1","Dualcast","Doom and Gloom","Sunder","Defragment+1","Self Repair","Force Field","Capacitor","Hologram+1","Chill","Loop+1","Sweeping Beam","All For One","Ball Lightning","Undo","Stack","Cold Snap","Hologram+1","Static Discharge+1"],"relics":["Cracked Core","Bronze Scales","Blood Vial","Eternal Feather","Frozen Egg 2","Question Card"],"potions_floor_usage":[7,16,28,28],"damage_taken":[{"damage":7,"enemies":"Small Slimes","floor":1,"turns":3},{"damage":6,"enemies":"Cultist","floor":2,"turns":4},{"damage":0,"enemies":"2 Louse","floor":5,"turns":2},{"damage":39,"enemies":"Gremlin Nob","floor":7,"turns":4},{"damage":14,"enemies":"Red Slaver","floor":10,"turns":3},{"damage":3,"enemies":"Looter","floor":13,"turns":2},{"damage":32,"enemies":"Slime Boss","floor":16,"turns":7},{"damage":23,"enemies":"Spheric Guardian","floor":18,"turns":5},{"damage":17,"enemies":"Chosen","floor":20,"turns":3},{"damage":13,"enemies":"3 Cultists","floor":22,"turns":5},{"damage":29,"enemies":"Centurion and Healer","floor":24,"turns":6},{"damage":43,"enemies":"Slavers","floor":28,"turns":6},{"damage":41,"enemies":"Shelled Parasite and Fungi","floor":29,"turns":3}],"seed_played":"6777946899432190535","potions_obtained":[{"floor":2,"key":"Poison Potion"},{"floor":7,"key":"AttackPotion"},{"floor":10,"key":"Ancient Potion"},{"floor":20,"key":"Regen Potion"},{"floor":24,"key":"PowerPotion"}],"is_trial":false,"path_per_floor":["M","M","?","$","M","R","E","R","T","M","?","R","M","$","R","B",null,"M","?","M","$","M","R","M","R","T","R","E","M"],"character_chosen":"DEFECT","items_purchased":["Self Repair","Loop","Sweeping Beam","Stack"],"campfire_rested":3,"item_purchase_floors":[4,14,14,21],"current_hp_per_floor":[57,51,51,51,58,58,26,26,26,14,7,28,27,27,48,25,60,46,46,31,31,20,53,33,45,45,57,38,0],"gold":140,"neow_bonus":"TRANSFORM_CARD","is_prod":false,"is_daily":false,"chose_seed":false,"campfire_upgraded":4,"win_rate":0,"timestamp":1563059774,"path_taken":["M","M","?","$","M","R","E","R","T","M","?","R","M","$","R","BOSS","M","?","M","$","M","R","?","R","T","R","E","M"],"build_version":"2019-07-05","purchased_purges":0,"victory":false,"max_hp_per_floor":[71,71,71,71,71,71,71,71,71,71,71,71,71,71,71,71,71,71,71,71,71,71,71,71,71,71,71,71,71],"card_choices":[{"not_picked":["Steam","Rip and Tear"],"picked":"Sunder","floor":1},{"not_picked":["Auto Shields","Coolheaded"],"picked":"Defragment","floor":2},{"not_picked":["Barrage","Go for the Eyes"],"picked":"Force Field","floor":5},{"not_picked":["Fission","Leap"],"picked":"Capacitor","floor":7},{"not_picked":["Doom and Gloom","Turbo"],"picked":"Hologram","floor":10},{"not_picked":["Steam","Hologram"],"picked":"Chill","floor":13},{"not_picked":["Buffer","Core Surge"],"picked":"All For One","floor":16},{"not_picked":["Redo","Auto Shields+1"],"picked":"Ball Lightning","floor":18},{"not_picked":["Leap","Consume"],"picked":"Undo","floor":20},{"not_picked":["Steam","Skim"],"picked":"Cold Snap","floor":22},{"not_picked":["Gash","Streamline"],"picked":"Hologram+1","floor":24},{"not_picked":["Sweeping Beam","Thunder Strike"],"picked":"Static Discharge+1","floor":28}],"player_experience":2072539,"relics_obtained":[{"floor":7,"key":"Bronze Scales"},{"floor":9,"key":"Blood Vial"},{"floor":26,"key":"Frozen Egg 2"},{"floor":28,"key":"Question Card"}],"event_choices":[{"damage_healed":0,"gold_gain":0,"player_choice":"Fled","damage_taken":0,"max_hp_gain":0,"max_hp_loss":0,"event_name":"Scrap Ooze","floor":3,"gold_loss":0},{"cards_removed":["Strike_B"],"damage_healed":0,"gold_gain":0,"player_choice":"Card Removal","damage_taken":7,"max_hp_gain":0,"max_hp_loss":0,"event_name":"Golden Wing","floor":11,"gold_loss":0},{"cards_removed":["Strike_B"],"damage_healed":0,"gold_gain":0,"player_choice":"Card Removal","damage_taken":0,"max_hp_gain":0,"max_hp_loss":0,"event_name":"Wheel of Change","floor":19,"gold_loss":0}],"is_beta":false,"boss_relics":[{"not_picked":["Cursed Key","Lizard Tail"],"picked":"Eternal Feather"}],"items_purged_floors":[],"is_endless":false,"potions_floor_spawned":[2,7,10,20,24],"killed_by":"Shelled Parasite and Fungi","ascension_level":18}