{"gold_per_floor":[109,123,123,140,140,181,181,181,181,181,181,181,206,221,221,340,340,353,391,409,428,83,119,119,155,155,155,17,56,75,75,75,196,259,272,296,296,396,410,443,0,40,40,40,61,105,124,155,155,155,155,155,31,65,65],"floor_reached":55,"playtime":3340,"items_purged":["Defend_R"],"score":1011,"play_id":"6203bd84-10ec-46fe-afca-9ad88fbf80ac","local_time":"20190902215142","is_ascension_mode":true,"campfire_choices":[{"floor":7,"key":"REST"},{"data":"Battle Trance","floor":10,"key":"SMITH"},{"data":"Bash","floor":12,"key":"SMITH"},{"data":"Perfected Strike","floor":15,"key":"SMITH"},{"floor":24,"key":"REST"},{"data":"Berserk","floor":27,"key":"SMITH"},{"floor":32,"key":"REST"},{"floor":44,"key":"RECALL"},{"data":"Perfected Strike","floor":49,"key":"SMITH"},{"data":"Perfected Strike","floor":52,"key":"SMITH"}],"neow_cost":"CURSE","seed_source_timestamp":139636863817000,"circlet_count":0,"master_deck":["Strike_R","Strike_R","Strike_R","Strike_R","Strike_R","Defend_R","Defend_R+1","Defend_R+1","Bash+1","Shrug It Off","Clothesline","Battle Trance+1","Twin Strike+1","Perfected Strike+1","Offering+1","Twin Strike","Pommel Strike+1","Berserk+1","Trip+1","Armaments+1","Exhume+1","Perfected Strike+1","Perfected Strike+1","Perfected Strike+1","Perfected Strike+1","Flame Barrier+1","Shockwave+1","Perfected Strike+1"],"relics":["Burning Blood","Mango","Calipers","Golden Idol","Lantern","Champion Belt","Black Star","Red Mask","Sling","Singing Bowl","Dream Catcher","Toxic Egg 2","Meat on the Bone","Pantograph","StoneCalendar","Tiny House","Turnip","The Courier","Whetstone","Lee\u0027s Waffle","Potion Belt","Kunai","Bottled Lightning","Question Card","Paper Frog","Art of War","Oddly Smooth Stone","Sundial","War Paint"],"potions_floor_usage":[13,25,25,29,33,35,37,37,37,40,47,54,54,54,55,55,55,55,55],"damage_taken":[{"damage":0,"enemies":"Small Slimes","floor":1,"turns":3},{"damage":2,"enemies":"2 Louse","floor":2,"turns":3},{"damage":0,"enemies":"Cultist","floor":4,"turns":5},{"damage":86,"enemies":"Lagavulin","floor":6,"turns":14},{"damage":0,"enemies":"Blue Slaver","floor":13,"turns":3},{"damage":21,"enemies":"Gremlin Gang","floor":14,"turns":8},{"damage":34,"enemies":"Hexaghost","floor":16,"turns":10},{"damage":10,"enemies":"2 Thieves","floor":18,"turns":4},{"damage":15,"enemies":"Masked Bandits","floor":19,"turns":3},{"damage":19,"enemies":"Shell Parasite","floor":20,"turns":5},{"damage":15,"enemies":"Centurion and Healer","floor":21,"turns":4},{"damage":24,"enemies":"Slavers","floor":23,"turns":4},{"damage":26,"enemies":"Gremlin Leader","floor":25,"turns":4},{"damage":11,"enemies":"Book of Stabbing","floor":29,"turns":3},{"damage":6,"enemies":"3 Cultists","floor":30,"turns":4},{"damage":50,"enemies":"Champ","floor":33,"turns":9},{"damage":12,"enemies":"3 Darklings","floor":35,"turns":5},{"damage":18,"enemies":"3 Shapes","floor":36,"turns":5},{"damage":14,"enemies":"Transient","floor":37,"turns":4},{"damage":41,"enemies":"Writhing Mass","floor":39,"turns":5},{"damage":31,"enemies":"Giant Head","floor":40,"turns":6},{"damage":34,"enemies":"Reptomancer","floor":42,"turns":3},{"damage":42,"enemies":"Maw","floor":45,"turns":5},{"damage":25,"enemies":"Nemesis","floor":46,"turns":5},{"damage":4,"enemies":"3 Darklings","floor":47,"turns":3},{"damage":6,"enemies":"Reptomancer","floor":48,"turns":2},{"damage":64,"enemies":"Donu and Deca","floor":50,"turns":6},{"damage":27,"enemies":"Shield and Spear","floor":54,"turns":3},{"damage":155,"enemies":"The Heart","floor":55,"turns":8}],"seed_played":"3691737325753744515","potions_obtained":[{"floor":6,"key":"Fire Potion"},{"floor":16,"key":"LiquidBronze"},{"floor":20,"key":"FearPotion"},{"floor":23,"key":"AttackPotion"},{"floor":29,"key":"PowerPotion"},{"floor":30,"key":"SteroidPotion"},{"floor":34,"key":"Energy Potion"},{"floor":35,"key":"SmokeBomb"},{"floor":36,"key":"AttackPotion"},{"floor":39,"key":"SkillPotion"},{"floor":46,"key":"Block Potion"},{"floor":48,"key":"FearPotion"},{"floor":54,"key":"FearPotion"}],"is_trial":false,"path_per_floor":["M","M","?","M","?","E","R","?","T","R","?","R","M","M","R","B",null,"M","?","M","M","$","E","R","E","T","R","$","E","M","?","R","B",null,"M","M","M","?","M","E","$","E","T","R","M","E","M","E","R","B",null,"R","$","E","B"],"character_chosen":"IRONCLAD","items_purchased":["Sling","Berserk","Trip+1","Armaments+1","Perfected Strike","Flame Barrier+1","Shockwave+1","Whetstone","Lee\u0027s Waffle","EntropicBrew","SpeedPotion"],"campfire_rested":3,"item_purchase_floors":[22,22,28,28,41,41,41,41,41,53,53],"current_hp_per_floor":[94,94,87,93,87,7,33,62,62,62,62,62,68,53,53,25,87,83,74,61,52,52,36,64,46,46,46,46,55,57,57,88,67,104,100,88,80,80,59,46,115,89,89,89,67,60,76,78,78,57,123,123,123,104,0],"gold":65,"neow_bonus":"ONE_RARE_RELIC","is_prod":false,"is_daily":false,"chose_seed":false,"campfire_upgraded":6,"win_rate":0,"timestamp":1567486302,"path_taken":["M","M","?","M","?","E","R","?","T","R","?","R","M","M","R","BOSS","M","?","M","M","$","E","R","E","T","R","$","E","M","?","R","BOSS","M","M","?","?","?","E","$","E","T","R","M","E","M","E","R","BOSS","R","$","E","BOSS"],"build_version":"2019-08-26","purchased_purges":1,"victory":false,"max_hp_per_floor":[94,94,94,94,87,87,87,87,87,87,87,87,87,87,87,87,87,87,87,87,87,87,89,91,93,93,93,93,95,97,97,99,99,104,106,106,106,106,108,108,115,117,117,117,119,119,121,123,123,123,123,123,123,125,125],"card_choices":[{"not_picked":["Havoc","Clash"],"picked":"Shrug It Off","floor":1},{"not_picked":["Heavy Blade","Iron Wave"],"picked":"Clothesline","floor":2},{"not_picked":["Uppercut","Pommel Strike"],"picked":"Battle Trance","floor":4},{"not_picked":["Corruption","Burning Pact"],"picked":"Twin Strike","floor":6},{"not_picked":["Rupture","Anger","Sever Soul"],"picked":"SKIP","floor":13},{"not_picked":["Sentinel","Heavy Blade"],"picked":"Perfected Strike","floor":14},{"not_picked":["Exhume","Dark Embrace"],"picked":"Offering","floor":16},{"not_picked":["Clash+1","Rupture"],"picked":"Twin Strike","floor":18},{"not_picked":["Reckless Charge","Battle Trance"],"picked":"Pommel Strike+1","floor":19},{"not_picked":["Evolve+1","Pommel Strike","Entrench"],"picked":"SKIP","floor":20},{"not_picked":["Sword Boomerang","Evolve+1","Thunderclap"],"picked":"SKIP","floor":21},{"not_picked":["Warcry","Heavy Blade+1","Body Slam"],"picked":"Singing Bowl","floor":23},{"not_picked":["Anger","Limit Break","Clash"],"picked":"Singing Bowl","floor":24},{"not_picked":["Headbutt+1","Anger","True Grit"],"picked":"Singing Bowl","floor":25},{"not_picked":["Flex+1","Metallicize","Seeing Red+1"],"picked":"Singing Bowl","floor":29},{"not_picked":["Dropkick+1","Hemokinesis","True Grit+1"],"picked":"Singing Bowl","floor":30},{"not_picked":["Clothesline+1","Sword Boomerang+1","Whirlwind"],"picked":"Singing Bowl","floor":32},{"not_picked":["Bludgeon","Impervious+1"],"picked":"Exhume+1","floor":33},{"not_picked":["Wild Strike","Twin Strike"],"picked":"Perfected Strike","floor":34},{"not_picked":["Uppercut+1","True Grit+1","Flex+1"],"picked":"Singing Bowl","floor":35},{"not_picked":["Clothesline","Reckless Charge+1"],"picked":"Perfected Strike","floor":36},{"not_picked":["Immolate","Anger","Entrench+1"],"picked":"Singing Bowl","floor":39},{"not_picked":["Battle Trance+1","Sword Boomerang+1"],"picked":"Perfected Strike+1","floor":40},{"not_picked":["Sentinel+1","Blood for Blood","Clothesline"],"picked":"Singing Bowl","floor":42},{"not_picked":["Iron Wave","Thunderclap+1","Heavy Blade"],"picked":"Singing Bowl","floor":45},{"not_picked":["Shrug It Off+1","Rage+1"],"picked":"Perfected Strike","floor":46},{"not_picked":["Rampage+1","Headbutt+1","Bloodletting+1","Thunderclap+1"],"picked":"Singing Bowl","floor":47},{"not_picked":["Limit Break+1","Anger","Rampage","Headbutt"],"picked":"Singing Bowl","floor":48},{"not_picked":["Carnage","Reckless Charge+1","Sword Boomerang","Armaments+1"],"picked":"Singing Bowl","floor":54}],"player_experience":1465594,"relics_obtained":[{"floor":6,"key":"Lantern"},{"floor":9,"key":"Champion Belt"},{"floor":19,"key":"Red Mask"},{"floor":23,"key":"Singing Bowl"},{"floor":23,"key":"Dream Catcher"},{"floor":25,"key":"Toxic Egg 2"},{"floor":25,"key":"Meat on the Bone"},{"floor":29,"key":"Pantograph"},{"floor":29,"key":"StoneCalendar"},{"floor":40,"key":"Turnip"},{"floor":40,"key":"The Courier"},{"floor":42,"key":"Potion Belt"},{"floor":42,"key":"Kunai"},{"floor":43,"key":"Bottled Lightning"},{"floor":46,"key":"Question Card"},{"floor":46,"key":"Paper Frog"},{"floor":48,"key":"Art of War"},{"floor":48,"key":"Oddly Smooth Stone"},{"floor":54,"key":"Sundial"},{"floor":54,"key":"War Paint"}],"event_choices":[{"damage_healed":0,"gold_gain":0,"player_choice":"Success","damage_taken":7,"relics_obtained":["Calipers"],"max_hp_gain":0,"max_hp_loss":0,"event_name":"Scrap Ooze","floor":3,"gold_loss":0},{"damage_healed":0,"gold_gain":0,"player_choice":"Lose Max HP","damage_taken":0,"relics_obtained":["Golden Idol"],"max_hp_gain":0,"max_hp_loss":7,"event_name":"Golden Idol","floor":5,"gold_loss":0},{"damage_healed":29,"gold_gain":0,"player_choice":"Banana","damage_taken":0,"max_hp_gain":0,"max_hp_loss":0,"event_name":"Big Fish","floor":8,"gold_loss":0},{"cards_removed":["Doubt"],"damage_healed":0,"gold_gain":0,"player_choice":"Forget","damage_taken":0,"max_hp_gain":0,"max_hp_loss":0,"event_name":"Living Wall","floor":11,"gold_loss":0},{"damage_healed":0,"gold_gain":0,"player_choice":"Fought Bandits","damage_taken":0,"max_hp_gain":0,"max_hp_loss":0,"event_name":"Masked Bandits","floor":19,"gold_loss":0},{"damage_healed":0,"gold_gain":0,"player_choice":"Upgraded","damage_taken":0,"max_hp_gain":0,"max_hp_loss":0,"event_name":"Upgrade Shrine","floor":31,"gold_loss":0,"cards_upgraded":["Offering"]},{"damage_healed":0,"gold_gain":100,"player_choice":"Pray","damage_taken":0,"max_hp_gain":0,"max_hp_loss":0,"event_name":"Golden Shrine","floor":38,"gold_loss":0}],"is_beta":true,"boss_relics":[{"not_picked":["Velvet Choker","Empty Cage"],"picked":"Black Star"},{"not_picked":["Calling Bell","Pandora\u0027s Box"],"picked":"Tiny House"}],"items_purged_floors":[22],"is_endless":false,"potions_floor_spawned":[6,16,20,23,29,30,35,36,39,46,48,54],"killed_by":"The Heart","ascension_level":1}