{"gold_per_floor":[111,130,142,158,176,210,210,210,210,210,13,13,40,51,51,154,154,174,193,212,227,227],"floor_reached":22,"playtime":1071,"items_purged":["Strike_B"],"score":270,"play_id":"54499914-3354-4d40-9c90-25aeb36e3c15","local_time":"20190826210135","is_ascension_mode":true,"campfire_choices":[{"data":"Hyperbeam","floor":7,"key":"SMITH"},{"data":"Self Repair","floor":10,"key":"SMITH"},{"data":"Leap","floor":12,"key":"SMITH"},{"floor":15,"key":"REST"}],"neow_cost":"NONE","seed_source_timestamp":1103751009887431,"circlet_count":0,"master_deck":["Strike_B","Defend_B","Defend_B","Defend_B","Defend_B","Zap","Dualcast","Core Surge","Self Repair+1","Sweeping Beam","Cold Snap","Leap+1","Hyperbeam+1","Genetic Algorithm","Cold Snap","Echo Form","Creative AI","Storm+1"],"relics":["Cracked Core","Singing Bowl","Darkstone Periapt","Du-Vu Doll","Unceasing Top","Empty Cage"],"potions_floor_usage":[5,6,14,19],"damage_taken":[{"damage":1,"enemies":"2 Louse","floor":1,"turns":3},{"damage":0,"enemies":"Small Slimes","floor":2,"turns":2},{"damage":12,"enemies":"Jaw Worm","floor":3,"turns":3},{"damage":20,"enemies":"Lots of Slimes","floor":4,"turns":3},{"damage":12,"enemies":"Large Slime","floor":5,"turns":4},{"damage":14,"enemies":"Gremlin Nob","floor":6,"turns":3},{"damage":17,"enemies":"Lagavulin","floor":13,"turns":7},{"damage":0,"enemies":"Looter","floor":14,"turns":1},{"damage":23,"enemies":"Hexaghost","floor":16,"turns":13},{"damage":17,"enemies":"3 Byrds","floor":18,"turns":6},{"damage":17,"enemies":"Shell Parasite","floor":19,"turns":6},{"damage":46,"enemies":"Snecko","floor":20,"turns":8},{"damage":17,"enemies":"Centurion and Healer","floor":21,"turns":6},{"damage":3,"enemies":"Snake Plant","floor":22,"turns":1}],"seed_played":"-6916002023085832583","potions_obtained":[{"floor":1,"key":"AttackPotion"},{"floor":2,"key":"Explosive Potion"},{"floor":4,"key":"PowerPotion"},{"floor":18,"key":"SkillPotion"}],"is_trial":false,"path_per_floor":["M","M","M","M","M","E","R","?","T","R","$","R","E","M","R","B",null,"M","M","M","M","M"],"character_chosen":"DEFECT","items_purchased":["Genetic Algorithm","Cold Snap"],"campfire_rested":1,"item_purchase_floors":[11,11],"current_hp_per_floor":[67,74,69,56,58,51,51,51,51,51,51,51,44,46,69,66,74,69,52,18,3,0],"gold":227,"neow_bonus":"ONE_RANDOM_RARE_CARD","is_prod":false,"is_daily":false,"chose_seed":false,"campfire_upgraded":3,"win_rate":0,"timestamp":1566878495,"path_taken":["M","M","M","M","M","E","R","?","T","R","$","R","E","M","R","BOSS","M","M","M","M","M"],"build_version":"2019-07-17","purchased_purges":1,"victory":false,"max_hp_per_floor":[75,75,75,75,75,75,75,75,75,75,75,75,75,77,77,77,77,79,79,81,83,83],"card_choices":[{"not_picked":["Cold Snap","Genetic Algorithm"],"picked":"Self Repair","floor":1},{"not_picked":["BootSequence","Double Energy"],"picked":"Sweeping Beam","floor":2},{"not_picked":["Skim","Compile Driver","Rebound"],"picked":"SKIP","floor":3},{"not_picked":["Steam Power","Double Energy"],"picked":"Cold Snap","floor":4},{"not_picked":["Ball Lightning","Hologram"],"picked":"Leap","floor":5},{"not_picked":["Reprogram","Darkness"],"picked":"Hyperbeam","floor":6},{"not_picked":["Steam","Recycle"],"picked":"Echo Form","floor":13},{"not_picked":["Sweeping Beam","Rebound","Capacitor"],"picked":"Singing Bowl","floor":14},{"not_picked":["Meteor Strike","Electrodynamics"],"picked":"Creative AI","floor":16},{"not_picked":["Reprogram","Auto Shields","Gash"],"picked":"Singing Bowl","floor":18},{"not_picked":["Chaos","Coolheaded"],"picked":"Storm+1","floor":19},{"not_picked":["Lockon","Gash+1","Fusion+1"],"picked":"Singing Bowl","floor":20},{"not_picked":["Turbo","Coolheaded","Barrage"],"picked":"Singing Bowl","floor":21}],"player_experience":744081,"relics_obtained":[{"floor":6,"key":"Singing Bowl"},{"floor":9,"key":"Du-Vu Doll"},{"floor":13,"key":"Unceasing Top"}],"event_choices":[{"damage_healed":0,"gold_gain":0,"player_choice":"Searched \u00271\u0027 times","damage_taken":0,"relics_obtained":["Darkstone Periapt"],"max_hp_gain":0,"max_hp_loss":0,"event_name":"Dead Adventurer","floor":8,"gold_loss":0}],"is_beta":false,"boss_relics":[{"not_picked":["Inserter","Eternal Feather"],"picked":"Empty Cage"}],"items_purged_floors":[11],"is_endless":false,"potions_floor_spawned":[1,2,4,18],"killed_by":"Snake Plant","ascension_level":7}