{"gold_per_floor":[109,129,147,167,187,187,187,187,187,214,234,268,285,298,298,403,403,420,270,288,303,317,317,344,344,371,383,401,415,426,426,426,521,571,586,604,618,618,162,162,195,213,213,213,213,213,213,15,15,15],"floor_reached":51,"playtime":2595,"items_purged":["Strike_B","Strike_B","Apotheosis+1"],"score":1064,"play_id":"2399055b-3ac4-4beb-af9d-00ed4626f754","local_time":"20190903000636","is_ascension_mode":true,"campfire_choices":[{"floor":6,"key":"REST"},{"floor":8,"key":"REST"},{"floor":15,"key":"REST"},{"floor":23,"key":"REST"},{"data":"Fission","floor":25,"key":"SMITH"},{"data":"White Noise","floor":32,"key":"SMITH"},{"floor":40,"key":"REST"},{"data":"Apotheosis","floor":44,"key":"SMITH"},{"data":"Defragment","floor":49,"key":"SMITH"}],"neow_cost":"NONE","seed_source_timestamp":1718106646972197,"circlet_count":0,"master_deck":["Strike_B+1","Defend_B+1","Defend_B+1","Defend_B+1","Defend_B+1","Zap+1","Dualcast+1","Conserve Battery+1","Streamline+1","Darkness+1","Doom and Gloom+1","FTL+1","Multi-Cast+1","Glacier+1","Loop+1","Conserve Battery+1","Fission+1","White Noise+1","Loop+1","Ball Lightning+1","Consume+1","Electrodynamics+1","Parasite","Self Repair+1","Storm+1","Ghostly+1","Ghostly+1","Ghostly+1","Ghostly+1","Ghostly+1","Defragment+1","Capacitor+1","Dark Shackles+1","Melter+1","Redo+1","Doubt","Defragment+1"],"relics":["Cracked Core","Vajra","Gremlin Horn","Blue Candle","Meat on the Bone","Cursed Key","Pear","Art of War","Tiny House","Bag of Preparation","Bottled Lightning","Mark of the Bloom"],"potions_floor_usage":[11,16,18,22,24,28,29,37,37,39],"damage_taken":[{"damage":1,"enemies":"Cultist","floor":1,"turns":3},{"damage":9,"enemies":"2 Louse","floor":2,"turns":3},{"damage":5,"enemies":"Jaw Worm","floor":3,"turns":2},{"damage":6,"enemies":"Looter","floor":4,"turns":3},{"damage":21,"enemies":"Large Slime","floor":5,"turns":4},{"damage":18,"enemies":"Gremlin Nob","floor":10,"turns":3},{"damage":12,"enemies":"Exordium Thugs","floor":11,"turns":2},{"damage":15,"enemies":"3 Sentries","floor":12,"turns":5},{"damage":1,"enemies":"Gremlin Gang","floor":13,"turns":3},{"damage":1,"enemies":"Large Slime","floor":14,"turns":5},{"damage":18,"enemies":"Slime Boss","floor":16,"turns":7},{"damage":3,"enemies":"Chosen","floor":18,"turns":5},{"damage":24,"enemies":"2 Thieves","floor":20,"turns":4},{"damage":31,"enemies":"Snake Plant","floor":21,"turns":6},{"damage":9,"enemies":"Cultist and Chosen","floor":22,"turns":7},{"damage":34,"enemies":"Slavers","floor":24,"turns":5},{"damage":6,"enemies":"Centurion and Healer","floor":27,"turns":4},{"damage":29,"enemies":"Snake Plant","floor":28,"turns":3},{"damage":18,"enemies":"Shelled Parasite and Fungi","floor":29,"turns":4},{"damage":32,"enemies":"Centurion and Healer","floor":30,"turns":6},{"damage":23,"enemies":"Champ","floor":33,"turns":10},{"damage":15,"enemies":"Orb Walker","floor":35,"turns":3},{"damage":2,"enemies":"3 Darklings","floor":36,"turns":4},{"damage":32,"enemies":"Jaw Worm Horde","floor":37,"turns":6},{"damage":21,"enemies":"Nemesis","floor":41,"turns":7},{"damage":1,"enemies":"Spire Growth","floor":42,"turns":6},{"damage":25,"enemies":"Donu and Deca","floor":50,"turns":7}],"seed_played":"-4111340628391505931","potions_obtained":[{"floor":10,"key":"Poison Potion"},{"floor":12,"key":"Ancient Potion"},{"floor":13,"key":"Dexterity Potion"},{"floor":14,"key":"Regen Potion"},{"floor":16,"key":"Weak Potion"},{"floor":21,"key":"SteroidPotion"},{"floor":24,"key":"PowerPotion"},{"floor":28,"key":"Ancient Potion"},{"floor":33,"key":"Block Potion"},{"floor":34,"key":"Explosive Potion"},{"floor":37,"key":"Regen Potion"},{"floor":41,"key":"SmokeBomb"}],"is_trial":false,"path_per_floor":["M","M","M","M","M","R","?","R","T","E","M","E","M","M","R","B",null,"M","$","M","M","M","R","E","R","T","M","M","M","M","?","R","B",null,"M","M","M","?","$","R","E","M","T","R","?","?","?","$","R","B",null],"character_chosen":"DEFECT","items_purchased":["Loop","Fruit Juice","Apotheosis","Dark Shackles","Defragment"],"campfire_rested":5,"item_purchase_floors":[19,39,39,39,48],"current_hp_per_floor":[67,58,53,47,26,48,48,70,70,52,40,25,36,47,69,51,69,66,66,42,23,41,63,51,51,51,45,42,43,30,30,30,26,43,28,33,20,20,25,40,38,47,47,47,47,47,47,47,47,22],"gold":15,"neow_bonus":"RANDOM_COMMON_RELIC","is_prod":false,"is_daily":false,"chose_seed":false,"campfire_upgraded":4,"win_rate":0,"timestamp":1567494396,"path_taken":["M","M","M","M","M","R","?","R","T","E","M","E","M","M","R","BOSS","M","$","M","?","M","R","E","R","T","M","M","M","M","?","R","BOSS","M","M","M","?","$","R","E","M","T","R","?","?","?","$","R","BOSS"],"build_version":"2019-07-17","purchased_purges":3,"victory":true,"max_hp_per_floor":[75,75,75,75,75,75,75,75,75,75,75,75,75,75,75,75,75,75,75,75,75,75,75,85,85,85,85,85,85,85,42,42,42,47,47,47,47,47,52,52,52,52,52,52,52,49,49,49,49,49],"card_choices":[{"not_picked":["Gash","Leap"],"picked":"Conserve Battery","floor":1},{"not_picked":["Beam Cell","Rebound"],"picked":"Streamline","floor":2},{"not_picked":["Recycle","Coolheaded"],"picked":"Rip and Tear","floor":3},{"not_picked":["Tempest","Force Field"],"picked":"Darkness","floor":4},{"not_picked":["Chill","Turbo"],"picked":"Doom and Gloom","floor":5},{"not_picked":["Coolheaded","Tempest"],"picked":"Multi-Cast","floor":10},{"not_picked":["Self Repair","Tempest"],"picked":"Glacier","floor":11},{"not_picked":["Compile Driver","Barrage"],"picked":"Loop","floor":12},{"not_picked":["Hologram","Beam Cell","Sweeping Beam"],"picked":"SKIP","floor":13},{"not_picked":["Stack","Cold Snap"],"picked":"Conserve Battery","floor":14},{"not_picked":["Machine Learning","Meteor Strike"],"picked":"Fission","floor":16},{"not_picked":["Go for the Eyes+1","Rip and Tear"],"picked":"White Noise","floor":18},{"not_picked":["Storm","Redo"],"picked":"Ball Lightning","floor":20},{"not_picked":["Lockon","Skim","Scrape"],"picked":"SKIP","floor":21},{"not_picked":["Compile Driver","Turbo"],"picked":"Consume+1","floor":22},{"not_picked":["Hologram","Compile Driver"],"picked":"Electrodynamics","floor":24},{"not_picked":["Hologram","Undo"],"picked":"Self Repair","floor":27},{"not_picked":["Streamline","BootSequence"],"picked":"Storm","floor":28},{"not_picked":["Genetic Algorithm","Rebound+1","Cold Snap"],"picked":"SKIP","floor":29},{"not_picked":["Genetic Algorithm+1","Stack","Scrape"],"picked":"SKIP","floor":30},{"not_picked":["Conserve Battery","Blizzard"],"picked":"Defragment+1","floor":34},{"not_picked":["Steam","Streamline","Conserve Battery"],"picked":"SKIP","floor":35},{"not_picked":["Steam+1","Hologram+1"],"picked":"Capacitor","floor":36},{"not_picked":["Streamline","Redo","Go for the Eyes"],"picked":"SKIP","floor":37},{"not_picked":["Go for the Eyes","Compile Driver+1"],"picked":"Melter+1","floor":41},{"not_picked":["Cold Snap+1","BootSequence"],"picked":"Redo+1","floor":42}],"player_experience":758991,"relics_obtained":[{"floor":9,"key":"Gremlin Horn"},{"floor":10,"key":"Blue Candle"},{"floor":12,"key":"Meat on the Bone"},{"floor":24,"key":"Pear"},{"floor":26,"key":"Art of War"},{"floor":41,"key":"Bag of Preparation"},{"floor":43,"key":"Bottled Lightning"}],"event_choices":[{"damage_healed":0,"gold_gain":0,"cards_transformed":["Strike_B"],"player_choice":"Transformed","damage_taken":0,"max_hp_gain":0,"max_hp_loss":0,"event_name":"Transmorgrifier","floor":7,"gold_loss":0,"cards_obtained":["FTL"]},{"damage_healed":0,"gold_gain":0,"player_choice":"Became a Ghost","damage_taken":0,"max_hp_gain":0,"max_hp_loss":43,"event_name":"Ghosts","floor":31,"gold_loss":0,"cards_obtained":["Ghostly","Ghostly","Ghostly","Ghostly","Ghostly"]},{"damage_healed":0,"gold_gain":0,"player_choice":"Ignored","damage_taken":0,"max_hp_gain":0,"max_hp_loss":0,"event_name":"Mysterious Sphere","floor":38,"gold_loss":0},{"damage_healed":0,"gold_gain":0,"player_choice":"Upgrade","damage_taken":0,"relics_obtained":["Mark of the Bloom"],"max_hp_gain":0,"max_hp_loss":0,"event_name":"MindBloom","floor":45,"gold_loss":0,"cards_upgraded":["Strike_B","Defend_B","Defend_B","Defend_B","Defend_B","Zap","Dualcast","Conserve Battery","Streamline","Rip and Tear","Darkness","Doom and Gloom","FTL","Multi-Cast","Glacier","Loop","Conserve Battery","Loop","Ball Lightning","Electrodynamics","Self Repair","Storm","Ghostly","Ghostly","Ghostly","Ghostly","Capacitor","Dark Shackles"]},{"damage_healed":0,"gold_gain":0,"player_choice":"Max HP","damage_taken":0,"max_hp_gain":0,"max_hp_loss":3,"event_name":"Winding Halls","floor":46,"gold_loss":0},{"cards_removed":["Rip and Tear"],"damage_healed":0,"gold_gain":0,"player_choice":"Removed Attack","damage_taken":0,"max_hp_gain":0,"max_hp_loss":0,"event_name":"Falling","floor":47,"gold_loss":0}],"is_beta":false,"boss_relics":[{"not_picked":["Philosopher\u0027s Stone","Busted Crown"],"picked":"Cursed Key"},{"not_picked":["Fusion Hammer","Orrery"],"picked":"Tiny House"}],"items_purged_floors":[19,39,48],"is_endless":false,"potions_floor_spawned":[10,12,13,14,16,21,24,28,33,35,37,41,42],"ascension_level":9}