{"gold_per_floor":[118,129,148,164,181,181,201,218,242,242,262,292,20,20],"floor_reached":14,"playtime":623,"items_purged":["Strike_G"],"score":149,"play_id":"630907b5-61d3-4fe2-8362-d30b45908069","local_time":"20190817212908","is_ascension_mode":true,"campfire_choices":[{"floor":6,"key":"REST"},{"floor":10,"key":"REST"}],"neow_cost":"NONE","seed_source_timestamp":328269343869792,"circlet_count":0,"master_deck":["AscendersBane","Strike_G","Strike_G","Strike_G","Strike_G","Defend_G","Defend_G","Defend_G","Defend_G","Defend_G","Survivor","Neutralize","Panacea","Noxious Fumes","Bane","Slice","Dodge and Roll","Dagger Throw","All Out Attack","Calculated Gamble","Corpse Explosion","Tactician","Backflip"],"relics":["Ring of the Snake","PreservedInsect","Bronze Scales","Snake Skull"],"potions_floor_usage":[4,4,5],"damage_taken":[{"damage":0,"enemies":"Cultist","floor":1,"turns":5},{"damage":1,"enemies":"Jaw Worm","floor":2,"turns":5},{"damage":4,"enemies":"2 Louse","floor":3,"turns":3},{"damage":21,"enemies":"Large Slime","floor":4,"turns":6},{"damage":40,"enemies":"Gremlin Gang","floor":5,"turns":7},{"damage":3,"enemies":"Blue Slaver","floor":7,"turns":5},{"damage":0,"enemies":"2 Fungi Beasts","floor":8,"turns":3},{"damage":11,"enemies":"Looter","floor":11,"turns":3},{"damage":31,"enemies":"Gremlin Nob","floor":12,"turns":5},{"damage":11,"enemies":"3 Louse","floor":14,"turns":2}],"seed_played":"-5883771075105460982","potions_obtained":[{"floor":1,"key":"Weak Potion"},{"floor":3,"key":"Weak Potion"},{"floor":4,"key":"Regen Potion"}],"is_trial":false,"path_per_floor":["M","M","M","M","M","R","M","M","T","R","M","E","$","M"],"character_chosen":"THE_SILENT","items_purchased":["Snake Skull","Backflip"],"campfire_rested":2,"item_purchase_floors":[13,13],"current_hp_per_floor":[63,62,58,37,12,33,30,30,30,51,40,9,9,0],"gold":20,"neow_bonus":"RANDOM_COLORLESS","is_prod":false,"is_daily":false,"chose_seed":false,"campfire_upgraded":0,"win_rate":0,"timestamp":1566102548,"path_taken":["M","M","M","M","M","R","M","M","T","R","M","E","$","M"],"build_version":"2019-07-17","purchased_purges":1,"victory":false,"max_hp_per_floor":[70,70,70,70,70,70,70,70,70,70,70,70,70,70],"card_choices":[{"not_picked":["Flying Knee","Cloak And Dagger"],"picked":"Noxious Fumes","floor":1},{"not_picked":["Slice","Expertise"],"picked":"Bane","floor":2},{"not_picked":["Blade Dance","Expertise"],"picked":"Slice","floor":3},{"not_picked":["Blur","Flechettes"],"picked":"Dodge and Roll","floor":4},{"not_picked":["Dagger Spray","Quick Slash"],"picked":"Dagger Throw","floor":5},{"not_picked":["Quick Slash","Calculated Gamble"],"picked":"All Out Attack","floor":7},{"not_picked":["Slice","Terror"],"picked":"Calculated Gamble","floor":8},{"not_picked":["Backflip","Deadly Poison"],"picked":"Corpse Explosion","floor":11},{"not_picked":["Quick Slash","Infinite Blades"],"picked":"Tactician","floor":12}],"player_experience":724541,"relics_obtained":[{"floor":9,"key":"PreservedInsect"},{"floor":12,"key":"Bronze Scales"}],"event_choices":[],"is_beta":false,"boss_relics":[],"items_purged_floors":[13],"is_endless":false,"potions_floor_spawned":[1,3,4],"killed_by":"3 Louse","ascension_level":11}