{"path_per_floor":["M","M","M","$","M","R","E","M","T","T","E","$","R","M","R","B",null,"M","M","M","$","?","R","E","?","T","M","M","E","M","?","R"],"character_chosen":"THE_SILENT","items_purchased":["Underhanded Strike","Bottled Tornado"],"gold_per_floor":[113,131,148,24,42,42,77,92,169,248,281,33,33,53,53,155,185,167,181,200,100,100,100,128,43,43,56,72,107,118,118,118,118],"floor_reached":33,"campfire_rested":4,"playtime":3380,"current_hp_per_floor":[70,70,70,70,70,70,59,59,59,59,30,30,51,44,65,14,75,62,41,18,18,18,29,25,25,39,35,33,36,18,18,28,0],"items_purged":["Defend_G","Strike_G"],"gold":118,"score":326,"play_id":"69126a32-d87e-48e7-81b6-ac799fd7485f","local_time":"20180402231049","is_prod":false,"is_daily":false,"is_ascension_mode":false,"campfire_upgraded":1,"timestamp":1522735849,"path_taken":["M","M","M","$","M","R","E","M","T","?","E","$","R","M","R","BOSS","M","M","M","$","?","R","E","?","T","M","M","E","M","?","R","BOSS"],"build_version":"2018-03-29v2","purchased_purges":2,"victory":false,"master_deck":["Defend_G+1","Defend_G","Defend_G","Survivor","Neutralize","Cloak And Dagger","Dagger Spray","Dagger Spray","Tactician+1","Underhanded Strike","Noxious Fumes+1","Reflex","Corpse Explosion+1","Underhanded Strike+1","Adrenaline","Leg Sweep","Poisoned Stab+1","Dagger Throw+1","Acrobatics","Ghostly","Ghostly","Ghostly","Ghostly","Ghostly","Prepared","Backstab+1","Dagger Throw+1","Bane+1","Bite+1","Bite+1","Bite+1","Bite+1","Bite+1"],"max_hp_per_floor":[70,70,70,70,70,70,70,70,70,70,70,70,70,70,70,70,75,75,75,75,75,37,37,37,37,51,51,51,51,51,35,35,35],"relics":["Ring of the Snake","Frozen Egg 2","Tiny Chest","Molten Egg 2","Bottled Lightning","Bottled Tornado","Tiny House","Prayer Wheel","Oddly Smooth Stone","Mango","Lantern"],"card_choices":[{"not_picked":["Underhanded Strike","Deadly Poison"],"picked":"Dagger Spray","floor":1},{"not_picked":["Leg Sweep","Masterful Stab"],"picked":"Dagger Spray","floor":2},{"not_picked":["Prepared","PiercingWail"],"picked":"Tactician","floor":3},{"not_picked":["Masterful Stab","Reflex"],"picked":"Noxious Fumes","floor":7},{"not_picked":["Poisoned Stab","Deflect"],"picked":"Reflex","floor":8},{"not_picked":["Doppelganger","Outmaneuver"],"picked":"Corpse Explosion","floor":11},{"not_picked":["Accuracy","Deadly Poison"],"picked":"Underhanded Strike","floor":14},{"not_picked":["Corpse Explosion","Glass Knife"],"picked":"Adrenaline","floor":16},{"not_picked":["Deadly Poison","Quick Slash"],"picked":"Leg Sweep","floor":17},{"not_picked":["Deflect","Quick Slash"],"picked":"Poisoned Stab","floor":18},{"not_picked":["Poisoned Stab","Underhanded Strike"],"picked":"Dagger Throw","floor":19},{"not_picked":["Bane","Quick Slash"],"picked":"Acrobatics","floor":20},{"not_picked":["After Image","Backflip"],"picked":"Prepared","floor":24},{"not_picked":["Finisher","Predator"],"picked":"Backstab","floor":27},{"not_picked":["Sucker Punch","Underhanded Strike"],"picked":"Dagger Throw","floor":28},{"not_picked":["Quick Slash","Prepared"],"picked":"Bane","floor":29}],"player_experience":80419,"potions_floor_usage":[7,11,16,18,29,29,33],"damage_taken":[{"damage":0,"enemies":"Cultist","floor":1,"turns":4},{"damage":0,"enemies":"Jaw Worm","floor":2,"turns":3},{"damage":0,"enemies":"Small Slimes","floor":3,"turns":3},{"damage":0,"enemies":"2 Fungi Beasts","floor":5,"turns":3},{"damage":11,"enemies":"3 Sentries","floor":7,"turns":6},{"damage":0,"enemies":"3 Louse","floor":8,"turns":3},{"damage":29,"enemies":"Lagavulin","floor":11,"turns":7},{"damage":7,"enemies":"Lots of Slimes","floor":14,"turns":2},{"damage":51,"enemies":"The Guardian","floor":16,"turns":11},{"damage":13,"enemies":"2 Thieves","floor":18,"turns":4},{"damage":21,"enemies":"Spheric Guardian","floor":19,"turns":5},{"damage":23,"enemies":"Snake Plant","floor":20,"turns":5},{"damage":4,"enemies":"Gremlin Leader","floor":24,"turns":7},{"damage":4,"enemies":"Centurion and Healer","floor":27,"turns":6},{"damage":2,"enemies":"Snecko","floor":28,"turns":5},{"damage":9,"enemies":"Book of Stabbing","floor":29,"turns":6},{"damage":18,"enemies":"Cultist and Chosen","floor":30,"turns":5},{"damage":56,"enemies":"Collector","floor":33,"turns":6}],"event_choices":[{"event_name":"Ghosts","player_choice":"Became a Ghost","floor":22,"damage_taken":0},{"event_name":"Addict","player_choice":"Obtained Relic","floor":25,"damage_taken":0},{"event_name":"Vampires","player_choice":"Became a vampire","floor":31,"damage_taken":0}],"boss_relics":[{"not_picked":["Black Star","Cursed Key"],"picked":"Tiny House"}],"potions_floor_spawned":[2,3,5,8,16,19,20,27,29,30],"seed_played":"-4999963075660181058","killed_by":"Collector","ascension_level":0,"is_trial":false}