{"gold_per_floor":[117,49,67,80,90,90,116,136,136,165,184,184,203,219,219,315,315,335,275,25,42,42,42,58,83,83,99,99,126,126,226,226,326,326,339,353,373,389,440,472,15,41,41,75,0,27,27,38,38,38,38,38,1,27,27],"floor_reached":56,"playtime":4565,"items_purged":["Strike_B"],"score":1447,"play_id":"68d8066d-ce93-40ff-a466-5a54a1825ce8","local_time":"20190802183853","is_ascension_mode":true,"campfire_choices":[{"data":"Zap","floor":6,"key":"SMITH"},{"data":"Defragment","floor":15,"key":"SMITH"},{"data":"Defragment","floor":23,"key":"SMITH"},{"floor":30,"key":"REST"},{"floor":32,"key":"REST"},{"floor":47,"key":"RECALL"},{"data":"Buffer","floor":49,"key":"SMITH"},{"data":"Go for the Eyes","floor":52,"key":"SMITH"}],"neow_cost":"NONE","seed_source_timestamp":355855112960500,"circlet_count":0,"master_deck":["Strike_B","Strike_B","Strike_B","Defend_B","Defend_B","Defend_B","Defend_B","Zap+1","Dualcast","Buffer+1","Loop","Glacier","Cold Snap","Gash","Heatsinks","BootSequence","Cold Snap","Defragment+1","Storm","Doom and Gloom","Sweeping Beam","Electrodynamics","Defragment+1","Machine Learning","Gash","Sweeping Beam+1","Hologram","Capacitor+1","Coolheaded+1","Go for the Eyes+1","Amplify","Force Field","Beam Cell+1","Coolheaded+1","Gash+1","All For One","Hello World+1","Echo Form+1","Capacitor+1","Gash","Storm+1","Hologram+1"],"relics":["Cracked Core","Potion Belt","DataDisk","Mummified Hand","Sundial","WingedGreaves","Frozen Egg 2","Lantern","Black Star","Du-Vu Doll","Prayer Wheel","Centennial Puzzle","Boot","Mango","Bag of Marbles","Kunai","Dodecahedron","Strawberry","Ancient Tea Set","Darkstone Periapt","Bird Faced Urn","Bottled Lightning"],"potions_floor_usage":[5,7,7,18,19,27,33,33,36,38,50,50,50,55],"damage_taken":[{"damage":0,"enemies":"Small Slimes","floor":1,"turns":2},{"damage":1,"enemies":"Cultist","floor":3,"turns":4},{"damage":4,"enemies":"Jaw Worm","floor":4,"turns":7},{"damage":0,"enemies":"Gremlin Gang","floor":5,"turns":2},{"damage":0,"enemies":"Lagavulin","floor":7,"turns":7},{"damage":1,"enemies":"Blue Slaver","floor":8,"turns":5},{"damage":12,"enemies":"3 Sentries","floor":10,"turns":12},{"damage":0,"enemies":"Exordium Wildlife","floor":11,"turns":5},{"damage":12,"enemies":"Large Slime","floor":13,"turns":3},{"damage":5,"enemies":"Looter","floor":14,"turns":3},{"damage":36,"enemies":"The Guardian","floor":16,"turns":9},{"damage":5,"enemies":"Shell Parasite","floor":18,"turns":6},{"damage":0,"enemies":"2 Thieves","floor":19,"turns":4},{"damage":30,"enemies":"Shelled Parasite and Fungi","floor":21,"turns":5},{"damage":0,"enemies":"Cultist and Chosen","floor":24,"turns":3},{"damage":0,"enemies":"Gremlin Leader","floor":25,"turns":7},{"damage":7,"enemies":"Snake Plant","floor":27,"turns":5},{"damage":15,"enemies":"Slavers","floor":29,"turns":5},{"damage":4,"enemies":"Champ","floor":33,"turns":10},{"damage":0,"enemies":"Orb Walker","floor":35,"turns":3},{"damage":15,"enemies":"3 Shapes","floor":36,"turns":2},{"damage":0,"enemies":"Spire Growth","floor":37,"turns":4},{"damage":5,"enemies":"Jaw Worm Horde","floor":38,"turns":4},{"damage":4,"enemies":"2 Orb Walkers","floor":39,"turns":4},{"damage":0,"enemies":"Giant Head","floor":40,"turns":8},{"damage":5,"enemies":"Nemesis","floor":42,"turns":7},{"damage":8,"enemies":"Giant Head","floor":44,"turns":8},{"damage":5,"enemies":"Nemesis","floor":46,"turns":5},{"damage":0,"enemies":"Transient","floor":48,"turns":5},{"damage":7,"enemies":"Donu and Deca","floor":50,"turns":6},{"damage":22,"enemies":"Shield and Spear","floor":54,"turns":5},{"damage":74,"enemies":"The Heart","floor":55,"turns":8}],"seed_played":"-1953465964982951546","potions_obtained":[{"floor":1,"key":"PowerPotion"},{"floor":3,"key":"Explosive Potion"},{"floor":4,"key":"FearPotion"},{"floor":10,"key":"Ancient Potion"},{"floor":16,"key":"EssenceOfSteel"},{"floor":18,"key":"SneckoOil"},{"floor":21,"key":"SkillPotion"},{"floor":25,"key":"AttackPotion"},{"floor":29,"key":"Dexterity Potion"},{"floor":35,"key":"AttackPotion"},{"floor":37,"key":"Poison Potion"},{"floor":42,"key":"SkillPotion"},{"floor":48,"key":"Ancient Potion"},{"floor":54,"key":"Weak Potion"}],"is_trial":false,"path_per_floor":["M","$","M","M","M","R","E","M","T","E","M","?","M","M","R","B",null,"M","M","$","M","?","R","M","E","T","M","?","E","R","?","R","B",null,"M","M","M","M","?","E","$","E","T","E","$","E","R","M","R","B",null,"R","$","E","B",null],"character_chosen":"DEFECT","items_purchased":["Glacier","Mummified Hand","All For One","Boot","Hello World+1","FocusPotion","Storm+1"],"campfire_rested":2,"item_purchase_floors":[2,20,41,41,41,45,53],"current_hp_per_floor":[75,75,74,70,70,70,70,69,69,57,57,57,45,40,40,4,75,70,70,70,40,40,40,40,40,40,33,33,18,40,40,62,58,75,75,60,60,55,51,51,51,60,60,59,59,54,54,54,54,47,96,96,96,74,26],"gold":27,"neow_bonus":"ONE_RANDOM_RARE_CARD","is_prod":false,"is_daily":false,"chose_seed":false,"campfire_upgraded":5,"win_rate":0,"timestamp":1564796333,"path_taken":["M","$","M","M","M","R","E","M","T","E","M","?","M","M","R","BOSS","M","M","$","M","?","R","?","E","T","M","?","E","R","?","R","BOSS","M","?","M","M","?","E","$","E","T","E","$","E","R","M","R","BOSS","R","$","E","BOSS"],"build_version":"2019-07-18","purchased_purges":1,"victory":true,"max_hp_per_floor":[75,75,75,75,75,75,75,75,75,75,75,75,75,75,75,75,75,75,75,75,75,75,75,75,75,75,75,75,75,75,75,75,75,75,75,75,75,75,75,75,75,89,89,96,96,96,96,96,96,96,96,96,96,96,96],"card_choices":[{"not_picked":["Darkness","Redo"],"picked":"Loop","floor":1},{"not_picked":["Stack","Conserve Battery"],"picked":"Cold Snap","floor":3},{"not_picked":["Doom and Gloom","Rebound"],"picked":"Gash","floor":4},{"not_picked":["Melter","Hologram"],"picked":"Heatsinks","floor":5},{"not_picked":["Steam","Streamline"],"picked":"BootSequence","floor":7},{"not_picked":["Turbo","Streamline"],"picked":"Cold Snap","floor":8},{"not_picked":["Self Repair","Glacier"],"picked":"Defragment","floor":10},{"not_picked":["Stack","Consume"],"picked":"Storm","floor":11},{"not_picked":["Redo","Turbo","Cold Snap"],"picked":"SKIP","floor":13},{"not_picked":["Tempest","Rebound"],"picked":"Defragment","floor":14},{"not_picked":["Electrodynamics","Rainbow"],"picked":"Machine Learning","floor":16},{"not_picked":["Melter","Rip and Tear"],"picked":"Gash","floor":18},{"not_picked":["Steam Power+1","Compile Driver","Storm"],"picked":"SKIP","floor":19},{"not_picked":["Rebound+1","Steam+1"],"picked":"Sweeping Beam+1","floor":21},{"not_picked":["Chaos","Conserve Battery"],"picked":"Hologram","floor":24},{"not_picked":["Steam","Storm"],"picked":"Capacitor+1","floor":25},{"not_picked":["Rebound","Aggregate"],"picked":"Coolheaded+1","floor":27},{"not_picked":["Scrape","Rebound"],"picked":"Go for the Eyes","floor":29},{"not_picked":["Multi-Cast","Meteor Strike"],"picked":"Amplify","floor":33},{"not_picked":["Barrage","FTL+1"],"picked":"Force Field","floor":35},{"not_picked":["Steam+1","Reprogram"],"picked":"Beam Cell+1","floor":36},{"not_picked":["Rebound+1","Barrage"],"picked":"Coolheaded+1","floor":37},{"not_picked":["Reinforced Body","Double Energy"],"picked":"Gash+1","floor":38},{"not_picked":["Beam Cell","Redo+1","Compile Driver+1"],"picked":"SKIP","floor":40},{"not_picked":["Multi-Cast","Cold Snap","Genetic Algorithm"],"picked":"SKIP","floor":42},{"not_picked":["Go for the Eyes+1","Hello World+1"],"picked":"Echo Form+1","floor":44},{"not_picked":["Rebound+1","Fusion"],"picked":"Capacitor+1","floor":46},{"not_picked":["Redo","Capacitor+1"],"picked":"Gash","floor":48},{"not_picked":["Sweeping Beam","Hello World+1","Recycle"],"picked":"SKIP","floor":48},{"not_picked":["FTL","Beam Cell"],"picked":"Hologram+1","floor":54}],"player_experience":1357674,"relics_obtained":[{"floor":7,"key":"Potion Belt"},{"floor":10,"key":"DataDisk"},{"floor":25,"key":"WingedGreaves"},{"floor":26,"key":"Frozen Egg 2"},{"floor":29,"key":"Lantern"},{"floor":39,"key":"Du-Vu Doll"},{"floor":40,"key":"Prayer Wheel"},{"floor":40,"key":"Centennial Puzzle"},{"floor":42,"key":"Mango"},{"floor":42,"key":"Bag of Marbles"},{"floor":43,"key":"Kunai"},{"floor":44,"key":"Dodecahedron"},{"floor":44,"key":"Strawberry"},{"floor":46,"key":"Ancient Tea Set"},{"floor":46,"key":"Darkstone Periapt"},{"floor":54,"key":"Bird Faced Urn"},{"floor":54,"key":"Bottled Lightning"}],"event_choices":[{"damage_healed":0,"gold_gain":0,"player_choice":"3 cards matched","damage_taken":0,"max_hp_gain":0,"max_hp_loss":0,"event_name":"Match and Keep!","floor":12,"gold_loss":0,"cards_obtained":["Doom and Gloom","Sweeping Beam","Electrodynamics"]},{"damage_healed":0,"gold_gain":0,"player_choice":"Gave Potion","damage_taken":0,"relics_obtained":["Sundial"],"max_hp_gain":0,"max_hp_loss":0,"event_name":"WeMeetAgain","floor":22,"gold_loss":0},{"damage_healed":0,"gold_gain":0,"player_choice":"Ignored","damage_taken":0,"max_hp_gain":0,"max_hp_loss":0,"event_name":"Ghosts","floor":28,"gold_loss":0},{"damage_healed":0,"gold_gain":100,"player_choice":"Pray","damage_taken":0,"max_hp_gain":0,"max_hp_loss":0,"event_name":"Golden Shrine","floor":31,"gold_loss":0},{"damage_healed":0,"gold_gain":0,"player_choice":"Fight","damage_taken":0,"max_hp_gain":0,"max_hp_loss":0,"event_name":"Mysterious Sphere","floor":39,"gold_loss":0}],"is_beta":true,"boss_relics":[{"not_picked":["Runic Dome","Velvet Choker","Runic Pyramid"]},{"not_picked":["Calling Bell","Tiny House"],"picked":"Black Star"}],"items_purged_floors":[41],"is_endless":false,"potions_floor_spawned":[1,3,4,10,16,18,21,25,29,35,37,42,48,54],"ascension_level":1}