{"path_per_floor":["M","?","?","M","M","R","$","E","T","?","M","$","R","M","R","B",null,"M","?","M","?","M","?","R","M","T","$","R","M"],"character_chosen":"DEFECT","items_purchased":["Defragment","Hologram+1","Capacitor"],"gold_per_floor":[109,109,59,71,89,89,52,81,81,81,95,13,13,30,30,130,130,149,149,161,161,178,93,93,108,132,57,57,67,67],"floor_reached":30,"campfire_rested":2,"playtime":1382,"item_purchase_floors":[7,12,12],"current_hp_per_floor":[65,65,65,58,54,54,54,44,44,37,30,30,30,12,34,31,64,50,50,36,36,22,22,22,3,3,3,25,19,0],"items_purged":["Defend_B"],"gold":67,"score":288,"play_id":"5f5b0788-3187-45b8-b35b-d4587f51eafb","local_time":"20180610165539","is_prod":false,"is_daily":false,"chose_seed":false,"is_ascension_mode":true,"campfire_upgraded":3,"win_rate":0,"timestamp":1528674939,"campfire_choices":[{"data":"Zap","floor":6,"key":"SMITH"},{"data":"Defragment","floor":13,"key":"SMITH"},{"floor":15,"key":"REST"},{"data":"Defragment","floor":24,"key":"SMITH"},{"floor":28,"key":"REST"}],"path_taken":["M","?","?","M","?","R","$","E","T","?","M","$","R","M","R","BOSS","M","?","M","?","?","?","R","M","T","$","R","M","?"],"build_version":"2018-06-07v3","seed_source_timestamp":0,"purchased_purges":1,"victory":false,"master_deck":["Strike_B+1","Defend_B","Defend_B+1","Zap+1","Dualcast","Creative AI","Capacitor","Storm","Leap+1","Defragment+1","Genetic Algorithm+1","Hologram+1","Capacitor","Fusion+1","Electrodynamics","Redo+1","Glacier+1","Defragment+1","FTL+1"],"max_hp_per_floor":[75,75,75,75,75,75,75,75,75,75,75,75,75,75,75,75,75,75,75,75,75,75,75,75,75,75,75,75,75,75],"relics":["Cracked Core","Emotion Chip","Toxic Egg 2","Orrery","War Paint","Whetstone"],"card_choices":[{"not_picked":["Rebound","Beam Cell"],"picked":"Capacitor","floor":1},{"not_picked":["Cold Snap","Go for the Eyes"],"picked":"Storm","floor":4},{"not_picked":["Barrage","Undo"],"picked":"Leap","floor":5},{"not_picked":["Melter","Cold Snap","Stack"],"picked":"SKIP","floor":8},{"not_picked":["Steam+1","Multi-Cast+1"],"picked":"Genetic Algorithm+1","floor":11},{"not_picked":["Heatsinks","Sunder"],"picked":"Fusion+1","floor":14},{"not_picked":["Rainbow+1","Reboot+1"],"picked":"Electrodynamics","floor":16},{"not_picked":["Force Field+1","Blizzard"],"picked":"Redo+1","floor":17},{"not_picked":["Recycle+1","Streamline"],"picked":"Glacier+1","floor":18},{"not_picked":["Skim+1","Compile Driver+1"],"picked":"Defragment","floor":20},{"not_picked":["Turbo+1","Lockon","Hologram+1"],"picked":"SKIP","floor":22},{"not_picked":["Beam Cell","Coolheaded+1"],"picked":"FTL","floor":25},{"not_picked":["Electrodynamics","Fusion+1","Conserve Battery+1"],"picked":"SKIP","floor":29}],"player_experience":485217,"potions_floor_usage":[8,16,18,25],"damage_taken":[{"damage":10,"enemies":"2 Louse","floor":1,"turns":4},{"damage":7,"enemies":"Jaw Worm","floor":4,"turns":4},{"damage":4,"enemies":"Small Slimes","floor":5,"turns":4},{"damage":10,"enemies":"Gremlin Nob","floor":8,"turns":3},{"damage":7,"enemies":"Blue Slaver","floor":11,"turns":3},{"damage":18,"enemies":"Lots of Slimes","floor":14,"turns":5},{"damage":3,"enemies":"Hexaghost","floor":16,"turns":8},{"damage":14,"enemies":"Chosen","floor":18,"turns":4},{"damage":14,"enemies":"Shell Parasite","floor":20,"turns":5},{"damage":14,"enemies":"Sentry and Sphere","floor":22,"turns":4},{"damage":19,"enemies":"Chosen and Byrds","floor":25,"turns":5},{"damage":6,"enemies":"3 Cultists","floor":29,"turns":3},{"damage":19,"enemies":"Snake Plant","floor":30,"turns":3}],"relics_obtained":[{"floor":8,"key":"Emotion Chip"},{"floor":9,"key":"Toxic Egg 2"},{"floor":26,"key":"Whetstone"}],"event_choices":[{"event_name":"Living Wall","player_choice":"Forget","floor":2,"damage_taken":0},{"event_name":"The Cleric","player_choice":"Card Removal","floor":3,"damage_taken":0},{"event_name":"Golden Wing","player_choice":"Card Removal","floor":10,"damage_taken":0},{"event_name":"Ghosts","player_choice":"Ignored","floor":19,"damage_taken":0},{"event_name":"Vampires","player_choice":"Ignored","floor":21,"damage_taken":0},{"event_name":"Addict","player_choice":"Obtained Relic","floor":23,"damage_taken":0}],"boss_relics":[{"not_picked":["White Beast Statue","Pandora\u0027s Box"],"picked":"Orrery"}],"items_purged_floors":[27],"potions_floor_spawned":[5,8,14,22],"seed_played":"4518375961007355078","killed_by":"Snake Plant","ascension_level":5,"potions_obtained":[{"floor":5,"key":"PowerPotion"},{"floor":8,"key":"FocusPotion"},{"floor":14,"key":"PowerPotion"},{"floor":22,"key":"Fire Potion"}],"is_trial":false}