{"gold_per_floor":[115,115,65,78,52,83,83,101,151,151,168,184,197,224,224,320,320,338,357,357,370,387,419,419,419,419,431,431,443,456,475,475,580,580,592,592,592,609,166,195,210,210,210,210,230,230,230,241,241,241],"floor_reached":50,"playtime":5237,"items_purged":[],"score":560,"play_id":"14b969a8-fc90-4cd0-b799-c7c5ac59cdad","local_time":"20191011201803","is_ascension_mode":false,"campfire_choices":[{"floor":7.0,"key":"REST"},{"floor":10.0,"key":"REST"},{"floor":15.0,"key":"REST"},{"floor":25.0,"key":"REST"},{"floor":32.0,"key":"REST"},{"floor":44,"key":"REST"},{"floor":47,"key":"REST"},{"floor":49,"key":"REST"}],"neow_cost":"NONE","seed_source_timestamp":0,"circlet_count":0,"master_deck":["Bash","Shockwave","Anger","Iron Wave","Power Through","Metallicize","Entrench+1","Thunderclap","Armaments","Feed","Juggernaut","Dark Embrace","Juggernaut+1","Havoc","Shrug It Off","Wild Strike","Hemokinesis","Bludgeon","Entrench+1","Clash+1","Clothesline","Iron Wave+1","Impervious","Rage","Body Slam+1","Bite","Bite","Bite","Bite","Bite","Sword Boomerang","Iron Wave+1","Sentinel","Reaper","Shrug It Off+1","Anger","Seeing Red","Second Wind","Flash of Steel","True Grit+1","Spot Weakness","Parasite","Feed","Carnage+1","Uppercut+1"],"special_seed":0,"relics":["Fusion Hammer","Strawberry","Bag of Marbles","Orichalcum","Pandora\u0027s Box","Anchor","Sundial","Lizard Tail","OrangePellets","Self Forming Clay","The Courier"],"potions_floor_usage":[40,40,50,50],"damage_taken":[{"damage":6.0,"enemies":"Jaw Worm","floor":1.0,"turns":3.0},{"damage":0.0,"enemies":"Small Slimes","floor":4.0,"turns":3.0},{"damage":32.0,"enemies":"3 Sentries","floor":6.0,"turns":8.0},{"damage":1.0,"enemies":"Cultist","floor":8.0,"turns":3.0},{"damage":5.0,"enemies":"Looter","floor":11.0,"turns":2.0},{"damage":8.0,"enemies":"Red Slaver","floor":12.0,"turns":2.0},{"damage":4.0,"enemies":"Large Slime","floor":13.0,"turns":5.0},{"damage":11.0,"enemies":"Gremlin Nob","floor":14.0,"turns":4.0},{"damage":21.0,"enemies":"The Guardian","floor":16.0,"turns":12.0},{"damage":1.0,"enemies":"Spheric Guardian","floor":18.0,"turns":3.0},{"damage":14.0,"enemies":"2 Thieves","floor":19.0,"turns":3.0},{"damage":10.0,"enemies":"Cultist and Chosen","floor":21.0,"turns":6.0},{"damage":6.0,"enemies":"Centurion and Healer","floor":22.0,"turns":4.0},{"damage":26.0,"enemies":"Slavers","floor":23.0,"turns":5.0},{"damage":3.0,"enemies":"3 Cultists","floor":27.0,"turns":5.0},{"damage":12.0,"enemies":"Cultist and Chosen","floor":29.0,"turns":5.0},{"damage":9.0,"enemies":"Snecko","floor":30.0,"turns":4.0},{"damage":21.0,"enemies":"3 Cultists","floor":31.0,"turns":7.0},{"damage":35.0,"enemies":"Automaton","floor":33.0,"turns":9.0},{"damage":6,"enemies":"3 Darklings","floor":35,"turns":7},{"damage":29,"enemies":"3 Shapes","floor":38,"turns":5},{"damage":87,"enemies":"Reptomancer","floor":40,"turns":7},{"damage":8,"enemies":"3 Darklings","floor":41,"turns":8},{"damage":21,"enemies":"Writhing Mass","floor":42,"turns":8},{"damage":26,"enemies":"Sphere and 2 Shapes","floor":45,"turns":7},{"damage":16,"enemies":"Jaw Worm Horde","floor":48,"turns":6},{"damage":81,"enemies":"Time Eater","floor":50,"turns":9}],"seed_played":"8286851846429700750","potions_obtained":[{"floor":1.0,"key":"Dexterity Potion"},{"floor":11.0,"key":"SteroidPotion"},{"floor":13.0,"key":"Explosive Potion"},{"floor":22.0,"key":"Dexterity Potion"},{"floor":23.0,"key":"SneckoOil"},{"floor":27.0,"key":"PowerPotion"},{"floor":31.0,"key":"Block Potion"},{"floor":35,"key":"BloodPotion"},{"floor":38,"key":"Poison Potion"},{"floor":45,"key":"Weak Potion"},{"floor":48,"key":"SteroidPotion"}],"is_trial":false,"path_per_floor":["M","?","?","M","$","E","R","M","T","R","M","M","M","E","R","B",null,"M","M","?","M","M","E","?","R","T","M","?","M","M","M","R","B",null,"M","?","?","M","$","E","M","M","T","R","M","?","R","M","R","B"],"character_chosen":"IRONCLAD","items_purchased":["Anger","Seeing Red","Second Wind","Flash of Steel","OrangePellets"],"campfire_rested":8,"item_purchase_floors":[5,39,39,39,39],"current_hp_per_floor":[74,58,58,58,58,33,59,58,58,84,79,71,67,56,82,61,87,86,75,75,68,65,39,39,67,67,64,64,56,51,43,64,33,70,68,68,68,53,53,29,29,18,18,39,18,18,39,32,54,0],"gold":241,"neow_bonus":"BOSS_RELIC","is_prod":false,"is_daily":false,"chose_seed":false,"campfire_upgraded":0,"win_rate":0,"timestamp":1570843083,"path_taken":["M","?","?","M","?","E","R","M","T","R","?","M","M","E","R","BOSS","M","M","?","M","?","E","?","R","T","M","?","M","M","M","R","BOSS","M","?","?","M","$","E","?","M","T","R","M","?","R","M","R","BOSS"],"build_version":"2019-07-17","purchased_purges":0,"victory":false,"max_hp_per_floor":[80,80,80,80,80,87,87,87,87,87,87,87,87,87,87,87,87,87,90,90,93,96,96,96,96,96,96,67,67,67,70,70,70,70,70,70,70,70,70,70,70,70,70,70,73,73,73,76,76,76],"card_choices":[{"not_picked":["Bloodletting","Heavy Blade"],"picked":"Shockwave","floor":1.0},{"not_picked":["Wild Strike","Limit Break"],"picked":"Anger","floor":4.0},{"not_picked":["Sentinel","Sword Boomerang"],"picked":"Iron Wave","floor":6.0},{"not_picked":["Flex","Headbutt"],"picked":"Power Through","floor":8.0},{"not_picked":["Carnage","Clash"],"picked":"Metallicize","floor":11.0},{"not_picked":["Wild Strike","Hemokinesis"],"picked":"Entrench","floor":12.0},{"not_picked":["Havoc","Rampage"],"picked":"Thunderclap","floor":13.0},{"not_picked":["Dual Wield","Berserk"],"picked":"Armaments","floor":14.0},{"not_picked":["Offering","Brutality"],"picked":"Feed","floor":16.0},{"not_picked":["Fire Breathing","Clothesline+1"],"picked":"Entrench+1","floor":18.0},{"not_picked":["Flex","Sever Soul+1"],"picked":"Clash+1","floor":19.0},{"not_picked":["Flex+1","Whirlwind+1"],"picked":"Clothesline","floor":21.0},{"not_picked":["Corruption+1","True Grit"],"picked":"Iron Wave+1","floor":22.0},{"not_picked":["Inflame+1","Blood for Blood"],"picked":"Impervious","floor":23.0},{"not_picked":["Sever Soul+1","Clash"],"picked":"Body Slam+1","floor":27.0},{"not_picked":["Disarm","Heavy Blade"],"picked":"Sword Boomerang","floor":29.0},{"not_picked":["Body Slam","Whirlwind"],"picked":"Iron Wave+1","floor":30.0},{"not_picked":["Evolve+1","Flex+1"],"picked":"Sentinel","floor":31.0},{"not_picked":["Feed","Juggernaut"],"picked":"Reaper","floor":33.0},{"not_picked":["Feel No Pain+1","Clothesline+1"],"picked":"Shrug It Off+1","floor":35},{"not_picked":["Cleave+1","Hemokinesis"],"picked":"Anger","floor":38},{"not_picked":["Wild Strike","Flex+1"],"picked":"True Grit+1","floor":40},{"not_picked":["Ghostly Armor","True Grit"],"picked":"Spot Weakness","floor":41},{"not_picked":["Clothesline","Flex"],"picked":"Feed","floor":42},{"not_picked":["Second Wind","Rupture"],"picked":"Carnage+1","floor":45},{"not_picked":["Bloodletting","Pommel Strike"],"picked":"Uppercut+1","floor":48}],"player_experience":110670,"relics_obtained":[{"floor":6.0,"key":"Strawberry"},{"floor":9.0,"key":"Bag of Marbles"},{"floor":14.0,"key":"Orichalcum"},{"floor":23.0,"key":"Anchor"},{"floor":26.0,"key":"Sundial"},{"floor":40,"key":"Self Forming Clay"},{"floor":43,"key":"The Courier"}],"event_choices":[{"damage_healed":0.0,"max_hp_gain":0.0,"max_hp_loss":0.0,"gold_gain":0.0,"event_name":"Shining Light","player_choice":"Entered Light","floor":2.0,"gold_loss":0.0,"damage_taken":16.0,"cards_upgraded":["Defend_R","Strike_R"]},{"cards_removed":["Strike_R"],"damage_healed":0.0,"max_hp_gain":0.0,"max_hp_loss":0.0,"gold_gain":0.0,"event_name":"The Cleric","player_choice":"Card Removal","floor":3.0,"gold_loss":50.0,"damage_taken":0.0},{"damage_healed":0.0,"max_hp_gain":0.0,"max_hp_loss":0.0,"gold_gain":0.0,"event_name":"Upgrade Shrine","player_choice":"Upgraded","floor":20.0,"gold_loss":0.0,"damage_taken":0.0,"cards_upgraded":["Juggernaut"]},{"damage_healed":0.0,"max_hp_gain":0.0,"max_hp_loss":0.0,"gold_gain":0.0,"event_name":"The Library","player_choice":"Read","floor":24.0,"gold_loss":0.0,"damage_taken":0.0,"cards_obtained":["Rage"]},{"damage_healed":0.0,"max_hp_gain":0.0,"max_hp_loss":29.0,"gold_gain":0.0,"event_name":"Vampires","player_choice":"Became a vampire","floor":28.0,"gold_loss":0.0,"damage_taken":0.0,"cards_obtained":["Bite","Bite","Bite","Bite","Bite"]},{"damage_healed":0,"gold_gain":0,"player_choice":"Ignored","damage_taken":0,"max_hp_gain":0,"max_hp_loss":0,"event_name":"Tomb of Lord Red Mask","floor":36,"gold_loss":0},{"damage_healed":0,"gold_gain":0,"player_choice":"Forge","damage_taken":0,"max_hp_gain":0,"max_hp_loss":0,"event_name":"Accursed Blacksmith","floor":37,"gold_loss":0,"cards_upgraded":["Entrench"]},{"cards_removed":["Anger"],"damage_healed":0,"gold_gain":0,"player_choice":"Removed Attack","damage_taken":0,"max_hp_gain":0,"max_hp_loss":0,"event_name":"Falling","floor":46,"gold_loss":0}],"is_beta":false,"boss_relics":[{"not_picked":["Runic Dome","Philosopher\u0027s Stone"],"picked":"Pandora\u0027s Box"},{"not_picked":["Coffee Dripper","Black Star"],"picked":"Lizard Tail"}],"items_purged_floors":[],"is_endless":false,"potions_floor_spawned":[1,11,13,14,22,23,27,31,35,38,45,48],"killed_by":"Time Eater","ascension_level":0}