{"path_per_floor":["M","M","M","M","M","R","M","$","T","M","M","M","R","M","R"],"character_chosen":"IRONCLAD","items_purchased":["Swift Strike"],"gold_per_floor":[118,133,153,168,185,185,204,25,95,113,127,146,146,161,161,161],"floor_reached":16,"campfire_rested":1,"playtime":2290,"current_hp_per_floor":[80,80,84,80,58,58,64,64,64,56,58,55,82,80,80,0],"items_purged":["Defend_R"],"gold":161,"score":100,"play_id":"a0038491-bb46-4f73-8b1c-81c9747f0c72","local_time":"20180326232212","is_prod":false,"is_daily":false,"is_ascension_mode":false,"campfire_upgraded":2,"timestamp":1522131732,"path_taken":["M","M","M","M","M","R","M","$","T","M","M","M","R","M","R","BOSS"],"build_version":"2018-03-22v2","purchased_purges":1,"victory":false,"master_deck":["Strike_R","Strike_R","Strike_R","Strike_R","Strike_R","Defend_R","Defend_R","Defend_R","Bash","Limit Break","Armaments","Feed","Whirlwind+1","Dropkick","Heavy Blade","Limit Break","Swift Strike","Thunderclap","Headbutt","Flex+1"],"max_hp_per_floor":[80,80,84,84,87,87,87,87,87,90,93,93,93,93,93,93],"relics":["Burning Blood","Bottled Lightning"],"card_choices":[{"not_picked":["True Grit","Shrug It Off"],"picked":"Armaments","floor":1},{"not_picked":["Shrug It Off","Battle Trance"],"picked":"Feed","floor":2},{"not_picked":["Second Wind","Dual Wield"],"picked":"Whirlwind","floor":3},{"not_picked":["Iron Wave","Disarm"],"picked":"Dropkick","floor":4},{"not_picked":["Dual Wield","Armaments"],"picked":"Heavy Blade","floor":5},{"not_picked":["Intimidate","Shrug It Off"],"picked":"Limit Break","floor":7},{"not_picked":["Iron Wave","Searing Blow"],"picked":"Thunderclap","floor":10},{"not_picked":["Body Slam","Armaments"],"picked":"Headbutt","floor":11},{"not_picked":["Flame Barrier","Armaments"],"picked":"Flex","floor":14}],"player_experience":43693,"potions_floor_usage":[],"damage_taken":[{"damage":3,"enemies":"Small Slimes","floor":1,"turns":3},{"damage":0,"enemies":"2 Louse","floor":2,"turns":4},{"damage":0,"enemies":"Cultist","floor":3,"turns":3},{"damage":10,"enemies":"Looter","floor":4,"turns":4},{"damage":31,"enemies":"Large Slime","floor":5,"turns":6},{"damage":0,"enemies":"2 Fungi Beasts","floor":7,"turns":1},{"damage":17,"enemies":"Exordium Thugs","floor":10,"turns":5},{"damage":7,"enemies":"3 Louse","floor":11,"turns":2},{"damage":9,"enemies":"Blue Slaver","floor":12,"turns":3},{"damage":8,"enemies":"Lots of Slimes","floor":14,"turns":3},{"damage":81,"enemies":"The Guardian","floor":16,"turns":9}],"event_choices":[],"boss_relics":[],"potions_floor_spawned":[2,3,4,10,11,12,14],"seed_played":"5697421791950559186","killed_by":"The Guardian","ascension_level":0,"is_trial":false}