{"gold_per_floor":[114,124,140,157,157,186,186,186,186,238,238,273,273,287,287,383,383,399,203,214,232,232,258,258,276,302,302,314,314,326,343,343,441,441,453,468,66,77,77,109,109,156,201,218,16,28,28,46,46,46],"floor_reached":51,"playtime":3042,"items_purged":["Strike_R","Strike_R"],"score":949,"play_id":"676d053a-2bc5-49ff-b6c4-9fc935fd51f5","local_time":"20180912145107","is_ascension_mode":true,"campfire_choices":[{"floor":8,"key":"REST"},{"data":"Bash","floor":11,"key":"SMITH"},{"floor":13,"key":"REST"},{"data":"Armaments","floor":15,"key":"SMITH"},{"data":"Intimidate","floor":24,"key":"SMITH"},{"data":"Flame Barrier","floor":27,"key":"SMITH"},{"data":"Disarm","floor":29,"key":"SMITH"},{"data":"Fiend Fire","floor":32,"key":"SMITH"},{"floor":41,"key":"REST"},{"floor":49,"key":"REST"}],"neow_cost":"NONE","seed_source_timestamp":529060939979658,"circlet_count":0,"master_deck":["Strike_R","Strike_R","Defend_R","Defend_R","Defend_R","Defend_R","Bash+1","Headbutt","Seeing Red","Wild Strike","Disarm+1","Intimidate+1","Shrug It Off","Armaments+1","Flame Barrier+1","Fiend Fire+1","Dropkick+1","Corruption","Heavy Blade","Cleave","Inflame","Pommel Strike+1","Heavy Blade+1","Pommel Strike+1","Carnage","Exhume","Uppercut","Heavy Blade+1","Limit Break","Feel No Pain","Ghostly Armor+1","Cleave+1","Sentinel"],"relics":["Burning Blood","Bottled Flame","Shuriken","FossilizedHelix","Mercury Hourglass","Snecko Eye","Dead Branch","Dream Catcher","Fusion Hammer","Bag of Preparation","Champion Belt","Nunchaku","Bag of Marbles","HandDrill"],"potions_floor_usage":[6,12,21,28,31,40,50,50],"damage_taken":[{"damage":1,"enemies":"Cultist","floor":1,"turns":3},{"damage":5,"enemies":"2 Louse","floor":2,"turns":2},{"damage":12,"enemies":"Jaw Worm","floor":3,"turns":2},{"damage":11,"enemies":"Looter","floor":4,"turns":5},{"damage":31,"enemies":"3 Sentries","floor":6,"turns":8},{"damage":26,"enemies":"Lagavulin","floor":12,"turns":8},{"damage":0,"enemies":"Blue Slaver","floor":14,"turns":4},{"damage":45,"enemies":"Hexaghost","floor":16,"turns":12},{"damage":15,"enemies":"Spheric Guardian","floor":18,"turns":6},{"damage":2,"enemies":"Shell Parasite","floor":20,"turns":5},{"damage":0,"enemies":"Shelled Parasite and Fungi","floor":21,"turns":3},{"damage":10,"enemies":"Book of Stabbing","floor":23,"turns":5},{"damage":0,"enemies":"Cultist and Chosen","floor":25,"turns":5},{"damage":7,"enemies":"Centurion and Healer","floor":28,"turns":4},{"damage":0,"enemies":"Snecko","floor":30,"turns":2},{"damage":3,"enemies":"Snake Plant","floor":31,"turns":3},{"damage":7,"enemies":"Champ","floor":33,"turns":6},{"damage":9,"enemies":"3 Shapes","floor":35,"turns":6},{"damage":0,"enemies":"Orb Walker","floor":36,"turns":2},{"damage":0,"enemies":"Spire Growth","floor":38,"turns":2},{"damage":0,"enemies":"Giant Head","floor":40,"turns":6},{"damage":0,"enemies":"Mysterious Sphere","floor":42,"turns":3},{"damage":0,"enemies":"Sphere and 2 Shapes","floor":44,"turns":3},{"damage":0,"enemies":"3 Darklings","floor":46,"turns":2},{"damage":0,"enemies":"Reptomancer","floor":48,"turns":2},{"damage":18,"enemies":"Donu and Deca","floor":50,"turns":4}],"seed_played":"-5627772848308909328","potions_obtained":[{"floor":1,"key":"LiquidBronze"},{"floor":6,"key":"LiquidBronze"},{"floor":14,"key":"Explosive Potion"},{"floor":16,"key":"SkillPotion"},{"floor":18,"key":"SpeedPotion"},{"floor":20,"key":"Strength Potion"},{"floor":21,"key":"Poison Potion"},{"floor":30,"key":"Weak Potion"},{"floor":33,"key":"PowerPotion"},{"floor":40,"key":"GamblersBrew"}],"is_trial":false,"path_per_floor":["M","M","M","M","T","E","?","R","T","?","R","E","R","M","R","B",null,"M","$","M","M","?","E","R","M","T","R","M","R","M","M","R","B",null,"M","M","$","M","?","E","R","?","T","M","$","M","$","M","R","B"],"character_chosen":"IRONCLAD","items_purchased":["Corruption","Heavy Blade","Bag of Preparation","Limit Break","HandDrill"],"campfire_rested":4,"item_purchase_floors":[19,19,37,37,45],"current_hp_per_floor":[77,78,72,67,67,42,42,66,66,66,66,46,70,76,76,37,69,60,60,64,70,70,66,66,72,72,72,71,71,77,80,80,79,80,77,80,80,80,76,76,76,76,76,76,76,76,76,76,76,64],"gold":46,"neow_bonus":"THREE_CARDS","is_prod":false,"is_daily":false,"chose_seed":false,"campfire_upgraded":6,"win_rate":0,"timestamp":1536789067,"path_taken":["M","M","M","M","?","E","?","R","T","?","R","E","R","M","R","BOSS","M","$","M","M","?","E","R","M","T","R","M","R","M","?","R","BOSS","M","?","$","M","?","E","R","?","T","M","$","?","$","M","R","BOSS"],"build_version":"2018-09-06","purchased_purges":2,"victory":true,"max_hp_per_floor":[80,80,80,80,80,80,80,80,80,80,80,80,80,80,80,80,80,80,80,80,80,80,80,80,80,80,80,80,80,80,80,80,80,80,80,80,80,80,76,76,76,76,76,76,76,76,76,76,76,76],"card_choices":[{"not_picked":["Hemokinesis","Second Wind"],"picked":"Headbutt","floor":0},{"not_picked":["Disarm","True Grit"],"picked":"Seeing Red","floor":1},{"not_picked":["Second Wind","Havoc"],"picked":"Wild Strike","floor":2},{"not_picked":["Thunderclap","Infernal Blade"],"picked":"Disarm","floor":3},{"not_picked":["Perfected Strike","Thunderclap"],"picked":"Intimidate","floor":4},{"not_picked":["Blood for Blood","Flame Barrier"],"picked":"Shrug It Off","floor":6},{"not_picked":["Juggernaut","Bloodletting"],"picked":"Armaments","floor":12},{"not_picked":["Sword Boomerang","Warcry"],"picked":"Flame Barrier","floor":14},{"not_picked":["Juggernaut","Limit Break"],"picked":"Fiend Fire","floor":16},{"not_picked":["Seeing Red+1","Twin Strike"],"picked":"Dropkick+1","floor":18},{"not_picked":["Twin Strike+1","Seeing Red"],"picked":"Cleave","floor":20},{"not_picked":["Bloodletting","Rage"],"picked":"Inflame","floor":21},{"not_picked":["Havoc+1","Inflame+1"],"picked":"Pommel Strike+1","floor":23},{"not_picked":["Rupture","Bloodletting","Flex"],"picked":"SKIP","floor":25},{"not_picked":["Second Wind","Perfected Strike"],"picked":"Heavy Blade+1","floor":28},{"not_picked":["Warcry","Battle Trance"],"picked":"Pommel Strike+1","floor":30},{"not_picked":["Infernal Blade","Fire Breathing"],"picked":"Carnage","floor":31},{"not_picked":["Limit Break","Juggernaut"],"picked":"Exhume","floor":33},{"not_picked":["Iron Wave+1","Second Wind"],"picked":"Uppercut","floor":35},{"not_picked":["Warcry+1","Clash"],"picked":"Heavy Blade+1","floor":36},{"not_picked":["Clash","Clothesline+1"],"picked":"Feel No Pain","floor":38},{"not_picked":["Corruption","Cleave"],"picked":"Ghostly Armor+1","floor":40},{"not_picked":["Intimidate","Perfected Strike+1"],"picked":"Cleave+1","floor":42},{"not_picked":["Brutality","Shrug It Off","Pommel Strike"],"picked":"SKIP","floor":44},{"not_picked":["Fire Breathing+1","Corruption+1","Anger"],"picked":"SKIP","floor":46},{"not_picked":["Twin Strike","Dual Wield"],"picked":"Sentinel","floor":48}],"player_experience":367946,"relics_obtained":[{"floor":5,"key":"Bottled Flame"},{"floor":6,"key":"Shuriken"},{"floor":9,"key":"FossilizedHelix"},{"floor":12,"key":"Mercury Hourglass"},{"floor":23,"key":"Dead Branch"},{"floor":26,"key":"Dream Catcher"},{"floor":40,"key":"Champion Belt"},{"floor":42,"key":"Nunchaku"},{"floor":43,"key":"Bag of Marbles"}],"event_choices":[{"event_name":"Bonfire Elementals","player_choice":"BASIC","floor":7,"damage_taken":0},{"event_name":"Golden Wing","player_choice":"Gained Gold","floor":10,"damage_taken":0},{"event_name":"The Woman in Blue","player_choice":"Bought 0 Potions","floor":22,"damage_taken":0},{"event_name":"Winding Halls","player_choice":"Max HP","floor":39,"damage_taken":0},{"event_name":"Mysterious Sphere","player_choice":"Fight","floor":42,"damage_taken":0}],"is_beta":false,"boss_relics":[{"not_picked":["Astrolabe","Black Star"],"picked":"Snecko Eye"},{"not_picked":["Pandora\u0027s Box","Philosopher\u0027s Stone"],"picked":"Fusion Hammer"}],"items_purged_floors":[19,37],"is_endless":false,"potions_floor_spawned":[1,6,14,16,18,20,21,25,30,33,35,38,40],"ascension_level":6}