{"gold_per_floor":[112,125,51,69,69,69,85,47,47,59,83,124,154,166,178,288,300,324,336,362,387,411,452,464,476,488,246,246,108,138,153,153,257,257,269,289,164,164,264,299,299,313,368,382,52,70,86,86,86,86],"floor_reached":50,"playtime":3951,"items_purged":["Strike_R","Strike_R","Defend_R","Strike_R"],"score":514,"play_id":"f4ad44b7-65c1-4d4f-ad4e-bd6504393c77","local_time":"20191015201952","is_ascension_mode":false,"campfire_choices":[{"data":"Armaments","floor":6.0,"key":"SMITH"},{"data":"Bash","floor":10.0,"key":"SMITH"},{"floor":15.0,"key":"REST"},{"floor":24,"key":"REST"},{"floor":28,"key":"REST"},{"data":"Seeing Red","floor":32,"key":"SMITH"},{"floor":41,"key":"REST"},{"floor":49,"key":"REST"}],"neow_cost":"NONE","seed_source_timestamp":0,"circlet_count":0,"master_deck":["Strike_R","Strike_R","Defend_R+1","Defend_R","Defend_R+1","Bash+1","Clothesline","Armaments+1","Anger","Shrug It Off","Clothesline","Ghostly Armor","Pommel Strike+1","Reaper+1","Spot Weakness+1","Shrug It Off+1","Uppercut+1","Whirlwind+1","Cleave+1","Seeing Red+1","Barricade","Flame Barrier","Parasite","Limit Break"],"special_seed":0,"relics":["Black Blood","MawBank","Molten Egg 2","Mercury Hourglass","War Paint","Self Forming Clay","Juzu Bracelet","Mummified Hand","Lizard Tail","Du-Vu Doll","Smiling Mask","Bronze Scales","Chemical X"],"potions_floor_usage":[23,33,42,42,50],"damage_taken":[{"damage":0.0,"enemies":"Small Slimes","floor":1.0,"turns":3.0},{"damage":6.0,"enemies":"Jaw Worm","floor":2.0,"turns":4.0},{"damage":0.0,"enemies":"Cultist","floor":4.0,"turns":3.0},{"damage":0.0,"enemies":"Blue Slaver","floor":7.0,"turns":4.0},{"damage":27.0,"enemies":"Exordium Thugs","floor":11.0,"turns":6.0},{"damage":35.0,"enemies":"Gremlin Nob","floor":12.0,"turns":5.0},{"damage":0.0,"enemies":"Large Slime","floor":13.0,"turns":7.0},{"damage":53.0,"enemies":"Slime Boss","floor":16.0,"turns":15.0},{"damage":0.0,"enemies":"Chosen","floor":18.0,"turns":4.0},{"damage":23.0,"enemies":"Spheric Guardian","floor":20.0,"turns":5.0},{"damage":28.0,"enemies":"Cultist and Chosen","floor":21.0,"turns":6.0},{"damage":30.0,"enemies":"Snake Plant","floor":22.0,"turns":5.0},{"damage":43,"enemies":"Gremlin Leader","floor":23,"turns":9},{"damage":25,"enemies":"Slavers","floor":30,"turns":3},{"damage":6,"enemies":"3 Cultists","floor":31,"turns":3},{"damage":77,"enemies":"Automaton","floor":33,"turns":10},{"damage":33,"enemies":"Orb Walker","floor":35,"turns":6},{"damage":17,"enemies":"3 Shapes","floor":36,"turns":3},{"damage":0,"enemies":"Mind Bloom Boss Battle","floor":39,"turns":5},{"damage":45,"enemies":"Nemesis","floor":40,"turns":9},{"damage":14,"enemies":"Transient","floor":42,"turns":5},{"damage":57,"enemies":"Spire Growth","floor":44,"turns":7},{"damage":28,"enemies":"4 Shapes","floor":46,"turns":3},{"damage":11,"enemies":"Writhing Mass","floor":47,"turns":5},{"damage":100,"enemies":"Time Eater","floor":50,"turns":12}],"seed_played":"3170286829400825741","potions_obtained":[{"floor":2.0,"key":"GamblersBrew"},{"floor":7.0,"key":"Energy Potion"},{"floor":16.0,"key":"Fire Potion"},{"floor":20.0,"key":"Dexterity Potion"},{"floor":30,"key":"Swift Potion"},{"floor":31,"key":"Fire Potion"},{"floor":39,"key":"SteroidPotion"},{"floor":40,"key":"Explosive Potion"},{"floor":44,"key":"Energy Potion"},{"floor":47,"key":"SmokeBomb"}],"is_trial":false,"path_per_floor":["M","M","$","M","?","R","M","$","T","R","M","E","M","T","R","B",null,"M","?","M","M","M","E","R","?","T","$","R","$","E","M","R","B",null,"M","M","$","?","?","E","R","M","T","M","$","M","M","?","R","B"],"character_chosen":"IRONCLAD","items_purchased":["Anger","Shrug It Off","Ghostly Armor","Cleave+1","Juzu Bracelet","Seeing Red","Chemical X","Flame Barrier"],"campfire_rested":5,"item_purchase_floors":[3,3,8,27,27,29,45,45],"current_hp_per_floor":[88,88,88,88,81,81,87,87,87,87,66,37,43,43,69,22,88,88,88,75,72,57,30,56,56,56,56,82,82,67,71,71,19,88,65,58,58,58,68,33,59,55,55,24,24,54,53,53,79,0],"gold":86,"neow_bonus":"TEN_PERCENT_HP_BONUS","is_prod":false,"is_daily":false,"chose_seed":false,"campfire_upgraded":3,"win_rate":0.0,"timestamp":1571195992,"path_taken":["M","M","$","M","?","R","M","$","T","R","M","E","M","?","R","BOSS","M","?","M","M","?","E","R","?","T","$","R","?","E","M","R","BOSS","M","M","$","?","?","E","R","M","T","M","$","M","M","?","R","BOSS"],"build_version":"2019-07-17","purchased_purges":4,"victory":false,"max_hp_per_floor":[88,88,88,88,88,88,88,88,88,88,88,88,88,88,88,88,88,88,88,88,88,88,88,88,88,88,88,88,88,88,88,88,88,88,88,88,88,88,88,88,88,88,88,88,88,88,88,88,88,88],"card_choices":[{"not_picked":["Perfected Strike","Blood for Blood"],"picked":"Clothesline","floor":1.0},{"not_picked":["Sword Boomerang","Second Wind"],"picked":"Armaments","floor":2.0},{"not_picked":["Shrug It Off","Burning Pact"],"picked":"Clothesline","floor":4.0},{"not_picked":["Disarm","Flex"],"picked":"True Grit","floor":7.0},{"not_picked":["Anger","Body Slam","Heavy Blade"],"picked":"SKIP","floor":11.0},{"not_picked":["Sword Boomerang","Shrug It Off","Thunderclap"],"picked":"SKIP","floor":12.0},{"not_picked":["Flex","Twin Strike+1"],"picked":"Pommel Strike+1","floor":13.0},{"not_picked":["Juggernaut","Berserk"],"picked":"Reaper+1","floor":16.0},{"not_picked":["Iron Wave+1","Ghostly Armor"],"picked":"Spot Weakness+1","floor":18.0},{"not_picked":["Clash+1","Headbutt+1","Iron Wave+1"],"picked":"SKIP","floor":20.0},{"not_picked":["Carnage+1","Intimidate"],"picked":"Shrug It Off+1","floor":21.0},{"not_picked":["Searing Blow+1","Thunderclap+1"],"picked":"Uppercut+1","floor":22.0},{"not_picked":["Iron Wave+1","Metallicize+1"],"picked":"Whirlwind+1","floor":23},{"not_picked":["Cleave+1","True Grit+1","Feed+1"],"picked":"SKIP","floor":30},{"not_picked":["Clothesline+1","Pummel+1"],"picked":"Inflame","floor":31},{"not_picked":["Double Tap","Feed+1"],"picked":"Barricade","floor":33},{"not_picked":["Power Through+1","Shrug It Off","Twin Strike+1"],"picked":"SKIP","floor":35},{"not_picked":["Iron Wave+1","Anger+1","Perfected Strike+1"],"picked":"SKIP","floor":36},{"not_picked":["Clash+1","Burning Pact","Fire Breathing+1"],"picked":"SKIP","floor":40},{"not_picked":["Flex+1","Headbutt+1","Rupture"],"picked":"SKIP","floor":42},{"not_picked":["Juggernaut","Warcry+1","Headbutt+1"],"picked":"SKIP","floor":44},{"not_picked":["Cleave+1","Warcry","Flex+1"],"picked":"SKIP","floor":46},{"not_picked":["Hemokinesis+1","Clash+1"],"picked":"Limit Break","floor":47}],"player_experience":66799,"relics_obtained":[{"floor":9.0,"key":"MawBank"},{"floor":12.0,"key":"Molten Egg 2"},{"floor":14.0,"key":"Mercury Hourglass"},{"floor":23,"key":"War Paint"},{"floor":26,"key":"Self Forming Clay"},{"floor":30,"key":"Mummified Hand"},{"floor":39,"key":"Du-Vu Doll"},{"floor":40,"key":"Smiling Mask"},{"floor":43,"key":"Bronze Scales"}],"event_choices":[{"damage_healed":0.0,"max_hp_gain":0.0,"max_hp_loss":0.0,"gold_gain":0.0,"event_name":"Scrap Ooze","player_choice":"Fled","floor":5.0,"gold_loss":0.0,"damage_taken":7.0},{"cards_removed":["True Grit"],"damage_healed":5.0,"max_hp_gain":0.0,"max_hp_loss":0.0,"gold_gain":0.0,"event_name":"Bonfire Elementals","player_choice":"Offered Common","floor":19.0,"gold_loss":0.0,"damage_taken":0.0},{"cards_removed":["True Grit"],"damage_healed":5.0,"max_hp_gain":0.0,"max_hp_loss":0.0,"gold_gain":0.0,"event_name":"Bonfire Elementals","player_choice":"Offered Special","floor":19.0,"gold_loss":0.0,"damage_taken":0.0},{"damage_healed":0,"gold_gain":0,"player_choice":"Ignored","damage_taken":0,"max_hp_gain":0,"max_hp_loss":0,"event_name":"NoteForYourself","floor":25,"gold_loss":0},{"damage_healed":0,"gold_gain":0,"player_choice":"Ignored","damage_taken":0,"max_hp_gain":0,"max_hp_loss":0,"event_name":"Mysterious Sphere","floor":38,"gold_loss":0},{"damage_healed":0,"gold_gain":0,"player_choice":"Fight","damage_taken":0,"max_hp_gain":0,"max_hp_loss":0,"event_name":"MindBloom","floor":39,"gold_loss":0},{"cards_removed":["Inflame"],"damage_healed":0,"gold_gain":0,"player_choice":"Removed Power","damage_taken":0,"max_hp_gain":0,"max_hp_loss":0,"event_name":"Falling","floor":48,"gold_loss":0}],"is_beta":false,"boss_relics":[{"not_picked":["White Beast Statue","Calling Bell"],"picked":"Black Blood"},{"not_picked":["Fusion Hammer","Coffee Dripper"],"picked":"Lizard Tail"}],"items_purged_floors":[27,29,37,45],"is_endless":false,"potions_floor_spawned":[2,7,16,20,22,30,31,39,40,44,47],"killed_by":"Time Eater","ascension_level":0}