{"gold_per_floor":[113,130,147,79,93,119,158,200,212,224,255,296,325,364,376,388],"floor_reached":16,"playtime":1154,"items_purged":[],"score":139,"play_id":"ae93aad0-e0b0-4e03-aa98-3b6a51caa0ff","local_time":"20190829144658","is_ascension_mode":true,"campfire_choices":[{"floor":10,"key":"REST"},{"floor":15,"key":"REST"}],"neow_cost":"NONE","seed_source_timestamp":10957730200600,"circlet_count":0,"master_deck":["Strike_G","Strike_G","Strike_G","Strike_G","Strike_G","Defend_G+1","Defend_G","Defend_G","Defend_G","Defend_G","Survivor","Neutralize","Unload","Catalyst+1","Underhanded Strike","Quick Slash","Dash","Dagger Spray","Flying Knee","Footwork","Backflip","Prepared","Backflip"],"relics":["Ring of the Snake","MawBank","Art of War","War Paint","Frozen Egg 2","Blue Candle"],"potions_floor_usage":[5,6,14,14,16],"damage_taken":[{"damage":1,"enemies":"Cultist","floor":1,"turns":3},{"damage":1,"enemies":"Jaw Worm","floor":2,"turns":3},{"damage":0,"enemies":"2 Louse","floor":3,"turns":2},{"damage":9,"enemies":"Large Slime","floor":5,"turns":7},{"damage":4,"enemies":"Gremlin Nob","floor":6,"turns":4},{"damage":29,"enemies":"Lagavulin","floor":8,"turns":9},{"damage":0,"enemies":"Exordium Wildlife","floor":11,"turns":2},{"damage":12,"enemies":"3 Sentries","floor":12,"turns":7},{"damage":4,"enemies":"3 Louse","floor":13,"turns":3},{"damage":20,"enemies":"Lagavulin","floor":14,"turns":6},{"damage":35,"enemies":"The Guardian","floor":16,"turns":12}],"seed_played":"7663355560385715510","potions_obtained":[{"floor":2,"key":"EssenceOfSteel"},{"floor":3,"key":"SkillPotion"},{"floor":12,"key":"SkillPotion"},{"floor":13,"key":"PowerPotion"},{"floor":14,"key":"Block Potion"}],"is_trial":false,"path_per_floor":["M","M","M","$","M","E","T","E","T","R","M","E","M","E","R","B"],"character_chosen":"THE_SILENT","items_purchased":["Dash"],"campfire_rested":2,"item_purchase_floors":[4],"current_hp_per_floor":[69,68,68,68,59,55,55,26,26,47,47,35,31,11,32,0],"gold":388,"neow_bonus":"ONE_RANDOM_RARE_CARD","is_prod":false,"is_daily":false,"chose_seed":false,"campfire_upgraded":0,"win_rate":0,"timestamp":1567115218,"path_taken":["M","?","M","?","M","E","?","E","T","R","M","E","M","E","R","BOSS"],"build_version":"2019-08-26","purchased_purges":0,"victory":false,"max_hp_per_floor":[70,70,70,70,70,70,70,70,70,70,70,70,70,70,70,70],"card_choices":[{"not_picked":["Deadly Poison","Dagger Throw"],"picked":"Catalyst","floor":1},{"not_picked":["Prepared","Bane"],"picked":"Underhanded Strike","floor":2},{"not_picked":["Outmaneuver","Sucker Punch"],"picked":"Quick Slash","floor":3},{"not_picked":["PiercingWail","Underhanded Strike"],"picked":"Dagger Spray","floor":5},{"not_picked":["Prepared","Dodge and Roll"],"picked":"Flying Knee","floor":6},{"not_picked":["Eviscerate","Quick Slash","Dodge and Roll"],"picked":"SKIP","floor":8},{"not_picked":["Slice","Reflex"],"picked":"Footwork","floor":11},{"not_picked":["Venomology","Dash"],"picked":"Backflip","floor":12},{"not_picked":["PiercingWail","Expertise"],"picked":"Prepared","floor":13},{"not_picked":["Caltrops+1","Expertise"],"picked":"Backflip","floor":14}],"player_experience":1440926,"relics_obtained":[{"floor":6,"key":"MawBank"},{"floor":7,"key":"Art of War"},{"floor":8,"key":"War Paint"},{"floor":12,"key":"Frozen Egg 2"},{"floor":14,"key":"Blue Candle"}],"event_choices":[],"is_beta":true,"boss_relics":[],"items_purged_floors":[],"is_endless":false,"potions_floor_spawned":[2,3,12,13,14],"killed_by":"The Guardian","ascension_level":1}