{"path_per_floor":["M","M","$","M","M","R","E","$","T","M","R","M","R","M","R","B",null,"M","?","?","?","$","R","M","M","T","M"],"character_chosen":"DEFECT","items_purchased":["Loop","Auto Shields","Leap"],"gold_per_floor":[110,130,62,78,98,98,124,49,49,64,64,76,76,94,94,199,199,210,210,210,210,25,25,43,63,63,75,75],"floor_reached":28,"campfire_rested":0,"playtime":1297,"item_purchase_floors":[3,22,22],"current_hp_per_floor":[73,71,71,71,70,70,61,61,61,47,47,41,41,41,41,24,62,42,28,28,28,28,28,15,15,15,11,0],"items_purged":["Strike_B","Strike_B"],"gold":75,"score":278,"play_id":"6a524acb-d4fd-4a47-afcf-073360e1b656","local_time":"20180616173708","is_prod":false,"is_daily":false,"chose_seed":false,"is_ascension_mode":true,"campfire_upgraded":5,"win_rate":0,"timestamp":1529195828,"campfire_choices":[{"data":"Hologram","floor":6,"key":"SMITH"},{"data":"Loop","floor":11,"key":"SMITH"},{"data":"Rainbow","floor":13,"key":"SMITH"},{"data":"Zap","floor":15,"key":"SMITH"},{"data":"Dualcast","floor":23,"key":"SMITH"}],"path_taken":["M","M","$","M","M","R","E","$","T","M","R","M","R","M","R","BOSS","M","?","?","?","$","R","M","M","T","?","M"],"build_version":"2018-06-14v2","seed_source_timestamp":1088870806264,"purchased_purges":2,"victory":false,"master_deck":["Strike_B","Strike_B","Defend_B","Defend_B","Defend_B","Defend_B","Zap+1","Dualcast+1","Capacitor","Hologram+1","Loop+1","Beam Cell","Rainbow+1","Coolheaded","Loop+1","Skim+1","Auto Shields","Leap","Fusion","Capacitor+1"],"max_hp_per_floor":[75,75,75,75,75,75,75,75,75,75,75,75,75,75,75,75,75,75,80,80,80,80,80,80,80,80,80,80],"relics":["Cracked Core","Ancient Tea Set","Shuriken","Frozen Egg 2","Sozu","Thread and Needle"],"card_choices":[{"not_picked":["Stack","Rebound"],"picked":"Capacitor","floor":1},{"not_picked":["Redo","Tempest"],"picked":"Hologram","floor":2},{"not_picked":["Chaos","Leap"],"picked":"Beam Cell","floor":4},{"not_picked":["Hologram","Recycle"],"picked":"Rainbow","floor":5},{"not_picked":["Meteor Strike","Aggregate"],"picked":"Coolheaded","floor":7},{"not_picked":["Chaos","Cold Snap","Turbo"],"picked":"SKIP","floor":10},{"not_picked":["Stack","Rip and Tear","Rebound"],"picked":"SKIP","floor":12},{"not_picked":["Genetic Algorithm","Turbo"],"picked":"Loop+1","floor":14},{"not_picked":["Coolheaded","Hologram"],"picked":"Skim+1","floor":18},{"not_picked":["Steam","Fusion","Sweeping Beam"],"picked":"SKIP","floor":24},{"not_picked":["Steam","Sweeping Beam"],"picked":"Fusion","floor":24},{"not_picked":["Sunder","Streamline","Heatsinks+1"],"picked":"SKIP","floor":25},{"not_picked":["Rebound","Fusion"],"picked":"Capacitor+1","floor":27}],"player_experience":534349,"potions_floor_usage":[7,10,10,24],"damage_taken":[{"damage":2,"enemies":"2 Louse","floor":1,"turns":3},{"damage":2,"enemies":"Jaw Worm","floor":2,"turns":3},{"damage":0,"enemies":"Cultist","floor":4,"turns":3},{"damage":1,"enemies":"Exordium Wildlife","floor":5,"turns":3},{"damage":9,"enemies":"Gremlin Nob","floor":7,"turns":4},{"damage":14,"enemies":"Lots of Slimes","floor":10,"turns":4},{"damage":6,"enemies":"Blue Slaver","floor":12,"turns":4},{"damage":0,"enemies":"2 Fungi Beasts","floor":14,"turns":2},{"damage":17,"enemies":"Hexaghost","floor":16,"turns":8},{"damage":20,"enemies":"Spheric Guardian","floor":18,"turns":4},{"damage":13,"enemies":"2 Thieves","floor":24,"turns":5},{"damage":0,"enemies":"Snecko","floor":25,"turns":5},{"damage":4,"enemies":"Centurion and Healer","floor":27,"turns":6},{"damage":14,"enemies":"Snake Plant","floor":28,"turns":3}],"relics_obtained":[{"floor":7,"key":"Shuriken"},{"floor":9,"key":"Frozen Egg 2"},{"floor":26,"key":"Thread and Needle"}],"event_choices":[{"event_name":"Forgotten Altar","player_choice":"Shed Blood","floor":19,"damage_taken":0},{"event_name":"The Lab","player_choice":"Got Potions","floor":20,"damage_taken":0},{"event_name":"Beggar","player_choice":"Ignored","floor":21,"damage_taken":0}],"boss_relics":[{"not_picked":["Empty Cage","Calling Bell"],"picked":"Sozu"}],"items_purged_floors":[8,22],"is_endless":false,"potions_floor_spawned":[1,5,7,16,18,24,27],"seed_played":"7628909873651874511","killed_by":"Snake Plant","ascension_level":5,"potions_obtained":[{"floor":1,"key":"Energy Potion"},{"floor":5,"key":"Swift Potion"},{"floor":7,"key":"Swift Potion"},{"floor":16,"key":"Block Potion"}],"is_trial":false}