{"gold_per_floor":[111,111,126,141,158,158,70,70,116,116,144,163,163,194,194,269,269,285,41,41,41,60,60,95,106,106,106,156,206,206,224,224,224],"floor_reached":33,"playtime":1481,"items_purged":["Injury"],"score":596,"play_id":"c8bbe5bc-a513-4a6d-b78a-ab7e66cefe22","local_time":"20190308194254","is_ascension_mode":true,"campfire_choices":[{"data":"Whirlwind","floor":6,"key":"SMITH"},{"data":"Shockwave","floor":13,"key":"SMITH"},{"data":"Iron Wave","floor":15,"key":"SMITH"},{"data":"True Grit","floor":23,"key":"SMITH"},{"data":"Shrug It Off","floor":27,"key":"SMITH"},{"data":"Dropkick","floor":30,"key":"SMITH"},{"floor":32,"key":"REST"}],"neow_cost":"TEN_PERCENT_HP_LOSS","seed_source_timestamp":757476325875916,"circlet_count":0,"master_deck":["AscendersBane","Strike_R","Strike_R","Strike_R","Strike_R","Defend_R+1","Defend_R","Defend_R","Defend_R","Bash+1","Dropkick+1","Iron Wave+1","Shockwave+1","Whirlwind+1","Dropkick","Shrug It Off+1","Flex+1","Feed","Burning Pact+1","True Grit+1","Body Slam+1"],"relics":["Burning Blood","Nunchaku","Lantern","Strawberry","War Paint","Calling Bell","Bag of Marbles","Shuriken","Unceasing Top","Nloth\u0027s Gift","Bag of Preparation","Paper Frog"],"potions_floor_usage":[14,16,16,22,24,24,33],"damage_taken":[{"damage":1,"enemies":"Small Slimes","floor":1,"turns":5},{"damage":2,"enemies":"Cultist","floor":3,"turns":4},{"damage":4,"enemies":"2 Louse","floor":4,"turns":4},{"damage":11,"enemies":"Exordium Wildlife","floor":5,"turns":5},{"damage":3,"enemies":"Gremlin Nob","floor":11,"turns":3},{"damage":3,"enemies":"Looter","floor":12,"turns":2},{"damage":18,"enemies":"3 Sentries","floor":14,"turns":6},{"damage":22,"enemies":"Slime Boss","floor":16,"turns":7},{"damage":0,"enemies":"3 Byrds","floor":18,"turns":1},{"damage":33,"enemies":"Spheric Guardian","floor":22,"turns":7},{"damage":0,"enemies":"Gremlin Leader","floor":24,"turns":4},{"damage":22,"enemies":"Snake Plant","floor":25,"turns":4},{"damage":8,"enemies":"Centurion and Healer","floor":31,"turns":5},{"damage":63,"enemies":"Champ","floor":33,"turns":9}],"seed_played":"541041242205333281","potions_obtained":[{"floor":1,"key":"Block Potion"},{"floor":4,"key":"PowerPotion"},{"floor":14,"key":"Fire Potion"},{"floor":22,"key":"Swift Potion"},{"floor":25,"key":"Swift Potion"}],"is_trial":false,"path_per_floor":["M","?","M","M","M","R","$","?","T","?","E","M","R","E","R","B",null,"M","$","?","?","M","R","E","M","T","R","?","?","R","M","R","B"],"character_chosen":"IRONCLAD","items_purchased":["Dropkick","True Grit","SteroidPotion","Energy Potion"],"campfire_rested":1,"item_purchase_floors":[7,19,19,19],"current_hp_per_floor":[68,68,68,68,63,63,63,63,63,59,62,65,65,53,53,37,66,72,72,72,72,45,45,51,38,38,38,38,38,38,39,63,0],"gold":224,"neow_bonus":"ONE_RARE_RELIC","is_prod":false,"is_daily":false,"chose_seed":false,"campfire_upgraded":6,"win_rate":0,"timestamp":1552074174,"path_taken":["M","?","M","M","M","R","$","?","T","?","E","M","R","E","R","BOSS","M","$","?","?","?","R","E","?","T","R","?","?","R","M","R","BOSS"],"build_version":"2019-02-06","purchased_purges":1,"victory":false,"max_hp_per_floor":[68,68,68,68,68,68,68,68,68,75,75,75,75,75,75,75,75,75,75,75,75,75,75,75,78,78,78,78,78,78,81,81,81],"card_choices":[{"not_picked":["Intimidate","Body Slam"],"picked":"Dropkick","floor":1},{"not_picked":["Power Through","Cleave"],"picked":"Iron Wave","floor":3},{"not_picked":["Burning Pact","Second Wind"],"picked":"Shockwave","floor":4},{"not_picked":["Pummel","Spot Weakness"],"picked":"Whirlwind","floor":5},{"not_picked":["Sever Soul","Corruption"],"picked":"Shrug It Off","floor":11},{"not_picked":["Carnage","Sever Soul","Thunderclap"],"picked":"SKIP","floor":12},{"not_picked":["Carnage","Sever Soul","Thunderclap"],"picked":"SKIP","floor":12},{"not_picked":["Thunderclap","Havoc"],"picked":"Flex","floor":14},{"not_picked":["Dark Embrace","Barricade"],"picked":"Feed","floor":16},{"not_picked":["Clash","Pommel Strike"],"picked":"Burning Pact+1","floor":18},{"not_picked":["Whirlwind","Shrug It Off","Clash"],"picked":"SKIP","floor":22},{"not_picked":["Pummel","Perfected Strike","Bludgeon"],"picked":"SKIP","floor":24},{"not_picked":["Metallicize","Reckless Charge"],"picked":"Body Slam+1","floor":25},{"not_picked":["Whirlwind","Fire Breathing+1","Pommel Strike"],"picked":"SKIP","floor":31}],"player_experience":1057547,"relics_obtained":[{"floor":9,"key":"Lantern"},{"floor":11,"key":"Omamori"},{"floor":14,"key":"War Paint"},{"floor":17,"key":"Bag of Marbles"},{"floor":17,"key":"Shuriken"},{"floor":17,"key":"Unceasing Top"},{"floor":24,"key":"Bag of Preparation"},{"floor":26,"key":"Paper Frog"}],"event_choices":[{"damage_healed":0,"gold_gain":0,"player_choice":"Upgraded","damage_taken":0,"max_hp_gain":0,"max_hp_loss":0,"event_name":"Upgrade Shrine","floor":2,"gold_loss":0,"cards_upgraded":["Bash"]},{"cards_removed":["Strike_R"],"damage_healed":0,"gold_gain":0,"player_choice":"Forget","damage_taken":0,"max_hp_gain":0,"max_hp_loss":0,"event_name":"Living Wall","floor":8,"gold_loss":0},{"damage_healed":0,"gold_gain":0,"player_choice":"Success","damage_taken":11,"relics_obtained":["Strawberry"],"max_hp_gain":0,"max_hp_loss":0,"event_name":"Scrap Ooze","floor":10,"gold_loss":0},{"damage_healed":0,"gold_gain":0,"player_choice":"Ignored","damage_taken":0,"max_hp_gain":0,"max_hp_loss":0,"event_name":"The Mausoleum","floor":20,"gold_loss":0},{"damage_healed":0,"gold_gain":0,"player_choice":"Traded Relic","damage_taken":0,"relics_obtained":["Nloth\u0027s Gift"],"max_hp_gain":0,"max_hp_loss":0,"event_name":"N\u0027loth","floor":21,"relics_lost":["Omamori"],"gold_loss":0},{"damage_healed":0,"gold_gain":50,"player_choice":"Stole From Cult","damage_taken":0,"max_hp_gain":0,"max_hp_loss":0,"event_name":"Nest","floor":28,"gold_loss":0},{"damage_healed":0,"gold_gain":50,"player_choice":"Pray","damage_taken":0,"max_hp_gain":0,"max_hp_loss":0,"event_name":"Golden Shrine","floor":29,"gold_loss":0}],"is_beta":true,"boss_relics":[{"not_picked":["Black Star","Lizard Tail"],"picked":"Calling Bell"}],"items_purged_floors":[19],"is_endless":false,"potions_floor_spawned":[1,4,5,11,14,22,25],"killed_by":"Champ","ascension_level":20}