{"gold_per_floor":[114,39,39,55,55,86,103,103,103,120,151,151,176,191,191,191],"floor_reached":16,"playtime":888,"items_purged":[],"score":290,"play_id":"de517c1b-df53-4739-a8f4-7adb15675c24","local_time":"20190205183135","is_ascension_mode":true,"campfire_choices":[{"data":"Flex","floor":8,"key":"SMITH"},{"data":"Rage","floor":12,"key":"SMITH"},{"data":"True Grit","floor":15,"key":"SMITH"}],"neow_cost":"NONE","seed_source_timestamp":1308488652234551,"circlet_count":0,"master_deck":["AscendersBane","Strike_R","Strike_R","Strike_R","Strike_R","Defend_R","Defend_R","Defend_R","Defend_R","Bash+1","Whirlwind+1","Battle Trance","Flex+1","Feel No Pain","Rage+1","True Grit+1","Anger"],"relics":["Burning Blood","Letter Opener","Matryoshka","Magic Flower","Charon\u0027s Ashes"],"potions_floor_usage":[13,16,16],"damage_taken":[{"damage":4,"enemies":"2 Louse","floor":1,"turns":3},{"damage":4,"enemies":"Jaw Worm","floor":4,"turns":4},{"damage":52,"enemies":"Lagavulin","floor":6,"turns":7},{"damage":0,"enemies":"Small Slimes","floor":7,"turns":1},{"damage":0,"enemies":"Gremlin Gang","floor":10,"turns":3},{"damage":25,"enemies":"3 Sentries","floor":11,"turns":10},{"damage":0,"enemies":"Gremlin Nob","floor":13,"turns":3},{"damage":4,"enemies":"Looter","floor":14,"turns":4},{"damage":40,"enemies":"Hexaghost","floor":16,"turns":8}],"seed_played":"-7121411804590656347","potions_obtained":[{"floor":6,"key":"FearPotion"},{"floor":7,"key":"Dexterity Potion"},{"floor":11,"key":"Strength Potion"},{"floor":14,"key":"Strength Potion"}],"is_trial":false,"path_per_floor":["M","?","?","M","?","E","M","R","T","M","E","R","E","M","R","B"],"character_chosen":"IRONCLAD","items_purchased":[],"campfire_rested":0,"item_purchase_floors":[],"current_hp_per_floor":[77,77,77,79,79,33,39,39,39,45,26,26,35,40,40,0],"gold":191,"neow_bonus":"TEN_PERCENT_HP_BONUS","is_prod":false,"is_daily":false,"chose_seed":false,"campfire_upgraded":3,"win_rate":0,"timestamp":1549409495,"path_taken":["M","?","?","M","?","E","?","R","T","M","E","R","E","M","R","BOSS"],"build_version":"2019-01-23","purchased_purges":0,"victory":false,"max_hp_per_floor":[82,82,82,82,82,82,82,82,82,82,82,82,82,82,82,82],"card_choices":[{"not_picked":["Shrug It Off","Infernal Blade"],"picked":"Whirlwind","floor":1},{"not_picked":["Sword Boomerang","Perfected Strike"],"picked":"Battle Trance","floor":4},{"not_picked":["Clothesline","Thunderclap"],"picked":"Flex","floor":6},{"not_picked":["Flex","Iron Wave","Second Wind"],"picked":"SKIP","floor":7},{"not_picked":["Havoc","Heavy Blade"],"picked":"Feel No Pain","floor":10},{"not_picked":["Iron Wave","Seeing Red"],"picked":"Rage","floor":11},{"not_picked":["Juggernaut","Twin Strike"],"picked":"True Grit","floor":13},{"not_picked":["Rampage","Clash"],"picked":"Anger","floor":14}],"player_experience":1147930,"relics_obtained":[{"floor":6,"key":"Letter Opener"},{"floor":9,"key":"Matryoshka"},{"floor":11,"key":"Magic Flower"},{"floor":13,"key":"Charon\u0027s Ashes"}],"event_choices":[{"cards_removed":["Strike_R"],"damage_healed":0,"gold_gain":0,"player_choice":"Card Removal","damage_taken":0,"max_hp_gain":0,"max_hp_loss":0,"event_name":"The Cleric","floor":2,"gold_loss":75},{"damage_healed":0,"gold_gain":0,"player_choice":"Grow","damage_taken":0,"max_hp_gain":0,"max_hp_loss":0,"event_name":"Living Wall","floor":3,"gold_loss":0,"cards_upgraded":["Bash"]},{"damage_healed":0,"gold_gain":0,"player_choice":"Upgraded","damage_taken":0,"max_hp_gain":0,"max_hp_loss":0,"event_name":"Upgrade Shrine","floor":5,"gold_loss":0,"cards_upgraded":["Whirlwind"]}],"is_beta":false,"boss_relics":[],"items_purged_floors":[],"is_endless":false,"potions_floor_spawned":[6,7,11,14],"killed_by":"Hexaghost","ascension_level":20}