{"gold_per_floor":[117,137,151,27,27,27,39,39,39,73,73,103,103,133,133,233,233,248,265,265,0,0,0,16,16,62,89,62,62,81,81],"floor_reached":31,"playtime":835,"items_purged":[],"score":325,"play_id":"31b4f515-9a39-49de-841a-74cf6b1fa514","local_time":"20190101024611","is_ascension_mode":true,"campfire_choices":[{"data":"Tempest","floor":6,"key":"SMITH"},{"data":"Reboot","floor":8,"key":"SMITH"},{"floor":11,"key":"REST"},{"floor":13,"key":"REST"},{"floor":15,"key":"REST"},{"floor":23,"key":"REST"},{"floor":25,"key":"REST"},{"floor":29,"key":"REST"}],"neow_cost":"NONE","seed_source_timestamp":886528787012015,"circlet_count":0,"master_deck":["Strike_B","Strike_B","Strike_B","Strike_B","Defend_B","Defend_B","Defend_B","Zap+1","Dualcast","Barrage","Sunder","Sweeping Beam","Storm","Coolheaded","Tempest+1","Reboot+1","Turbo","Capacitor+1","Meteor Strike","Injury","Writhe","Decay","Redo+1","Storm+1","Decay","Go for the Eyes","Cold Snap","Steam Power+1"],"relics":["Cracked Core","Frozen Egg 2","Bottled Lightning","Happy Flower","Calling Bell","Anchor","Question Card","Nunchaku","Blood Vial","Centennial Puzzle"],"potions_floor_usage":[16,20,24],"damage_taken":[{"damage":0,"enemies":"Cultist","floor":1,"turns":4},{"damage":7,"enemies":"Jaw Worm","floor":2,"turns":2},{"damage":0,"enemies":"Small Slimes","floor":3,"turns":2},{"damage":16,"enemies":"3 Louse","floor":7,"turns":2},{"damage":31,"enemies":"Lagavulin","floor":10,"turns":4},{"damage":18,"enemies":"Gremlin Nob","floor":14,"turns":3},{"damage":21,"enemies":"The Guardian","floor":16,"turns":8},{"damage":20,"enemies":"2 Thieves","floor":18,"turns":4},{"damage":4,"enemies":"Chosen","floor":19,"turns":3},{"damage":54,"enemies":"Colosseum Slavers","floor":20,"turns":4},{"damage":19,"enemies":"Snake Plant","floor":24,"turns":3},{"damage":38,"enemies":"Centurion and Healer","floor":30,"turns":4},{"damage":31,"enemies":"Shelled Parasite and Fungi","floor":31,"turns":3}],"seed_played":"-4082434443866184514","potions_obtained":[{"floor":3,"key":"SmokeBomb"},{"floor":10,"key":"FocusPotion"},{"floor":16,"key":"FairyPotion"},{"floor":19,"key":"FocusPotion"},{"floor":24,"key":"FairyPotion"}],"is_trial":false,"path_per_floor":["M","M","M","$","?","R","M","R","T","E","R","?","R","E","R","B",null,"M","M","?","?","?","R","M","R","T","T","$","R","M","M"],"character_chosen":"DEFECT","items_purchased":["Storm","Coolheaded","Cold Snap"],"campfire_rested":6,"item_purchase_floors":[4,4,28],"current_hp_per_floor":[68,61,61,61,61,61,45,45,45,14,36,36,58,40,62,41,67,47,43,7,7,7,29,10,32,32,32,32,54,18,0],"gold":81,"neow_bonus":"UPGRADE_CARD","is_prod":false,"is_daily":false,"chose_seed":false,"campfire_upgraded":2,"win_rate":0,"timestamp":1546321571,"path_taken":["M","?","M","$","?","R","?","R","T","E","R","?","R","E","R","BOSS","M","M","?","?","?","R","M","R","T","?","$","R","M","M"],"build_version":"2018-12-20","purchased_purges":0,"victory":false,"max_hp_per_floor":[75,75,75,75,75,75,75,75,75,75,75,75,75,75,75,75,75,75,75,75,75,75,75,75,75,75,75,75,75,75,75],"card_choices":[{"not_picked":["Cold Snap","Stack"],"picked":"Barrage","floor":1},{"not_picked":["Blizzard","Steam"],"picked":"Sunder","floor":2},{"not_picked":["Coolheaded","Melter"],"picked":"Sweeping Beam","floor":3},{"not_picked":["Redo","Cold Snap"],"picked":"Reboot","floor":7},{"not_picked":["Gash","Reinforced Body"],"picked":"Turbo","floor":10},{"not_picked":["Redo","Cold Snap"],"picked":"Capacitor+1","floor":14},{"not_picked":["Machine Learning+1","Core Surge"],"picked":"Meteor Strike","floor":16},{"not_picked":["Stack","Go for the Eyes","Sweeping Beam"],"picked":"Redo+1","floor":18},{"not_picked":["Capacitor+1","Redo","Consume+1"],"picked":"Storm+1","floor":19},{"not_picked":["FTL","Turbo","Skim"],"picked":"Go for the Eyes","floor":24},{"not_picked":["Barrage","All For One","Turbo"],"picked":"Steam Power+1","floor":30}],"player_experience":597103,"relics_obtained":[{"floor":9,"key":"Frozen Egg 2"},{"floor":10,"key":"Bottled Lightning"},{"floor":14,"key":"Happy Flower"},{"floor":17,"key":"Anchor"},{"floor":17,"key":"Question Card"},{"floor":17,"key":"Nunchaku"},{"floor":26,"key":"Blood Vial"},{"floor":27,"key":"Centennial Puzzle"}],"event_choices":[{"damage_healed":0,"gold_gain":0,"cards_transformed":["Defend_B"],"player_choice":"Transformed","damage_taken":0,"max_hp_gain":0,"max_hp_loss":0,"event_name":"Transmorgrifier","floor":5,"gold_loss":0,"cards_obtained":["Tempest"]},{"damage_healed":0,"gold_gain":30,"player_choice":"Searched \u00272\u0027 times","damage_taken":0,"max_hp_gain":0,"max_hp_loss":0,"event_name":"Dead Adventurer","floor":12,"gold_loss":0},{"damage_healed":0,"gold_gain":0,"player_choice":"Fight","damage_taken":0,"max_hp_gain":0,"max_hp_loss":0,"event_name":"Colosseum","floor":20,"gold_loss":0},{"damage_healed":0,"gold_gain":0,"player_choice":"Fled From Nobs","damage_taken":0,"max_hp_gain":0,"max_hp_loss":0,"event_name":"Colosseum","floor":20,"gold_loss":0},{"damage_healed":0,"gold_gain":0,"player_choice":"Paid Fearfully","damage_taken":0,"max_hp_gain":0,"max_hp_loss":0,"event_name":"Masked Bandits","floor":21,"gold_loss":265},{"damage_healed":0,"gold_gain":0,"player_choice":"Smashed Altar","damage_taken":0,"max_hp_gain":0,"max_hp_loss":0,"event_name":"Forgotten Altar","floor":22,"gold_loss":0,"cards_obtained":["Decay"]}],"is_beta":false,"boss_relics":[{"not_picked":["Empty Cage","Orrery"],"picked":"Calling Bell"}],"items_purged_floors":[],"is_endless":false,"potions_floor_spawned":[3,10,16,19,24],"killed_by":"Shelled Parasite and Fungi","ascension_level":7}