{"gold_per_floor":[219,294,309,40,59,59,88,88,88,101,101,118,149,163,163,262,262,281,206,186,197,57,86,116,131,155,155,174,174,208,222,222,222],"floor_reached":33,"playtime":1648,"items_purged":["Strike_B","Strike_B"],"score":317,"play_id":"87619ba6-28e5-4af7-b477-583672dd3db6","local_time":"20190331225647","is_ascension_mode":false,"campfire_choices":[{"data":"Zap","floor":6,"key":"SMITH"},{"data":"Streamline","floor":11,"key":"SMITH"},{"data":"Hologram","floor":15,"key":"SMITH"},{"data":"Defragment","floor":29,"key":"SMITH"},{"data":"Creative AI","floor":32,"key":"SMITH"}],"neow_cost":"NONE","seed_source_timestamp":905893651880722,"circlet_count":0,"master_deck":["Strike_B","Defend_B","Defend_B","Defend_B","Defend_B","Zap+1","Dualcast","Coolheaded","Hologram+1","Gash","Rebound","Streamline+1","Reinforced Body","Undo","Electrodynamics","Ball Lightning","Amplify","Self Repair","BootSequence","Ball Lightning","FTL+1","Capacitor","Compile Driver+1","Creative AI+1","Defragment+1","Darkness+1","Cold Snap"],"relics":["Cracked Core","Happy Flower","Bag of Preparation","Question Card","WingedGreaves","Orrery","Regal Pillow","Unceasing Top","Bag of Marbles"],"potions_floor_usage":[13,23,23,31,33,33],"damage_taken":[{"damage":0,"enemies":"Cultist","floor":1,"turns":4},{"damage":0,"enemies":"Small Slimes","floor":3,"turns":4},{"damage":0,"enemies":"2 Louse","floor":5,"turns":3},{"damage":25,"enemies":"3 Sentries","floor":7,"turns":9},{"damage":1,"enemies":"Exordium Wildlife","floor":10,"turns":4},{"damage":0,"enemies":"Exordium Thugs","floor":12,"turns":3},{"damage":5,"enemies":"Gremlin Nob","floor":13,"turns":4},{"damage":0,"enemies":"Looter","floor":14,"turns":2},{"damage":9,"enemies":"The Guardian","floor":16,"turns":10},{"damage":3,"enemies":"Spheric Guardian","floor":18,"turns":4},{"damage":0,"enemies":"Chosen","floor":21,"turns":3},{"damage":29,"enemies":"Slavers","floor":23,"turns":5},{"damage":15,"enemies":"Gremlin Leader","floor":24,"turns":6},{"damage":6,"enemies":"Snecko","floor":25,"turns":4},{"damage":12,"enemies":"Centurion and Healer","floor":28,"turns":6},{"damage":33,"enemies":"Book of Stabbing","floor":30,"turns":6},{"damage":4,"enemies":"Snake Plant","floor":31,"turns":4},{"damage":51,"enemies":"Automaton","floor":33,"turns":6}],"seed_played":"3158410997683780106","potions_obtained":[{"floor":1,"key":"SpeedPotion"},{"floor":7,"key":"Swift Potion"},{"floor":14,"key":"Weak Potion"},{"floor":16,"key":"GamblersBrew"},{"floor":20,"key":"Energy Potion"},{"floor":24,"key":"SteroidPotion"},{"floor":30,"key":"Weak Potion"},{"floor":31,"key":"EssenceOfSteel"}],"is_trial":false,"path_per_floor":["M","?","M","$","M","R","E","?","T","M","R","M","E","M","R","B",null,"M","?","?","M","$","E","E","M","T","?","M","R","E","M","R","B"],"character_chosen":"DEFECT","items_purchased":["Happy Flower","Gash","Capacitor"],"campfire_rested":0,"item_purchase_floors":[4,4,22],"current_hp_per_floor":[75,64,64,64,64,64,39,39,39,38,38,38,33,33,33,24,75,75,75,75,75,75,60,59,60,60,60,62,62,36,39,39,0],"gold":222,"neow_bonus":"HUNDRED_GOLD","is_prod":false,"is_daily":false,"chose_seed":false,"campfire_upgraded":5,"win_rate":0,"timestamp":1554069407,"path_taken":["M","?","M","$","M","R","E","?","T","M","R","M","E","M","R","BOSS","M","?","?","M","$","E","E","?","T","?","M","R","E","M","R","BOSS"],"build_version":"2019-03-15","purchased_purges":2,"victory":false,"max_hp_per_floor":[75,75,75,75,75,75,75,75,75,75,75,75,75,75,75,75,75,75,75,75,75,75,75,75,75,75,75,75,75,75,75,75,75],"card_choices":[{"not_picked":["Storm","Steam"],"picked":"Coolheaded","floor":1},{"not_picked":["Turbo","Go for the Eyes"],"picked":"Hologram","floor":3},{"not_picked":["Undo","Coolheaded"],"picked":"Rebound","floor":5},{"not_picked":["Buffer","Beam Cell"],"picked":"Streamline","floor":7},{"not_picked":["Hello World","Chill","Redo"],"picked":"Reinforced Body","floor":10},{"not_picked":["Turbo","Leap","Chill"],"picked":"Undo","floor":12},{"not_picked":["Steam Power","Heatsinks","Chill"],"picked":"Electrodynamics","floor":13},{"not_picked":["Leap","Conserve Battery","Turbo"],"picked":"Ball Lightning","floor":14},{"not_picked":["Thunder Strike","Meteor Strike","All For One"],"picked":"Amplify","floor":16},{"not_picked":["Beam Cell","Streamline","Turbo"],"picked":"Self Repair","floor":17},{"not_picked":["Compile Driver","White Noise","Scrape"],"picked":"BootSequence","floor":17},{"not_picked":["Conserve Battery","Melter","Chaos"],"picked":"Ball Lightning","floor":17},{"not_picked":["Leap+1","Barrage","Steam+1"],"picked":"FTL+1","floor":18},{"not_picked":["Darkness","Multi-Cast","Compile Driver","Sweeping Beam"],"picked":"SKIP","floor":21},{"not_picked":["Conserve Battery+1","Force Field","Sweeping Beam"],"picked":"Compile Driver+1","floor":23},{"not_picked":["Undo","Leap+1","Rebound"],"picked":"Creative AI","floor":24},{"not_picked":["Cold Snap","Stack","Go for the Eyes","Steam+1"],"picked":"SKIP","floor":25},{"not_picked":["Self Repair+1","Barrage","Force Field"],"picked":"Defragment","floor":28},{"not_picked":["Beam Cell","Barrage","Recycle"],"picked":"Darkness+1","floor":30},{"not_picked":["Conserve Battery","Compile Driver","Electrodynamics"],"picked":"Cold Snap","floor":31}],"player_experience":1190562,"relics_obtained":[{"floor":7,"key":"Bag of Preparation"},{"floor":9,"key":"Question Card"},{"floor":13,"key":"WingedGreaves"},{"floor":23,"key":"Regal Pillow"},{"floor":24,"key":"Unceasing Top"},{"floor":30,"key":"Bag of Marbles"}],"event_choices":[{"damage_healed":0,"gold_gain":75,"player_choice":"Gather Gold","damage_taken":11,"max_hp_gain":0,"max_hp_loss":0,"event_name":"World of Goop","floor":2,"gold_loss":0},{"damage_healed":0,"gold_gain":0,"player_choice":"Ignored","damage_taken":0,"max_hp_gain":0,"max_hp_loss":0,"event_name":"Liars Game","floor":8,"gold_loss":0},{"cards_removed":["Strike_B"],"damage_healed":0,"gold_gain":0,"player_choice":"Gave Gold","damage_taken":0,"max_hp_gain":0,"max_hp_loss":0,"event_name":"Beggar","floor":19,"gold_loss":75},{"damage_healed":0,"gold_gain":0,"player_choice":"Bought 1 Potion","damage_taken":0,"max_hp_gain":0,"max_hp_loss":0,"event_name":"The Woman in Blue","floor":20,"gold_loss":0},{"damage_healed":0,"gold_gain":0,"player_choice":"Ignored","damage_taken":0,"max_hp_gain":0,"max_hp_loss":0,"event_name":"Vampires","floor":27,"gold_loss":0}],"is_beta":true,"boss_relics":[{"not_picked":["Astrolabe","Black Star"],"picked":"Orrery"}],"items_purged_floors":[4,22],"is_endless":false,"potions_floor_spawned":[1,7,14,16,21,24,30,31],"killed_by":"Automaton","ascension_level":0}