{"gold_per_floor":[115,196,14,26,26,55,68,68,68,68,95,95,111,128,128,228,228,228,228,35,0,0,0,0,0,0,0,0,0,0,0,0,0],"floor_reached":33,"playtime":1346,"items_purged":[],"score":445,"play_id":"a2688fae-be8d-441b-825c-a8cddc25dd7e","local_time":"20180808032352","is_ascension_mode":true,"campfire_choices":[{"data":"Apotheosis","floor":8,"key":"SMITH"},{"floor":12,"key":"REST"},{"data":"Neutralize","floor":15,"key":"SMITH"},{"floor":24,"key":"REST"},{"floor":27,"key":"REST"},{"floor":32,"key":"REST"}],"neow_cost":"NONE","seed_source_timestamp":928794271709913,"circlet_count":0,"master_deck":["Defend_G","Defend_G","Defend_G","Defend_G","Defend_G","Strike_G","Strike_G","Strike_G","Strike_G","Strike_G","Survivor","Neutralize+1","Noxious Fumes","Apotheosis+1","Acrobatics","Footwork","Outmaneuver","Sucker Punch","Flying Knee","Noxious Fumes","Adrenaline","Sucker Punch","Necronomicurse","Burst","Cloak And Dagger","Dagger Throw+1"],"relics":["Ring of the Snake","NeowsBlessing","Bottled Flame","Gremlin Horn","Pear","Mummified Hand","Ectoplasm","Lee\u0027s Waffle","Necronomicon","Blue Candle","Thread and Needle"],"potions_floor_usage":[16,28,33,33],"damage_taken":[{"damage":0,"enemies":"Cultist","floor":1,"turns":1},{"damage":0,"enemies":"2 Louse","floor":4,"turns":1},{"damage":0,"enemies":"3 Sentries","floor":6,"turns":1},{"damage":8,"enemies":"Small Slimes","floor":7,"turns":5},{"damage":4,"enemies":"Gremlin Nob","floor":11,"turns":5},{"damage":0,"enemies":"2 Fungi Beasts","floor":13,"turns":4},{"damage":0,"enemies":"Exordium Wildlife","floor":14,"turns":4},{"damage":0,"enemies":"Hexaghost","floor":16,"turns":7},{"damage":16,"enemies":"Spheric Guardian","floor":18,"turns":5},{"damage":19,"enemies":"2 Thieves","floor":21,"turns":4},{"damage":6,"enemies":"Centurion and Healer","floor":22,"turns":5},{"damage":36,"enemies":"Book of Stabbing","floor":25,"turns":6},{"damage":34,"enemies":"Cultist and Chosen","floor":28,"turns":7},{"damage":4,"enemies":"3 Cultists","floor":29,"turns":5},{"damage":59,"enemies":"Champ","floor":33,"turns":10}],"seed_played":"-2206887374535911225","potions_obtained":[{"floor":6,"key":"Strength Potion"},{"floor":11,"key":"PowerPotion"},{"floor":13,"key":"Strength Potion"},{"floor":22,"key":"Explosive Potion"},{"floor":28,"key":"Ancient Potion"}],"is_trial":false,"path_per_floor":["M","T","$","M","$","E","M","R","T","?","E","R","M","M","R","B",null,"M","?","$","M","M","?","R","E","T","R","M","M","?","$","R"],"character_chosen":"THE_SILENT","items_purchased":["Apotheosis","Lee\u0027s Waffle"],"campfire_rested":4,"item_purchase_floors":[3,20],"current_hp_per_floor":[70,70,70,70,70,70,62,62,72,72,68,80,80,80,80,80,80,64,64,87,68,62,46,72,36,36,62,28,24,24,24,50,0],"gold":0,"neow_bonus":"THREE_ENEMY_KILL","is_prod":false,"is_daily":false,"chose_seed":false,"campfire_upgraded":2,"win_rate":0,"timestamp":1533709432,"path_taken":["M","?","$","M","$","E","M","R","T","?","E","R","M","M","R","BOSS","M","?","$","M","M","?","R","E","T","R","?","M","?","?","R","BOSS"],"build_version":"2018-08-02","purchased_purges":0,"victory":false,"max_hp_per_floor":[70,70,70,70,70,70,70,70,80,80,80,80,80,80,80,80,80,80,80,87,87,87,87,87,87,87,87,87,87,87,87,87,87],"card_choices":[{"not_picked":["Poisoned Stab","Sucker Punch"],"picked":"Noxious Fumes","floor":1},{"not_picked":["Dagger Throw","Deflect"],"picked":"Acrobatics","floor":4},{"not_picked":["Corpse Explosion","Tactician"],"picked":"Footwork","floor":6},{"not_picked":["Poisoned Stab","Setup"],"picked":"Outmaneuver","floor":7},{"not_picked":["Venomology","Bullet Time","Predator"],"picked":"SKIP","floor":11},{"not_picked":["Deflect","Quick Slash"],"picked":"Flying Knee","floor":13},{"not_picked":["Well Laid Plans","Flechettes"],"picked":"Noxious Fumes","floor":14},{"not_picked":["Phantasmal Killer","Night Terror"],"picked":"Adrenaline","floor":16},{"not_picked":["Deadly Poison+1","Concentrate+1"],"picked":"Deflect","floor":18},{"not_picked":["Poisoned Stab","Underhanded Strike+1","Eviscerate"],"picked":"SKIP","floor":21},{"not_picked":["Dagger Throw","Deadly Poison"],"picked":"Sucker Punch","floor":22},{"not_picked":["Blade Dance","Quick Slash"],"picked":"Burst","floor":25},{"not_picked":["Heel Hook","Dodge and Roll"],"picked":"Cloak And Dagger","floor":28},{"not_picked":["Deadly Poison","Concentrate"],"picked":"Dagger Throw+1","floor":29}],"player_experience":492401,"relics_obtained":[{"floor":2,"key":"Bottled Flame"},{"floor":6,"key":"Gremlin Horn"},{"floor":9,"key":"Pear"},{"floor":11,"key":"Mummified Hand"},{"floor":23,"key":"Necronomicon"},{"floor":25,"key":"Blue Candle"},{"floor":26,"key":"Thread and Needle"}],"event_choices":[{"event_name":"Match and Keep!","player_choice":"1 cards matched","floor":10,"damage_taken":0},{"event_name":"Back to Basics","player_choice":"Elegance","floor":19,"damage_taken":0},{"event_name":"Cursed Tome","player_choice":"Obtained Book","floor":23,"damage_taken":0},{"event_name":"Drug Dealer","player_choice":"Ignored","floor":30,"damage_taken":0}],"is_beta":false,"boss_relics":[{"not_picked":["Snecko Eye","Tiny House"],"picked":"Ectoplasm"}],"items_purged_floors":[],"is_endless":false,"potions_floor_spawned":[6,11,13,22,28],"killed_by":"Champ","ascension_level":4}