{"gold_per_floor":[116,128,128,138,150,150,180,255,255,255,303,478,508,519,519,593,593,593],"floor_reached":18,"playtime":685,"items_purged":[],"score":272,"play_id":"95240c42-c89d-42a6-95d6-1516bf3312f8","local_time":"20190424224515","is_ascension_mode":true,"campfire_choices":[{"floor":6,"key":"REST"},{"floor":10,"key":"REST"},{"floor":15,"key":"REST"}],"neow_cost":"PERCENT_DAMAGE","seed_source_timestamp":1155205660261472,"circlet_count":0,"master_deck":["AscendersBane","Defend_G","Defend_G","Defend_G","Defend_G","Defend_G","Strike_G","Strike_G+1","Strike_G","Strike_G","Strike_G+1","Survivor","Neutralize","Poisoned Stab","Caltrops","Catalyst","Poisoned Stab","Bane","Doubt","Bullet Time+1","Backstab","Burst+1"],"relics":["Ring of the Serpent","Torii","Juzu Bracelet","Toxic Egg 2","Regal Pillow","Odd Mushroom"],"potions_floor_usage":[7,7,14],"damage_taken":[{"damage":16,"enemies":"Small Slimes","floor":1,"turns":5},{"damage":0,"enemies":"Jaw Worm","floor":2,"turns":4},{"damage":0,"enemies":"Cultist","floor":4,"turns":3},{"damage":1,"enemies":"2 Fungi Beasts","floor":5,"turns":4},{"damage":17,"enemies":"Lagavulin","floor":7,"turns":6},{"damage":9,"enemies":"The Mushroom Lair","floor":13,"turns":5},{"damage":10,"enemies":"Exordium Thugs","floor":14,"turns":5},{"damage":31,"enemies":"The Guardian","floor":16,"turns":11},{"damage":52,"enemies":"Spheric Guardian","floor":18,"turns":7}],"seed_played":"-8425443650301499124","potions_obtained":[{"floor":2,"key":"SkillPotion"},{"floor":4,"key":"Energy Potion"},{"floor":13,"key":"Block Potion"}],"is_trial":false,"path_per_floor":["M","M","?","M","M","R","E","?","T","R","T","?","?","M","R","B",null,"M"],"character_chosen":"THE_SILENT","items_purchased":[],"campfire_rested":3,"item_purchase_floors":[],"current_hp_per_floor":[28,28,15,15,14,33,16,5,5,24,24,24,15,5,39,8,52,0],"gold":593,"neow_bonus":"ONE_RARE_RELIC","is_prod":false,"is_daily":false,"chose_seed":false,"campfire_upgraded":0,"win_rate":0,"timestamp":1556156715,"path_taken":["M","M","?","M","M","R","E","?","T","R","?","?","?","M","R","BOSS","M"],"build_version":"2019-01-23","purchased_purges":0,"victory":false,"max_hp_per_floor":[66,66,66,66,66,66,66,66,66,66,66,66,66,66,66,66,66,66],"card_choices":[{"not_picked":["Cloak And Dagger","Catalyst"],"picked":"Poisoned Stab","floor":1},{"not_picked":["Sucker Punch","Underhanded Strike"],"picked":"Caltrops","floor":2},{"not_picked":["Underhanded Strike","Deadly Poison"],"picked":"Catalyst","floor":4},{"not_picked":["Leg Sweep","Cloak And Dagger"],"picked":"Poisoned Stab","floor":5},{"not_picked":["Expertise","Cloak And Dagger"],"picked":"Bane","floor":7},{"not_picked":["Deflect+1","Poisoned Stab"],"picked":"Bullet Time+1","floor":13},{"not_picked":["Underhanded Strike","Sucker Punch"],"picked":"Backstab","floor":14},{"not_picked":["Wraith Form v2","Storm of Steel+1"],"picked":"Burst+1","floor":16}],"player_experience":1209164,"relics_obtained":[{"floor":7,"key":"Juzu Bracelet"},{"floor":9,"key":"Toxic Egg 2"},{"floor":11,"key":"Regal Pillow"},{"floor":13,"key":"Odd Mushroom"}],"event_choices":[{"damage_healed":0,"gold_gain":0,"player_choice":"Entered Light","damage_taken":13,"max_hp_gain":0,"max_hp_loss":0,"event_name":"Shining Light","floor":3,"gold_loss":0,"cards_upgraded":["Strike_G","Strike_G"]},{"damage_healed":0,"gold_gain":75,"player_choice":"Gather Gold","damage_taken":11,"max_hp_gain":0,"max_hp_loss":0,"event_name":"World of Goop","floor":8,"gold_loss":0},{"damage_healed":0,"gold_gain":175,"player_choice":"AGREE","damage_taken":0,"max_hp_gain":0,"max_hp_loss":0,"event_name":"Liars Game","floor":12,"gold_loss":0,"cards_obtained":["Doubt"]},{"damage_healed":0,"gold_gain":0,"player_choice":"Fought Mushrooms","damage_taken":0,"max_hp_gain":0,"max_hp_loss":0,"event_name":"Mushrooms","floor":13,"gold_loss":0}],"is_beta":false,"boss_relics":[{"not_picked":["Velvet Choker","Astrolabe"],"picked":"Ring of the Serpent"}],"items_purged_floors":[],"is_endless":false,"potions_floor_spawned":[2,4,13],"killed_by":"Spheric Guardian","ascension_level":14}