{"gold_per_floor":[109,129,129,140,54,54,70,70,70,102,3,15,15],"floor_reached":13,"playtime":870,"items_purged":["Strike_G"],"score":170,"play_id":"408eeaee-1149-4125-83c5-214e5471680a","local_time":"20181107163128","is_ascension_mode":true,"campfire_choices":[{"data":"Neutralize","floor":6,"key":"SMITH"},{"data":"Slice","floor":8,"key":"SMITH"}],"neow_cost":"NONE","seed_source_timestamp":894564411087863,"circlet_count":0,"master_deck":["AscendersBane","Defend_G","Defend_G","Defend_G","Defend_G","Defend_G","Strike_G","Strike_G","Strike_G","Strike_G","Survivor","Neutralize+1","Slice+1","Well Laid Plans","Backflip","Bouncing Flask","Sucker Punch","Deadly Poison"],"relics":["Ring of the Snake","Ancient Tea Set","Ornamental Fan"],"potions_floor_usage":[10,13,13],"damage_taken":[{"damage":3,"enemies":"Small Slimes","floor":1,"turns":8},{"damage":3,"enemies":"Cultist","floor":2,"turns":5},{"damage":0,"enemies":"Jaw Worm","floor":4,"turns":5},{"damage":4,"enemies":"3 Louse","floor":7,"turns":5},{"damage":26,"enemies":"Gremlin Nob","floor":10,"turns":5},{"damage":7,"enemies":"Lots of Slimes","floor":12,"turns":5},{"damage":9,"enemies":"3 Sentries","floor":13,"turns":4}],"seed_played":"439193025836364723","potions_obtained":[{"floor":0,"key":"Block Potion"},{"floor":0,"key":"SkillPotion"},{"floor":12,"key":"Energy Potion"}],"is_trial":false,"path_per_floor":["M","M","?","M","$","R","M","R","T","E","$","M","E"],"character_chosen":"THE_SILENT","items_purchased":["Well Laid Plans","Sucker Punch"],"campfire_rested":0,"item_purchase_floors":[5,11],"current_hp_per_floor":[56,53,44,44,44,44,40,40,40,14,14,7,0],"gold":15,"neow_bonus":"THREE_SMALL_POTIONS","is_prod":false,"is_daily":false,"chose_seed":false,"campfire_upgraded":2,"win_rate":0,"timestamp":1541626288,"path_taken":["M","M","?","M","?","R","M","R","T","E","$","?","E"],"build_version":"2018-11-06","purchased_purges":1,"victory":false,"max_hp_per_floor":[66,66,66,66,66,66,66,66,66,66,66,66,66],"card_choices":[{"not_picked":["Prepared","Bane","Backflip"],"picked":"SKIP","floor":1},{"not_picked":["Riddle With Holes","Eviscerate"],"picked":"Slice","floor":2},{"not_picked":["Slice","Eviscerate","Outmaneuver"],"picked":"SKIP","floor":4},{"not_picked":["Prepared","Blade Dance"],"picked":"Backflip","floor":7},{"not_picked":["Cloak And Dagger","Bane"],"picked":"Bouncing Flask","floor":10},{"not_picked":["Backflip","Acrobatics"],"picked":"Deadly Poison","floor":12}],"player_experience":903488,"relics_obtained":[{"floor":9,"key":"Ancient Tea Set"},{"floor":10,"key":"Ornamental Fan"}],"event_choices":[{"damage_healed":0,"gold_gain":0,"player_choice":"Damaged","damage_taken":9,"max_hp_gain":0,"max_hp_loss":0,"event_name":"Wheel of Change","floor":3,"gold_loss":0}],"is_beta":true,"boss_relics":[],"items_purged_floors":[11],"is_endless":false,"potions_floor_spawned":[2,4,7,12],"killed_by":"3 Sentries","ascension_level":20}