{"gold_per_floor":[15,28,40,56,75,102,114,146,146,146,204,221,221,14,14,117,117,131,131,5,105,118,144,144,171,171,196,215,215,231,266,266,369,369,382,394,394,494,505,536,536,5,30,30,59,69,102,118,118,118,118,118,77,111,111],"floor_reached":56,"playtime":5803,"items_purged":["Deadly Poison"],"score":1771,"play_id":"0ae1d992-daf5-4b08-9427-1a0f03ba8f44","local_time":"20190215115011","is_ascension_mode":true,"campfire_choices":[{"data":"Infinite Blades","floor":10,"key":"SMITH"},{"data":"Neutralize","floor":15,"key":"SMITH"},{"data":"Well Laid Plans","floor":24,"key":"SMITH"},{"data":"Bullet Time","floor":29,"key":"SMITH"},{"data":"Bullet Time","floor":32,"key":"SMITH"},{"floor":41,"key":"RECALL"},{"data":"After Image","floor":49,"key":"SMITH"},{"data":"After Image","floor":52,"key":"SMITH"}],"neow_cost":"NO_GOLD","seed_source_timestamp":5266746548904460,"circlet_count":0,"master_deck":["Defend_G","Defend_G","Defend_G","Defend_G","Survivor","Neutralize+1","Sucker Punch+1","Deflect","Deadly Poison","Dagger Spray","PiercingWail","Heel Hook+1","Infinite Blades+1","Doppelganger+1","Burst","Well Laid Plans+1","Bullet Time+1","PiercingWail","Bite","Bite","Bite","Bite","Bite","Cloak And Dagger","Noxious Fumes","Cloak And Dagger+1","Distraction","Accuracy","Bullet Time+1","Blade Dance+1","Acrobatics","After Image+1","Blade Dance+1","Mayhem","Mayhem","Discovery","Blur+1","Backflip","After Image+1","Good Instincts","Acrobatics","Mayhem","Masterful Stab+1","Heel Hook+1","Dodge and Roll+1","Sucker Punch+1","Dodge and Roll+1"],"relics":["Ring of the Snake","Dead Branch","Nunchaku","Dodecahedron","Bag of Marbles","White Beast Statue","The Courier","Bottled Flame","Blood Vial","Vajra","Matryoshka","Philosopher\u0027s Stone","Ginger","Ornamental Fan","Mummified Hand","DollysMirror","Happy Flower","Molten Egg 2","Whetstone","Bottled Tornado"],"potions_floor_usage":[5,8,8,18,23,25,31,55,55],"damage_taken":[{"damage":2,"enemies":"Small Slimes","floor":1,"turns":6},{"damage":0,"enemies":"2 Louse","floor":2,"turns":3},{"damage":0,"enemies":"Cultist","floor":3,"turns":3},{"damage":0,"enemies":"3 Louse","floor":4,"turns":5},{"damage":0,"enemies":"Gremlin Gang","floor":5,"turns":5},{"damage":13,"enemies":"Lagavulin","floor":6,"turns":6},{"damage":0,"enemies":"Looter","floor":7,"turns":4},{"damage":6,"enemies":"3 Sentries","floor":8,"turns":6},{"damage":13,"enemies":"3 Sentries","floor":11,"turns":5},{"damage":0,"enemies":"Blue Slaver","floor":12,"turns":3},{"damage":0,"enemies":"Hexaghost","floor":16,"turns":8},{"damage":0,"enemies":"3 Byrds","floor":18,"turns":3},{"damage":0,"enemies":"Chosen","floor":22,"turns":4},{"damage":13,"enemies":"Slavers","floor":23,"turns":9},{"damage":0,"enemies":"Gremlin Leader","floor":25,"turns":5},{"damage":0,"enemies":"Book of Stabbing","floor":27,"turns":3},{"damage":0,"enemies":"Centurion and Healer","floor":28,"turns":4},{"damage":0,"enemies":"Cultist and Chosen","floor":30,"turns":3},{"damage":2,"enemies":"Slavers","floor":31,"turns":5},{"damage":0,"enemies":"Collector","floor":33,"turns":6},{"damage":5,"enemies":"3 Shapes","floor":35,"turns":7},{"damage":0,"enemies":"Orb Walker","floor":36,"turns":3},{"damage":0,"enemies":"Mind Bloom Boss Battle","floor":38,"turns":6},{"damage":0,"enemies":"Maw","floor":39,"turns":5},{"damage":0,"enemies":"Giant Head","floor":40,"turns":5},{"damage":0,"enemies":"Reptomancer","floor":45,"turns":4},{"damage":0,"enemies":"Transient","floor":46,"turns":5},{"damage":0,"enemies":"Giant Head","floor":47,"turns":5},{"damage":0,"enemies":"Jaw Worm Horde","floor":48,"turns":4},{"damage":0,"enemies":"Donu and Deca","floor":50,"turns":6},{"damage":0,"enemies":"Shield and Spear","floor":54,"turns":6},{"damage":0,"enemies":"The Heart","floor":55,"turns":8}],"seed_played":"-1263721868489283217","potions_obtained":[{"floor":1,"key":"LiquidBronze"},{"floor":3,"key":"Strength Potion"},{"floor":4,"key":"Fire Potion"},{"floor":7,"key":"AttackPotion"},{"floor":8,"key":"Poison Potion"},{"floor":18,"key":"LiquidBronze"},{"floor":22,"key":"Swift Potion"},{"floor":23,"key":"GhostInAJar"},{"floor":25,"key":"AttackPotion"},{"floor":27,"key":"Block Potion"},{"floor":31,"key":"EssenceOfSteel"},{"floor":46,"key":"Weak Potion"},{"floor":47,"key":"GhostInAJar"}],"is_trial":false,"path_per_floor":["M","M","M","M","M","E","M","E","T","R","?","M","?","$","R","B",null,"M","?","$","?","M","E","R","E","T","E","M","R","M","E","R","B",null,"M","M","?","?","M","E","R","$","T","?","E","M","E","M","R","B",null,"R","$","E","B",null],"character_chosen":"THE_SILENT","items_purchased":["Burst","Well Laid Plans","Cloak And Dagger","Noxious Fumes","Mummified Hand","DollysMirror","Good Instincts","Acrobatics","Sucker Punch+1"],"campfire_rested":0,"item_purchase_floors":[14,14,20,20,42,42,42,42,53],"current_hp_per_floor":[68,68,68,68,68,55,55,49,49,49,36,36,36,36,36,36,70,70,49,49,49,49,49,49,49,49,49,49,49,49,49,49,49,49,48,49,39,49,49,49,49,49,49,49,49,49,49,49,49,49,49,49,49,49,49],"gold":111,"neow_bonus":"REMOVE_TWO","is_prod":false,"is_daily":false,"chose_seed":false,"campfire_upgraded":7,"win_rate":0,"timestamp":1550249411,"path_taken":["M","M","M","M","M","E","M","E","T","R","?","M","?","$","R","BOSS","M","?","$","?","?","E","R","E","T","E","M","R","M","E","R","BOSS","M","M","?","?","M","E","R","$","T","?","E","M","E","?","R","BOSS","R","$","E","BOSS"],"build_version":"2019-02-06","purchased_purges":1,"victory":true,"max_hp_per_floor":[70,70,70,70,70,70,70,70,70,70,70,70,70,70,70,70,70,70,49,49,49,49,49,49,49,49,49,49,49,49,49,49,49,49,49,49,49,49,49,49,49,49,49,49,49,49,49,49,49,49,49,49,49,49,49],"card_choices":[{"not_picked":["Tactician","Slice"],"picked":"Sucker Punch","floor":1},{"not_picked":["Dagger Spray","Bane"],"picked":"Deadly Poison","floor":2},{"not_picked":["Doppelganger","Concentrate"],"picked":"Deflect","floor":3},{"not_picked":["Backflip","Skewer"],"picked":"Deadly Poison","floor":4},{"not_picked":["Quick Slash","Acrobatics"],"picked":"Dagger Spray","floor":5},{"not_picked":["Finisher","Bane"],"picked":"PiercingWail","floor":6},{"not_picked":["Riddle With Holes","Eviscerate"],"picked":"Heel Hook","floor":7},{"not_picked":["Dagger Throw","Backstab"],"picked":"Infinite Blades","floor":8},{"not_picked":["All Out Attack","Bane"],"picked":"Doppelganger","floor":12},{"not_picked":["Malaise","Night Terror"],"picked":"Bullet Time","floor":16},{"not_picked":["Dodge and Roll","Dagger Throw"],"picked":"PiercingWail","floor":18},{"not_picked":["Acrobatics","Accuracy"],"picked":"Cloak And Dagger+1","floor":22},{"not_picked":["Unload","Underhanded Strike","Deadly Poison"],"picked":"SKIP","floor":23},{"not_picked":["Quick Slash","Dagger Spray+1"],"picked":"Distraction","floor":25},{"not_picked":["Dash","Acrobatics"],"picked":"Accuracy","floor":27},{"not_picked":["Blade Dance","Underhanded Strike"],"picked":"Bullet Time","floor":28},{"not_picked":["Outmaneuver+1","Expertise"],"picked":"Blade Dance+1","floor":30},{"not_picked":["Bane","Concentrate+1"],"picked":"Acrobatics","floor":31},{"not_picked":["Glass Knife","Venomology"],"picked":"After Image","floor":33},{"not_picked":["Noxious Fumes","Sucker Punch"],"picked":"Blade Dance+1","floor":35},{"not_picked":["Outmaneuver","Flying Knee","Blade Dance"],"picked":"SKIP","floor":36},{"not_picked":["PanicButton","Madness"],"picked":"Mayhem","floor":37},{"not_picked":["Jack Of All Trades","Transmutation"],"picked":"Mayhem","floor":37},{"not_picked":["Metamorphosis","Blind"],"picked":"Discovery","floor":37},{"not_picked":["Escape Plan+1","Quick Slash"],"picked":"Blur+1","floor":39},{"not_picked":["Tactician","Predator+1"],"picked":"Backflip","floor":40},{"not_picked":["Quick Slash","Bullet Time"],"picked":"Masterful Stab+1","floor":45},{"not_picked":["Bane+1","Deadly Poison","Catalyst+1"],"picked":"SKIP","floor":46},{"not_picked":["Underhanded Strike+1","Poisoned Stab+1"],"picked":"Heel Hook+1","floor":47},{"not_picked":["Setup+1","Acrobatics"],"picked":"Dodge and Roll+1","floor":48},{"not_picked":["Dagger Spray+1","Slice+1"],"picked":"Dodge and Roll+1","floor":54}],"player_experience":4532112,"relics_obtained":[{"floor":6,"key":"Dead Branch"},{"floor":8,"key":"Nunchaku"},{"floor":9,"key":"Dodecahedron"},{"floor":11,"key":"Bag of Marbles"},{"floor":23,"key":"The Courier"},{"floor":25,"key":"Bottled Flame"},{"floor":26,"key":"Blood Vial"},{"floor":27,"key":"Vajra"},{"floor":31,"key":"Matryoshka"},{"floor":38,"key":"Ginger"},{"floor":40,"key":"Ornamental Fan"},{"floor":43,"key":"Happy Flower"},{"floor":45,"key":"Molten Egg 2"},{"floor":47,"key":"Whetstone"},{"floor":54,"key":"Bottled Tornado"}],"event_choices":[{"damage_healed":0,"gold_gain":0,"player_choice":"Searched \u00272\u0027 times","damage_taken":0,"max_hp_gain":0,"max_hp_loss":0,"event_name":"Dead Adventurer","floor":11,"gold_loss":0},{"damage_healed":0,"gold_gain":0,"player_choice":"Upgraded","damage_taken":0,"max_hp_gain":0,"max_hp_loss":0,"event_name":"Upgrade Shrine","floor":13,"gold_loss":0,"cards_upgraded":["Doppelganger"]},{"damage_healed":0,"gold_gain":0,"player_choice":"Became a vampire","damage_taken":0,"max_hp_gain":0,"max_hp_loss":21,"event_name":"Vampires","floor":19,"gold_loss":0,"cards_obtained":["Bite","Bite","Bite","Bite","Bite"]},{"damage_healed":0,"gold_gain":100,"player_choice":"Pray","damage_taken":0,"max_hp_gain":0,"max_hp_loss":0,"event_name":"Golden Shrine","floor":21,"gold_loss":0},{"damage_healed":0,"gold_gain":0,"player_choice":"Memory 3","damage_taken":10,"max_hp_gain":0,"max_hp_loss":0,"event_name":"SensoryStone","floor":37,"gold_loss":0},{"damage_healed":0,"gold_gain":0,"player_choice":"Fight","damage_taken":0,"max_hp_gain":0,"max_hp_loss":0,"event_name":"MindBloom","floor":38,"gold_loss":0},{"damage_healed":0,"gold_gain":0,"player_choice":"Copied","damage_taken":0,"max_hp_gain":0,"max_hp_loss":0,"event_name":"Duplicator","floor":44,"gold_loss":0,"cards_obtained":["Mayhem"]}],"is_beta":true,"boss_relics":[{"not_picked":["Black Star","Coffee Dripper"],"picked":"White Beast Statue"},{"not_picked":["HoveringKite","Snecko Eye"],"picked":"Philosopher\u0027s Stone"}],"items_purged_floors":[42],"is_endless":false,"potions_floor_spawned":[1,3,4,7,8,18,22,23,25,27,28,30,31,33,35,36,38,39,40,45,46,47,48,54],"ascension_level":1}