{"path_per_floor":["M","$","?","?","M","E","M","M","T","R","?","M","$","T","R","B",null,"M","?","?","?","M","R","M","R","T","R","?","E","M","?","R","B",null,"M","?","M","M","?","R","M","E","T","$","R","?","M","M","R","B"],"character_chosen":"THE_SILENT","items_purchased":["Prepared"],"gold_per_floor":[119,71,71,71,82,112,129,141,141,141,141,159,84,84,84,186,186,196,111,111,111,131,131,150,150,150,150,150,179,199,199,199,298,298,312,312,325,336,0,0,17,51,51,51,51,51,69,79,79,79],"floor_reached":51,"campfire_rested":5,"playtime":5239,"item_purchase_floors":[2],"current_hp_per_floor":[70,70,70,70,70,75,75,75,75,75,75,75,75,75,75,55,75,67,67,67,67,66,75,74,75,75,85,85,79,46,46,85,46,85,70,70,55,38,38,85,73,35,42,42,92,92,92,81,92,9],"items_purged":["Regret"],"gold":79,"score":812,"play_id":"7816d8b7-f686-4fbe-816f-06ff165c99a2","local_time":"20180617172744","is_prod":false,"is_daily":false,"chose_seed":false,"is_ascension_mode":true,"campfire_upgraded":2,"win_rate":0,"timestamp":1529267264,"campfire_choices":[{"data":"Noxious Fumes","floor":10,"key":"SMITH"},{"data":"Flechettes","floor":15,"key":"SMITH"},{"floor":23,"key":"REST"},{"floor":25,"key":"REST"},{"floor":27,"key":"DIG"},{"floor":32,"key":"REST"},{"floor":40,"key":"REST"},{"floor":45,"key":"REST"},{"floor":49,"key":"DIG"}],"path_taken":["M","$","?","?","?","E","?","M","T","R","?","M","?","?","R","BOSS","M","?","?","?","M","R","M","R","T","R","?","E","M","?","R","BOSS","M","?","M","M","?","R","M","E","T","$","R","?","M","M","R","BOSS"],"build_version":"2018-06-14v2","seed_source_timestamp":323517591030899,"purchased_purges":1,"victory":true,"master_deck":["Defend_G+1","Defend_G+1","Defend_G+1","Defend_G+1","Defend_G+1","Strike_G+1","Strike_G+1","Strike_G+1","Strike_G+1","Survivor","Neutralize","Dodge and Roll","Prepared","Flechettes+1","Backflip","Footwork","Noxious Fumes+1","Calculated Gamble","Bullet Time+1","Injury","Cloak And Dagger+1","Deadly Poison+1","PiercingWail+1","Well Laid Plans","Backflip+1","Dagger Throw+1","Terror+1","Tools of the Trade","A Thousand Cuts","Leg Sweep+1","PiercingWail+1","Outmaneuver+1","Flying Knee+1","Underhanded Strike+1","Noxious Fumes+1","Deadly Poison+1","Crippling Poison","Sucker Punch+1"],"max_hp_per_floor":[70,70,70,70,70,75,75,75,75,75,75,75,75,75,75,75,75,75,75,75,75,75,75,75,75,75,85,85,85,85,85,85,85,85,85,85,85,85,85,85,85,85,92,92,92,92,92,92,92,92],"relics":["Ring of the Snake","NeowsBlessing","Dodecahedron","Ninja Scroll","Omamori","Bag of Preparation","Calling Bell","Dream Catcher","Matryoshka","Du-Vu Doll","Shovel","Regal Pillow","Juzu Bracelet","Pear","Centennial Puzzle","Eternal Feather","Red Mask","Vajra","Strawberry","Letter Opener","Oddly Smooth Stone"],"card_choices":[{"not_picked":["Quick Slash","Slice"],"picked":"Dodge and Roll","floor":1},{"not_picked":["Deadly Poison","Quick Slash"],"picked":"Flechettes","floor":5},{"not_picked":["Distraction","Catalyst"],"picked":"Backflip","floor":6},{"not_picked":["Cloak And Dagger","Slice"],"picked":"Footwork","floor":7},{"not_picked":["Expertise","Quick Slash"],"picked":"Noxious Fumes","floor":8},{"not_picked":["Dodge and Roll","Catalyst"],"picked":"Calculated Gamble","floor":12},{"not_picked":["Wraith Form v2","Storm of Steel"],"picked":"Bullet Time","floor":16},{"not_picked":["Bane+1","Crippling Poison"],"picked":"Cloak And Dagger+1","floor":18},{"not_picked":["Dagger Throw","Skewer"],"picked":"Deadly Poison+1","floor":22},{"not_picked":["Bane","Footwork"],"picked":"PiercingWail+1","floor":23},{"not_picked":["Backflip","Accuracy"],"picked":"Well Laid Plans","floor":24},{"not_picked":["Slice+1","Quick Slash"],"picked":"Backflip+1","floor":25},{"not_picked":["Sucker Punch","Outmaneuver"],"picked":"Dagger Throw+1","floor":29},{"not_picked":["Underhanded Strike","Deflect+1"],"picked":"Terror+1","floor":30},{"not_picked":["Deflect","Slice"],"picked":"Tools of the Trade","floor":32},{"not_picked":["Storm of Steel","Wraith Form v2"],"picked":"A Thousand Cuts","floor":33},{"not_picked":["Dagger Throw","Quick Slash+1"],"picked":"Leg Sweep+1","floor":35},{"not_picked":["Poisoned Stab","All Out Attack"],"picked":"PiercingWail+1","floor":37},{"not_picked":["Predator+1","Calculated Gamble+1"],"picked":"Outmaneuver+1","floor":38},{"not_picked":["Quick Slash+1","Leg Sweep"],"picked":"Flying Knee+1","floor":40},{"not_picked":["Bane+1","PiercingWail+1"],"picked":"Underhanded Strike+1","floor":41},{"not_picked":["Backflip+1","Bouncing Flask"],"picked":"Noxious Fumes+1","floor":42},{"not_picked":["Acrobatics","Infinite Blades"],"picked":"Deadly Poison+1","floor":45},{"not_picked":["Venomology","Quick Slash"],"picked":"Crippling Poison","floor":47},{"not_picked":["Prepared","Outmaneuver"],"picked":"Sucker Punch+1","floor":48}],"player_experience":346047,"potions_floor_usage":[6,8,12,16,24,24,24,38,41,41,50,50],"damage_taken":[{"damage":0,"enemies":"Small Slimes","floor":1,"turns":1},{"damage":0,"enemies":"Cultist","floor":5,"turns":1},{"damage":0,"enemies":"Lagavulin","floor":6,"turns":1},{"damage":0,"enemies":"Jaw Worm","floor":7,"turns":3},{"damage":0,"enemies":"Lots of Slimes","floor":8,"turns":1},{"damage":0,"enemies":"Blue Slaver","floor":12,"turns":4},{"damage":20,"enemies":"Slime Boss","floor":16,"turns":10},{"damage":8,"enemies":"Chosen","floor":18,"turns":3},{"damage":1,"enemies":"Shell Parasite","floor":22,"turns":6},{"damage":1,"enemies":"Centurion and Healer","floor":24,"turns":10},{"damage":6,"enemies":"Gremlin Leader","floor":29,"turns":7},{"damage":33,"enemies":"Snecko","floor":30,"turns":7},{"damage":39,"enemies":"Champ","floor":33,"turns":12},{"damage":15,"enemies":"3 Shapes","floor":35,"turns":4},{"damage":15,"enemies":"Orb Walker","floor":37,"turns":5},{"damage":32,"enemies":"Maw","floor":38,"turns":10},{"damage":12,"enemies":"3 Darklings","floor":41,"turns":6},{"damage":38,"enemies":"Nemesis","floor":42,"turns":7},{"damage":0,"enemies":"Sphere and 2 Shapes","floor":47,"turns":4},{"damage":11,"enemies":"4 Shapes","floor":48,"turns":5},{"damage":83,"enemies":"Time Eater","floor":50,"turns":14}],"relics_obtained":[{"floor":6,"key":"Dodecahedron"},{"floor":9,"key":"Ninja Scroll"},{"floor":14,"key":"Bag of Preparation"},{"floor":17,"key":"Dream Catcher"},{"floor":17,"key":"Matryoshka"},{"floor":17,"key":"Du-Vu Doll"},{"floor":26,"key":"Regal Pillow"},{"floor":26,"key":"Juzu Bracelet"},{"floor":27,"key":"Pear"},{"floor":29,"key":"Centennial Puzzle"},{"floor":42,"key":"Vajra"},{"floor":43,"key":"Strawberry"},{"floor":43,"key":"Letter Opener"},{"floor":49,"key":"Oddly Smooth Stone"}],"event_choices":[{"event_name":"Purifier","player_choice":"Skipped","floor":3,"damage_taken":0},{"event_name":"The Lab","player_choice":"Got Potions","floor":4,"damage_taken":0},{"event_name":"Big Fish","player_choice":"Box","floor":11,"damage_taken":0},{"event_name":"Addict","player_choice":"Obtained Relic","floor":19,"damage_taken":0},{"event_name":"Drug Dealer","player_choice":"Ignored","floor":20,"damage_taken":0},{"event_name":"The Woman in Blue","player_choice":"Bought 0 Potions","floor":21,"damage_taken":0},{"event_name":"Back to Basics","player_choice":"Simplicity","floor":28,"damage_taken":0},{"event_name":"Beggar","player_choice":"Ignored","floor":31,"damage_taken":0},{"event_name":"Accursed Blacksmith","player_choice":"Forge","floor":36,"damage_taken":0},{"event_name":"Tomb of Lord Red Mask","player_choice":"Paid","floor":39,"damage_taken":0},{"event_name":"Falling","player_choice":"Removed Attack","floor":46,"damage_taken":0}],"boss_relics":[{"not_picked":["Fusion Hammer","Snecko Eye"],"picked":"Calling Bell"},{"not_picked":["Busted Crown","Sozu"],"picked":"Eternal Feather"}],"items_purged_floors":[13],"is_endless":false,"potions_floor_spawned":[5,6,12,16,18,22,30,33,37,38,47],"seed_played":"-8741047065120227334","ascension_level":2,"potions_obtained":[{"floor":4,"key":"SkillPotion"},{"floor":4,"key":"Fruit Juice"},{"floor":4,"key":"Explosive Potion"},{"floor":6,"key":"Block Potion"},{"floor":12,"key":"SpeedPotion"},{"floor":16,"key":"Dexterity Potion"},{"floor":18,"key":"Fire Potion"},{"floor":30,"key":"Regen Potion"},{"floor":33,"key":"EssenceOfSteel"},{"floor":37,"key":"Explosive Potion"},{"floor":38,"key":"Fire Potion"},{"floor":47,"key":"AttackPotion"}],"is_trial":false}