{"gold_per_floor":[112,130,130,130,141,141,171,171,196,228,76,102,102,69,69,195,195,208,133,33,132,150,150,184,219,271,271,306,181,215,233,233,352,352,368,217,217,12,77,115,115,115,115,155,173,216,216,260,260,391,391,415,415,59,59,59,93,137,137,174,219,266,47,47,47,47,173,173,198,223,223,223,223,264,179,215,250,43,81,81,119,135,135,260,260,275,25,25,25,25,25,25,25,58,58,58,102,102,227,227,358,358,378,67,67,67,67,67,67,107,138,138,177,177,177,127,127,250,250,264,264,689,409,409,450,490,490,521,521,521,436,436,472,472,600,600,614,614,714,664,664,698,719,759,792,792,792,792,792,825,825,945,1008],"floor_reached":153,"playtime":8651,"items_purged":["Consume","Injury","Streamline","Decay","Decay","Redo","Darkness"],"score":5309,"play_id":"5f8d9f1c-b3e6-4f55-9031-7c80e99c41c9","local_time":"20190403151203","daily_mods":["Insanity","Vintage","ControlledChaos","Heirloom","Flight"],"is_ascension_mode":false,"campfire_choices":[{"data":"Hello World","floor":6,"key":"PURGE"},{"data":"Loop","floor":8,"key":"SMITH"},{"floor":15,"key":"REST"},{"data":"White Noise","floor":23,"key":"SMITH"},{"data":"Defragment","floor":27,"key":"SMITH"},{"floor":32,"key":"REST"},{"floor":41,"key":"REST"},{"data":"Fusion","floor":47,"key":"SMITH"},{"data":"Static Discharge","floor":49,"key":"SMITH"},{"floor":59,"key":"DIG"},{"floor":64,"key":"DIG"},{"floor":66,"key":"DIG"},{"floor":80,"key":"DIG"},{"floor":83,"key":"DIG"},{"floor":91,"key":"DIG"},{"floor":92,"key":"DIG"},{"floor":93,"key":"DIG"},{"floor":98,"key":"DIG"},{"floor":100,"key":"DIG"},{"floor":108,"key":"DIG"},{"floor":112,"key":"DIG"},{"floor":114,"key":"DIG"},{"floor":117,"key":"DIG"},{"floor":127,"key":"DIG"},{"floor":130,"key":"DIG"},{"data":"Streamline","floor":132,"key":"PURGE"},{"floor":134,"key":"DIG"},{"floor":147,"key":"DIG"},{"floor":149,"key":"DIG"},{"data":"Loop","floor":151,"key":"SMITH"}],"neow_cost":"","seed_source_timestamp":943152242588400,"circlet_count":14,"master_deck":["Loop+1","White Noise+1","Sweeping Beam","Chaos","Defragment+1","Barrage","Ball Lightning","Turbo","Steam","Storm+1","Fusion+1","Go for the Eyes","Turbo","Auto Shields","Undo+1","Steam Power","Conserve Battery","Gash","Barrage","Skim","Ball Lightning","Gash+1","Loop+1","Redo","Beam Cell","Capacitor","Static Discharge+1","Leap","Sweeping Beam","Chill","Ball Lightning","Hologram","Force Field+1","Lockon","Ball Lightning","Go for the Eyes","FTL","Steam","Beam Cell","Stack","Beam Cell","Coolheaded","Core Surge","Gash","Scrape+1","Cold Snap+1","Chill+1","Thunder Strike","Madness","Madness","Turbo+1","Storm+1","Beam Cell+1","Compile Driver+1","White Noise+1","Machine Learning+1","Coolheaded+1","Buffer+1","White Noise+1","Scrape","Seek+1","White Noise+1","Defragment+1","Biased Cognition+1","Skim+1","Heatsinks+1","Magnetism+1","Zap+1","Enlightenment+1","Glacier+1","Skim+1","Necronomicurse"],"relics":["FrozenCore","Frozen Eye","Peace Pipe","Vajra","Pear","FaceOfCleric","Mercury Hourglass","Bottled Lightning","Dream Catcher","Dodecahedron","Anchor","Bag of Marbles","Golden Idol","Sozu","Question Card","Boot","Darkstone Periapt","Happy Flower","War Paint","Meat on the Bone","Ancient Tea Set","PreservedInsect","Black Star","Matryoshka","Bronze Scales","Runic Capacitor","Emotion Chip","Juzu Bracelet","Orichalcum","Gremlin Horn","Du-Vu Doll","Thread and Needle","Pantograph","Frozen Egg 2","Calipers","The Courier","Mummified Hand","Letter Opener","Calling Bell","Ice Cream","Prayer Wheel","Shovel","Strawberry","ClockworkSouvenir","Toxic Egg 2","Lantern","MawBank","Omamori","DataDisk","Nunchaku","Cables","Kunai","Cursed Key","Symbiotic Virus","Shuriken","MutagenicStrength","Ornamental Fan","Bottled Tornado","Torii","Mango","Bird Faced Urn","Nuclear Battery","Ginger","Unceasing Top","Incense Burner","Circlet","Philosopher\u0027s Stone","Pen Nib","Sundial","Singing Bowl","Blue Candle","Smiling Mask","Oddly Smooth Stone","Molten Egg 2","Centennial Puzzle","FossilizedHelix","Old Coin","Turnip","Dead Branch","Necronomicon","Busted Crown","Tiny House"],"potions_floor_usage":[7,7,16,40],"damage_taken":[{"damage":11,"enemies":"Jaw Worm","floor":1,"turns":2},{"damage":6,"enemies":"Cultist","floor":2,"turns":2},{"damage":5,"enemies":"2 Louse","floor":5,"turns":2},{"damage":1,"enemies":"Lagavulin","floor":7,"turns":4},{"damage":15,"enemies":"Gremlin Nob","floor":10,"turns":3},{"damage":0,"enemies":"3 Sentries","floor":12,"turns":4},{"damage":24,"enemies":"Hexaghost","floor":16,"turns":6},{"damage":8,"enemies":"Shell Parasite","floor":18,"turns":3},{"damage":0,"enemies":"Spheric Guardian","floor":22,"turns":2},{"damage":8,"enemies":"Gremlin Leader","floor":24,"turns":4},{"damage":15,"enemies":"Slavers","floor":25,"turns":3},{"damage":0,"enemies":"Gremlin Leader","floor":28,"turns":6},{"damage":0,"enemies":"Slavers","floor":30,"turns":2},{"damage":4,"enemies":"Snecko","floor":31,"turns":4},{"damage":68,"enemies":"Automaton","floor":33,"turns":8},{"damage":22,"enemies":"3 Shapes","floor":35,"turns":3},{"damage":19,"enemies":"2 Orb Walkers","floor":39,"turns":5},{"damage":13,"enemies":"Giant Head","floor":40,"turns":6},{"damage":3,"enemies":"Nemesis","floor":44,"turns":3},{"damage":0,"enemies":"3 Darklings","floor":45,"turns":3},{"damage":0,"enemies":"Giant Head","floor":46,"turns":5},{"damage":0,"enemies":"Reptomancer","floor":48,"turns":3},{"damage":96,"enemies":"Time Eater","floor":50,"turns":10},{"damage":0,"enemies":"Jaw Worm","floor":52,"turns":3},{"damage":0,"enemies":"3 Sentries","floor":57,"turns":3},{"damage":0,"enemies":"Gremlin Nob","floor":58,"turns":2},{"damage":4,"enemies":"Lagavulin","floor":61,"turns":3},{"damage":6,"enemies":"3 Sentries","floor":62,"turns":3},{"damage":0,"enemies":"Slime Boss","floor":67,"turns":3},{"damage":14,"enemies":"2 Thieves","floor":69,"turns":3},{"damage":3,"enemies":"Shell Parasite","floor":70,"turns":2},{"damage":1,"enemies":"Book of Stabbing","floor":74,"turns":2},{"damage":0,"enemies":"Gremlin Leader","floor":76,"turns":2},{"damage":0,"enemies":"Book of Stabbing","floor":77,"turns":2},{"damage":19,"enemies":"Gremlin Leader","floor":79,"turns":2},{"damage":27,"enemies":"Slavers","floor":81,"turns":2},{"damage":0,"enemies":"Cultist and Chosen","floor":82,"turns":2},{"damage":39,"enemies":"Champ","floor":84,"turns":4},{"damage":27,"enemies":"3 Shapes","floor":86,"turns":2},{"damage":6,"enemies":"Giant Head","floor":94,"turns":4},{"damage":0,"enemies":"Reptomancer","floor":97,"turns":3},{"damage":9,"enemies":"Mind Bloom Boss Battle","floor":99,"turns":2},{"damage":49,"enemies":"Time Eater","floor":101,"turns":3},{"damage":0,"enemies":"Small Slimes","floor":103,"turns":1},{"damage":0,"enemies":"Gremlin Nob","floor":110,"turns":1},{"damage":0,"enemies":"Lagavulin","floor":111,"turns":1},{"damage":0,"enemies":"Gremlin Nob","floor":113,"turns":1},{"damage":0,"enemies":"The Guardian","floor":118,"turns":3},{"damage":0,"enemies":"Chosen","floor":120,"turns":2},{"damage":0,"enemies":"Colosseum Slavers","floor":122,"turns":2},{"damage":0,"enemies":"Colosseum Nobs","floor":122,"turns":2},{"damage":0,"enemies":"Gremlin Leader","floor":125,"turns":2},{"damage":0,"enemies":"Slavers","floor":126,"turns":2},{"damage":0,"enemies":"Gremlin Leader","floor":128,"turns":2},{"damage":0,"enemies":"Book of Stabbing","floor":133,"turns":2},{"damage":1,"enemies":"Automaton","floor":135,"turns":3},{"damage":0,"enemies":"3 Shapes","floor":137,"turns":2},{"damage":0,"enemies":"Giant Head","floor":142,"turns":2},{"damage":0,"enemies":"3 Darklings","floor":143,"turns":2},{"damage":0,"enemies":"Reptomancer","floor":144,"turns":2},{"damage":0,"enemies":"Nemesis","floor":145,"turns":3},{"damage":0,"enemies":"Reptomancer","floor":150,"turns":2},{"damage":0,"enemies":"Awakened One","floor":152,"turns":5}],"seed_played":"2493650041606897929","potions_obtained":[{"floor":1,"key":"Swift Potion"},{"floor":5,"key":"Weak Potion"},{"floor":10,"key":"SpeedPotion"},{"floor":12,"key":"Swift Potion"}],"is_trial":true,"path_per_floor":["M","M","?","?","M","R","E","R","T","E","$","E","?","$","R","B",null,"M","$","$","?","M","R","E","E","T","R","E","$","E","M","R","B",null,"M","$","?","$","?","E","R","$","T","E","M","E","R","E","R","B",null,"M","?","$","?","$","E","E","R","T","E","E","$","R","?","R","B",null,"M","M","?","?","?","E","?","E","E","$","E","R","E","M","R","B",null,"M","$","?","?","?","R","R","R","E","$","?","E","R","?","R","B",null,"M","$","?","?","?","R","?","E","E","R","E","R","?","$","R","B",null,"M","?","?","$","$","E","E","R","E","?","R","?","R","E","R","B",null,"M","?","?","$","?","E","M","E","E","?","R","?","R","E","R","B",null],"character_chosen":"DEFECT","items_purchased":["Anchor","Self Repair","Bronze Scales","Runic Capacitor","ClockworkSouvenir","Toxic Egg 2","Nunchaku","Bottled Tornado","Unceasing Top","Sundial","Dead Branch"],"campfire_rested":3,"item_purchase_floors":[11,14,36,38,54,54,63,78,87,104,123],"current_hp_per_floor":[64,68,61,61,57,57,57,57,57,43,43,44,44,44,70,54,90,83,83,83,83,84,84,77,70,70,70,71,71,72,69,97,49,98,77,77,65,65,59,66,96,96,96,94,95,96,96,104,104,29,124,132,132,132,132,132,133,134,134,134,135,130,130,130,130,130,137,137,124,122,122,122,122,129,129,130,131,131,113,113,87,102,102,111,160,140,140,140,140,140,140,140,140,152,152,152,155,155,153,153,110,157,158,158,151,158,158,158,158,161,164,164,167,167,167,167,167,170,170,171,171,175,175,175,178,181,181,184,174,174,174,174,191,191,196,196,197,197,197,197,197,200,201,204,207,209,209,209,209,212,212,215,222],"gold":1008,"neow_bonus":"","is_prod":false,"is_daily":false,"chose_seed":false,"campfire_upgraded":6,"win_rate":0.0,"timestamp":1554318723,"path_taken":["M","M","?","?","?","R","E","R","T","E","$","E","?","?","R","BOSS","M","?","$","?","M","R","E","E","T","R","E","?","E","M","R","BOSS","M","$","?","$","?","E","R","$","T","E","M","E","R","E","R","BOSS","M","?","$","?","?","E","E","R","T","E","E","$","R","?","R","BOSS","M","M","?","?","?","E","?","E","E","$","E","R","E","M","R","BOSS","M","$","?","?","?","R","R","R","E","$","?","E","R","?","R","BOSS","M","$","?","?","?","R","?","E","E","R","E","R","?","?","R","BOSS","M","?","?","?","$","E","E","R","E","?","R","?","R","E","R","BOSS","M","?","?","$","?","E","M","E","E","?","R","?","R","E","R","BOSS"],"build_version":"2019-01-23","purchased_purges":7,"victory":false,"max_hp_per_floor":[75,85,85,85,86,86,87,87,87,88,88,89,89,89,89,90,90,91,91,91,91,92,92,93,94,94,94,95,95,96,97,97,98,98,99,99,99,99,100,101,101,101,101,102,103,104,104,105,105,106,124,132,132,132,132,132,133,134,134,134,135,136,136,136,136,136,137,137,138,139,139,139,139,140,140,141,142,142,143,143,144,159,159,160,160,161,161,161,153,153,153,153,153,154,154,154,155,155,156,156,157,157,158,158,158,158,158,158,158,161,164,164,167,167,167,167,167,170,170,171,171,175,175,175,178,181,181,184,190,190,190,190,193,193,196,196,197,197,197,197,197,200,201,204,207,209,209,209,209,212,212,215,222],"card_choices":[{"not_picked":["Stack","Darkness"],"picked":"Beam Cell","floor":7},{"not_picked":["Conserve Battery","Leap"],"picked":"Reprogram","floor":10},{"not_picked":["Recycle","Stack","Storm"],"picked":"SKIP","floor":12},{"not_picked":["Rebound","Cold Snap"],"picked":"Coolheaded","floor":15},{"not_picked":["Amplify","Fission"],"picked":"Core Surge","floor":16},{"not_picked":["Steam+1","Heatsinks","Tempest"],"picked":"Gash","floor":24},{"not_picked":["Hello World","Chaos","Leap"],"picked":"Scrape+1","floor":25},{"not_picked":["Conserve Battery","Coolheaded","Static Discharge"],"picked":"Cold Snap+1","floor":28},{"not_picked":["Coolheaded","Stack","Turbo"],"picked":"Chill+1","floor":30},{"not_picked":["Rainbow","All For One","Hyperbeam"],"picked":"Thunder Strike","floor":33},{"not_picked":["Lockon","Steam","Sweeping Beam+1"],"picked":"Turbo+1","floor":39},{"not_picked":["Leap+1","Consume+1","Conserve Battery"],"picked":"Storm+1","floor":40},{"not_picked":["Stack+1","Lockon","Cold Snap+1"],"picked":"Beam Cell+1","floor":44},{"not_picked":["Leap+1","Genetic Algorithm","Streamline+1"],"picked":"Compile Driver+1","floor":46},{"not_picked":["Coolheaded","Stack+1","Hologram"],"picked":"White Noise+1","floor":48},{"not_picked":["Electrodynamics+1","Core Surge","Rainbow"],"picked":"Machine Learning+1","floor":50},{"not_picked":["Beam Cell","Undo+1","Sweeping Beam"],"picked":"Coolheaded+1","floor":57},{"not_picked":["Coolheaded+1","Ball Lightning","Hologram+1"],"picked":"Buffer+1","floor":58},{"not_picked":["Beam Cell","Electrodynamics+1","Gash"],"picked":"White Noise+1","floor":61},{"not_picked":["Compile Driver","Doom and Gloom","Rebound","Go for the Eyes"],"picked":"SKIP","floor":62},{"not_picked":["Creative AI+1","Electrodynamics+1","Biased Cognition+1"],"picked":"Seek+1","floor":67},{"not_picked":["Beam Cell+1","Scrape","Barrage+1"],"picked":"Defragment+1","floor":74},{"not_picked":["Conserve Battery+1","Recycle+1","Hologram+1"],"picked":"Biased Cognition+1","floor":76},{"not_picked":["Chaos+1","Melter","Rip and Tear+1"],"picked":"Skim+1","floor":77},{"not_picked":["Barrage","Stack+1","Reinforced Body+1"],"picked":"Heatsinks+1","floor":79},{"not_picked":["Seek+1","Stack+1","Biased Cognition+1","Beam Cell"],"picked":"SKIP","floor":81},{"not_picked":["HandOfGreed","Secret Technique+1","Madness+1"],"picked":"Magnetism+1","floor":88},{"not_picked":["Redo+1","Recycle+1","Hello World+1","Compile Driver"],"picked":"SKIP","floor":94},{"not_picked":["Hologram+1","Thunder Strike","Coolheaded+1","Beam Cell+1"],"picked":"SKIP","floor":97},{"not_picked":["Streamline+1","Steam+1","Loop+1"],"picked":"Glacier+1","floor":99},{"not_picked":["Double Energy+1","Chill+1","Coolheaded+1","Consume+1"],"picked":"Singing Bowl","floor":110},{"not_picked":["Sweeping Beam","Skim+1","Rip and Tear","Hello World+1"],"picked":"Singing Bowl","floor":111},{"not_picked":["Conserve Battery+1","Self Repair+1","Loop+1","Hologram+1"],"picked":"Singing Bowl","floor":113},{"not_picked":["Multi-Cast+1","Biased Cognition+1","Meteor Strike+1","Rainbow+1"],"picked":"Singing Bowl","floor":118},{"not_picked":["Ball Lightning+1","Streamline+1","Gash+1","Beam Cell+1"],"picked":"Singing Bowl","floor":122},{"not_picked":["Redo+1","Hologram+1","Turbo+1","Rebound+1"],"picked":"Singing Bowl","floor":125},{"not_picked":["Fusion+1","Chill+1","Multi-Cast+1","Leap+1"],"picked":"Singing Bowl","floor":126},{"not_picked":["Glacier+1","Gash+1","Hologram+1","Conserve Battery+1"],"picked":"Singing Bowl","floor":128},{"not_picked":["Sweeping Beam+1","Beam Cell+1","Cold Snap+1","Barrage+1"],"picked":"Singing Bowl","floor":133},{"not_picked":["Machine Learning+1","Meteor Strike+1","Buffer+1","Thunder Strike+1"],"picked":"Singing Bowl","floor":135},{"not_picked":["Coolheaded+1","Barrage+1"],"picked":"Singing Bowl","floor":142},{"not_picked":["Gash+1","Rebound+1"],"picked":"Singing Bowl","floor":144},{"not_picked":["Hello World+1","Core Surge+1"],"picked":"Singing Bowl","floor":145},{"not_picked":["Master of Strategy+1","Purity+1"],"picked":"Singing Bowl","floor":146},{"not_picked":["Sweeping Beam+1","Steam+1"],"picked":"Singing Bowl","floor":150},{"not_picked":["All For One+1","Meteor Strike+1"],"picked":"Singing Bowl","floor":152},{"not_picked":["Lockon+1","Blizzard+1"],"picked":"Singing Bowl","floor":153}],"player_experience":57821,"relics_obtained":[{"floor":1,"key":"Vajra"},{"floor":2,"key":"Pear"},{"floor":5,"key":"Mercury Hourglass"},{"floor":7,"key":"Bottled Lightning"},{"floor":9,"key":"Dream Catcher"},{"floor":10,"key":"Dodecahedron"},{"floor":12,"key":"Bag of Marbles"},{"floor":18,"key":"Question Card"},{"floor":22,"key":"Boot"},{"floor":24,"key":"Darkstone Periapt"},{"floor":25,"key":"Happy Flower"},{"floor":26,"key":"War Paint"},{"floor":28,"key":"Meat on the Bone"},{"floor":30,"key":"Ancient Tea Set"},{"floor":31,"key":"PreservedInsect"},{"floor":35,"key":"Matryoshka"},{"floor":39,"key":"Emotion Chip"},{"floor":40,"key":"Juzu Bracelet"},{"floor":40,"key":"Orichalcum"},{"floor":43,"key":"Gremlin Horn"},{"floor":43,"key":"Du-Vu Doll"},{"floor":44,"key":"Thread and Needle"},{"floor":44,"key":"Pantograph"},{"floor":45,"key":"Frozen Egg 2"},{"floor":46,"key":"Calipers"},{"floor":46,"key":"The Courier"},{"floor":48,"key":"Mummified Hand"},{"floor":48,"key":"Letter Opener"},{"floor":51,"key":"Ice Cream"},{"floor":51,"key":"Prayer Wheel"},{"floor":51,"key":"Shovel"},{"floor":52,"key":"Strawberry"},{"floor":59,"key":"MawBank"},{"floor":60,"key":"Omamori"},{"floor":60,"key":"DataDisk"},{"floor":64,"key":"Cables"},{"floor":66,"key":"Kunai"},{"floor":69,"key":"Symbiotic Virus"},{"floor":70,"key":"Shuriken"},{"floor":80,"key":"Torii"},{"floor":82,"key":"Mango"},{"floor":83,"key":"Bird Faced Urn"},{"floor":86,"key":"Ginger"},{"floor":91,"key":"Incense Burner"},{"floor":92,"key":"Circlet"},{"floor":93,"key":"Circlet"},{"floor":98,"key":"Circlet"},{"floor":99,"key":"Circlet"},{"floor":100,"key":"Circlet"},{"floor":103,"key":"Pen Nib"},{"floor":108,"key":"Blue Candle"},{"floor":112,"key":"Smiling Mask"},{"floor":114,"key":"Oddly Smooth Stone"},{"floor":117,"key":"Molten Egg 2"},{"floor":120,"key":"Centennial Puzzle"},{"floor":122,"key":"Old Coin"},{"floor":122,"key":"Turnip"},{"floor":127,"key":"Circlet"},{"floor":129,"key":"Necronomicon"},{"floor":130,"key":"Circlet"},{"floor":134,"key":"Circlet"},{"floor":137,"key":"Circlet"},{"floor":143,"key":"Circlet"},{"floor":147,"key":"Circlet"},{"floor":149,"key":"Circlet"}],"event_choices":[{"cards_removed":["Aggregate"],"damage_healed":0,"gold_gain":0,"player_choice":"Card Removal","damage_taken":7,"max_hp_gain":0,"max_hp_loss":0,"event_name":"Golden Wing","floor":3,"gold_loss":0},{"damage_healed":0,"gold_gain":0,"player_choice":"Trade","damage_taken":0,"relics_obtained":["FaceOfCleric"],"max_hp_gain":0,"max_hp_loss":0,"event_name":"FaceTrader","floor":4,"gold_loss":0},{"damage_healed":0,"gold_gain":0,"player_choice":"Take Wound","damage_taken":0,"relics_obtained":["Golden Idol"],"max_hp_gain":0,"max_hp_loss":0,"event_name":"Golden Idol","floor":13,"gold_loss":0,"cards_obtained":["Injury"]},{"damage_healed":0,"gold_gain":99,"player_choice":"Stole From Cult","damage_taken":0,"max_hp_gain":0,"max_hp_loss":0,"event_name":"Nest","floor":21,"gold_loss":0},{"damage_healed":0,"gold_gain":0,"player_choice":"Embrace Madness","damage_taken":12,"max_hp_gain":0,"max_hp_loss":0,"event_name":"Winding Halls","floor":37,"gold_loss":0,"cards_obtained":["Madness","Madness"]},{"damage_healed":0,"gold_gain":0,"player_choice":"Fight","damage_taken":0,"max_hp_gain":0,"max_hp_loss":0,"event_name":"Mysterious Sphere","floor":39,"gold_loss":0},{"damage_healed":0,"gold_gain":0,"player_choice":"Bought 0 Potions","damage_taken":0,"max_hp_gain":0,"max_hp_loss":0,"event_name":"The Woman in Blue","floor":53,"gold_loss":0},{"cards_removed":["Rip and Tear"],"damage_healed":0,"gold_gain":0,"player_choice":"Gave Card","damage_taken":0,"relics_obtained":["Lantern"],"max_hp_gain":0,"max_hp_loss":0,"event_name":"WeMeetAgain","floor":55,"gold_loss":0},{"damage_healed":0,"gold_gain":0,"cards_transformed":["Streamline"],"player_choice":"Change","damage_taken":0,"max_hp_gain":0,"max_hp_loss":0,"event_name":"Living Wall","floor":65,"gold_loss":0,"cards_obtained":["Scrape"]},{"cards_removed":["Writhe"],"damage_healed":0,"gold_gain":0,"player_choice":"Elegance","damage_taken":0,"max_hp_gain":0,"max_hp_loss":0,"event_name":"Back to Basics","floor":71,"gold_loss":0},{"damage_healed":0,"gold_gain":0,"player_choice":"Read","damage_taken":0,"max_hp_gain":0,"max_hp_loss":0,"event_name":"The Library","floor":72,"gold_loss":0,"cards_obtained":["White Noise"]},{"damage_healed":0,"gold_gain":0,"player_choice":"Inject Mutagens","damage_taken":0,"relics_obtained":["MutagenicStrength"],"max_hp_gain":0,"max_hp_loss":0,"event_name":"Drug Dealer","floor":73,"gold_loss":0},{"damage_healed":0,"gold_gain":0,"player_choice":"Obtained Relic","damage_taken":0,"relics_obtained":["Ornamental Fan"],"max_hp_gain":0,"max_hp_loss":0,"event_name":"Addict","floor":75,"gold_loss":85},{"damage_healed":0,"gold_gain":0,"player_choice":"Memory 1","damage_taken":0,"max_hp_gain":0,"max_hp_loss":0,"event_name":"SensoryStone","floor":88,"gold_loss":0},{"damage_healed":0,"gold_gain":0,"player_choice":"Max HP","damage_taken":0,"max_hp_gain":0,"max_hp_loss":8,"event_name":"Winding Halls","floor":89,"gold_loss":0},{"cards_removed":["Self Repair"],"damage_healed":0,"gold_gain":0,"player_choice":"Removed Power","damage_taken":0,"max_hp_gain":0,"max_hp_loss":0,"event_name":"Falling","floor":90,"gold_loss":0},{"damage_healed":0,"gold_gain":0,"player_choice":"2 cards matched","damage_taken":0,"max_hp_gain":0,"max_hp_loss":0,"event_name":"Match and Keep!","floor":96,"gold_loss":0,"cards_obtained":["Zap","Enlightenment"]},{"damage_healed":0,"gold_gain":0,"player_choice":"Fight","damage_taken":0,"max_hp_gain":0,"max_hp_loss":0,"event_name":"MindBloom","floor":99,"gold_loss":0},{"damage_healed":0,"gold_gain":0,"player_choice":"Success","damage_taken":7,"relics_obtained":["Singing Bowl"],"max_hp_gain":0,"max_hp_loss":0,"event_name":"Scrap Ooze","floor":105,"gold_loss":0},{"cards_removed":["Consume"],"damage_healed":7,"gold_gain":0,"player_choice":"Offered Uncommon","damage_taken":0,"max_hp_gain":0,"max_hp_loss":0,"event_name":"Bonfire Elementals","floor":106,"gold_loss":0},{"damage_healed":0,"gold_gain":0,"player_choice":"Take Wound","damage_taken":0,"relics_obtained":["Circlet"],"max_hp_gain":0,"max_hp_loss":0,"event_name":"Golden Idol","floor":107,"gold_loss":0,"cards_obtained":["Injury"]},{"damage_healed":0,"gold_gain":0,"player_choice":"Bought 0 Potions","damage_taken":0,"max_hp_gain":0,"max_hp_loss":0,"event_name":"The Woman in Blue","floor":109,"gold_loss":0},{"damage_healed":0,"gold_gain":0,"cards_transformed":["Reprogram"],"player_choice":"Transformed","damage_taken":0,"max_hp_gain":0,"max_hp_loss":0,"event_name":"Transmorgrifier","floor":115,"gold_loss":0,"cards_obtained":["Skim"]},{"damage_healed":0,"gold_gain":0,"player_choice":"Opened","damage_taken":0,"relics_obtained":["FossilizedHelix"],"max_hp_gain":0,"max_hp_loss":0,"event_name":"The Mausoleum","floor":121,"gold_loss":0,"cards_obtained":["Writhe"]},{"damage_healed":0,"gold_gain":0,"player_choice":"Fight","damage_taken":0,"max_hp_gain":0,"max_hp_loss":0,"event_name":"Colosseum","floor":122,"gold_loss":0},{"damage_healed":0,"gold_gain":0,"player_choice":"Fought Nobs","damage_taken":0,"max_hp_gain":0,"max_hp_loss":0,"event_name":"Colosseum","floor":122,"gold_loss":0},{"damage_healed":0,"gold_gain":0,"player_choice":"Obtained Book","damage_taken":16,"max_hp_gain":0,"max_hp_loss":0,"event_name":"Cursed Tome","floor":129,"gold_loss":0},{"damage_healed":0,"gold_gain":0,"player_choice":"Obtained Relic","damage_taken":0,"relics_obtained":["Circlet"],"max_hp_gain":0,"max_hp_loss":0,"event_name":"Addict","floor":131,"gold_loss":85},{"damage_healed":0,"gold_gain":0,"player_choice":"Got Potions","damage_taken":0,"max_hp_gain":0,"max_hp_loss":0,"event_name":"Lab","floor":138,"gold_loss":0},{"damage_healed":0,"gold_gain":100,"player_choice":"Pray","damage_taken":0,"max_hp_gain":0,"max_hp_loss":0,"event_name":"Golden Shrine","floor":139,"gold_loss":0},{"damage_healed":0,"gold_gain":0,"player_choice":"Ignored","damage_taken":0,"max_hp_gain":0,"max_hp_loss":0,"event_name":"Tomb of Lord Red Mask","floor":141,"gold_loss":0},{"damage_healed":0,"gold_gain":0,"player_choice":"Memory 1","damage_taken":0,"max_hp_gain":0,"max_hp_loss":0,"event_name":"SensoryStone","floor":146,"gold_loss":0},{"damage_healed":0,"gold_gain":0,"player_choice":"Upgraded","damage_taken":0,"max_hp_gain":0,"max_hp_loss":0,"event_name":"Upgrade Shrine","floor":148,"gold_loss":0,"cards_upgraded":["Storm"]}],"is_beta":false,"boss_relics":[{"not_picked":["Orrery","Coffee Dripper"],"picked":"Sozu"},{"not_picked":["Lizard Tail","Nuclear Battery"],"picked":"Black Star"},{"not_picked":["Philosopher\u0027s Stone","Eternal Feather"],"picked":"Calling Bell"},{"not_picked":["Ectoplasm","White Beast Statue"],"picked":"Cursed Key"},{"not_picked":["Empty Cage","Lizard Tail"],"picked":"Nuclear Battery"},{"not_picked":["Runic Dome","Eternal Feather"],"picked":"Philosopher\u0027s Stone"},{"not_picked":["Astrolabe","Velvet Choker"],"picked":"FrozenCore"},{"not_picked":["Snecko Eye","Eternal Feather"],"picked":"Busted Crown"},{"not_picked":["White Beast Statue","Lizard Tail"],"picked":"Tiny House"}],"items_purged_floors":[19,20,29,104,116,123,140],"is_endless":true,"potions_floor_spawned":[1,5,10,12,18,22,25,30,40,45,46,50,57,67,69,70,79,81,101,111,118,122,122,125,128,143,145,152],"ascension_level":0}