{"path_per_floor":["M","?","?","?","M","R","$","R","T","E","M","?","M","?","R","B",null,"M","M","?","?"],"character_chosen":"DEFECT","items_purchased":["Jack Of All Trades"],"gold_per_floor":[118,118,118,83,103,103,13,13,13,45,59,134,152,152,152,252,282,270,283,198,198,198],"floor_reached":22,"campfire_rested":3,"playtime":959,"current_hp_per_floor":[41,41,23,45,40,66,66,89,89,78,78,67,61,61,89,61,94,64,36,36,36,0],"items_purged":[],"gold":198,"score":207,"play_id":"3ceb656b-95ff-4f28-9664-bc26e3abce35","local_time":"20180512193324","is_prod":false,"is_daily":false,"chose_seed":false,"is_ascension_mode":false,"campfire_upgraded":0,"timestamp":1526164404,"path_taken":["M","?","?","?","M","R","$","R","T","E","M","?","M","?","R","BOSS","M","M","?","?","M"],"build_version":"2018-05-12v2","seed_source_timestamp":61458429020952,"purchased_purges":0,"victory":false,"master_deck":["Strike_B+1","Strike_B+1","Strike_B+1","Strike_B+1","Defend_B+1","Defend_B+1","Defend_B+1","Defend_B+1","Zap+1","Dualcast","Loop+1","Barrage","Jack Of All Trades","Steam Power","Beam Cell","Capacitor+1","Seek","Skim","Static Discharge","Capacitor"],"max_hp_per_floor":[89,89,89,89,89,89,89,89,89,89,89,89,89,89,89,89,94,94,94,94,94,94],"relics":["Cracked Core","Mango","Orichalcum","Regal Pillow","War Paint","Tiny House","Dream Catcher"],"card_choices":[{"not_picked":["Go for the Eyes","Rebound"],"picked":"Loop","floor":1},{"not_picked":["Cold Snap","Static Discharge"],"picked":"Barrage","floor":5},{"not_picked":["Rainbow","Sweeping Beam"],"picked":"Steam Power","floor":10},{"not_picked":["Streamline","Leap"],"picked":"Beam Cell","floor":11},{"not_picked":["Darkness","Coolheaded"],"picked":"Capacitor","floor":13},{"not_picked":["Echo Form","Thunder Strike"],"picked":"Seek","floor":16},{"not_picked":["Consume","Hologram"],"picked":"Skim","floor":17},{"not_picked":["Scrape","Barrage"],"picked":"Static Discharge","floor":18},{"not_picked":["Loop","Reprogram"],"picked":"Capacitor","floor":19}],"player_experience":7309,"potions_floor_usage":[10,16,16,22],"damage_taken":[{"damage":11,"enemies":"Jaw Worm","floor":1,"turns":3},{"damage":5,"enemies":"Small Slimes","floor":5,"turns":4},{"damage":11,"enemies":"Lagavulin","floor":10,"turns":5},{"damage":0,"enemies":"Cultist","floor":11,"turns":3},{"damage":6,"enemies":"Blue Slaver","floor":13,"turns":2},{"damage":37,"enemies":"Hexaghost","floor":16,"turns":7},{"damage":30,"enemies":"2 Thieves","floor":18,"turns":4},{"damage":32,"enemies":"Chosen","floor":19,"turns":5},{"damage":36,"enemies":"Snecko","floor":22,"turns":5}],"event_choices":[{"event_name":"Liars Game","player_choice":"disagreed","floor":2,"damage_taken":0},{"event_name":"Scrap Ooze","player_choice":"success","floor":3,"damage_taken":18},{"event_name":"The Cleric","player_choice":"Healed","floor":4,"damage_taken":0},{"event_name":"World of Goop","player_choice":"Gather Gold","floor":12,"damage_taken":0},{"event_name":"Upgrade Shrine","player_choice":"Upgraded","floor":14,"damage_taken":0},{"event_name":"Addict","player_choice":"Obtained Relic","floor":20,"damage_taken":0},{"event_name":"Back to Basics","player_choice":"Simplicity","floor":21,"damage_taken":0}],"boss_relics":[{"not_picked":["Lizard Tail","White Beast Statue"],"picked":"Tiny House"}],"potions_floor_spawned":[5,11,13,19],"seed_played":"-8984420427629064071","killed_by":"Snecko","ascension_level":0,"is_trial":false}