{"gold_per_floor":[368,368,239,255,273,302,302,302,384,384,396,396,9,9,9,86,86,104,104,104,123,48,48],"floor_reached":23,"playtime":1196,"items_purged":["Strike_G"],"score":374,"play_id":"d4826e07-a7b2-4c89-abab-a5df23d2913c","local_time":"20190120103214","is_ascension_mode":true,"campfire_choices":[{"data":"Dagger Spray","floor":7,"key":"SMITH"},{"data":"Skewer","floor":10,"key":"SMITH"},{"data":"Neutralize","floor":12,"key":"SMITH"},{"data":"Deadly Poison","floor":15,"key":"SMITH"}],"neow_cost":"TEN_PERCENT_HP_LOSS","seed_source_timestamp":133063933739247,"circlet_count":0,"master_deck":["AscendersBane","Defend_G","Defend_G","Defend_G","Defend_G","Defend_G","Strike_G","Strike_G","Survivor","Neutralize+1","Quick Slash","Dagger Spray+1","Calculated Gamble","Skewer+1","Deadly Poison+1","Envenom","Noxious Fumes"],"relics":["Ring of the Snake","NlothsMask","Orichalcum","Bronze Scales","OrangePellets","Velvet Choker"],"potions_floor_usage":[6,11,16],"damage_taken":[{"damage":0,"enemies":"2 Louse","floor":1,"turns":4},{"damage":0,"enemies":"Cultist","floor":4,"turns":3},{"damage":1,"enemies":"Small Slimes","floor":5,"turns":4},{"damage":39,"enemies":"Lagavulin","floor":6,"turns":6},{"damage":0,"enemies":"Red Slaver","floor":11,"turns":3},{"damage":7,"enemies":"Slime Boss","floor":16,"turns":8},{"damage":8,"enemies":"Chosen","floor":18,"turns":4},{"damage":0,"enemies":"3 Byrds","floor":21,"turns":3},{"damage":40,"enemies":"Gremlin Leader","floor":23,"turns":4}],"seed_played":"8339273721988694573","potions_obtained":[{"floor":6,"key":"Regen Potion"},{"floor":11,"key":"Strength Potion"},{"floor":16,"key":"FairyPotion"}],"is_trial":false,"path_per_floor":["M","?","$","M","M","E","R","?","T","R","M","R","$","T","R","B",null,"M","?","?","M","?","E"],"character_chosen":"THE_SILENT","items_purchased":["AttackPotion","Bronze Scales","OrangePellets"],"campfire_rested":0,"item_purchase_floors":[3,13,13],"current_hp_per_floor":[59,59,59,59,58,19,19,19,19,19,28,28,28,28,28,21,50,42,26,26,26,26,0],"gold":48,"neow_bonus":"TWO_FIFTY_GOLD","is_prod":false,"is_daily":false,"chose_seed":false,"campfire_upgraded":4,"win_rate":0,"timestamp":1547998334,"path_taken":["M","?","$","M","?","E","R","?","T","R","?","R","$","?","R","BOSS","M","?","?","M","?","E"],"build_version":"2019-01-19","purchased_purges":1,"victory":false,"max_hp_per_floor":[60,60,60,60,60,60,60,60,60,60,60,60,60,60,60,60,60,60,65,65,65,65,65],"card_choices":[{"not_picked":["Underhanded Strike","Expertise"],"picked":"Quick Slash","floor":1},{"not_picked":["Backflip","Quick Slash"],"picked":"Dagger Spray","floor":4},{"not_picked":["Bullet Time","Bane","Prepared"],"picked":"SKIP","floor":5},{"not_picked":["Bane","Distraction"],"picked":"Calculated Gamble","floor":6},{"not_picked":["Deflect","Catalyst"],"picked":"Deadly Poison","floor":11},{"not_picked":["Unload","Doppelganger"],"picked":"Envenom","floor":16},{"not_picked":["Backstab","Heel Hook"],"picked":"Noxious Fumes","floor":18},{"not_picked":["Slice","Acrobatics","Underhanded Strike"],"picked":"SKIP","floor":21}],"player_experience":1110789,"relics_obtained":[{"floor":6,"key":"Orichalcum"}],"event_choices":[{"damage_healed":0,"gold_gain":0,"player_choice":"Trade","damage_taken":0,"relics_obtained":["NlothsMask"],"max_hp_gain":0,"max_hp_loss":0,"event_name":"FaceTrader","floor":2,"gold_loss":0},{"damage_healed":0,"gold_gain":0,"cards_transformed":["Strike_G"],"player_choice":"Transformed","damage_taken":0,"max_hp_gain":0,"max_hp_loss":0,"event_name":"Transmorgrifier","floor":8,"gold_loss":0,"cards_obtained":["Skewer"]},{"damage_healed":0,"gold_gain":0,"player_choice":"Shed Blood","damage_taken":21,"max_hp_gain":5,"max_hp_loss":0,"event_name":"Forgotten Altar","floor":19,"gold_loss":0},{"damage_healed":0,"gold_gain":0,"player_choice":"Ignored","damage_taken":0,"max_hp_gain":0,"max_hp_loss":0,"event_name":"The Mausoleum","floor":20,"gold_loss":0},{"cards_removed":["Strike_G"],"damage_healed":0,"gold_gain":0,"player_choice":"Gave Gold","damage_taken":0,"max_hp_gain":0,"max_hp_loss":0,"event_name":"Beggar","floor":22,"gold_loss":75}],"is_beta":true,"boss_relics":[{"not_picked":["Calling Bell","WristBlade"],"picked":"Velvet Choker"}],"items_purged_floors":[3],"is_endless":false,"potions_floor_spawned":[6,11,16],"killed_by":"Gremlin Leader","ascension_level":20}