{"gold_per_floor":[118,131,81,97,97,97,116,136,218,218,244,244,1,14,14,112,112,129,147,147,347,364,399,399,414,414,414,72,72,101,116,116,212,212],"floor_reached":34,"playtime":1442,"items_purged":["Defend_G","Strike_G"],"score":417,"play_id":"917ae8ce-bba3-4a7a-ac8b-7802de1760e3","local_time":"20190420162010","is_ascension_mode":false,"campfire_choices":[{"data":"Neutralize","floor":6,"key":"SMITH"},{"data":"Dagger Spray","floor":10,"key":"SMITH"},{"data":"Dagger Throw","floor":15,"key":"SMITH"},{"data":"A Thousand Cuts","floor":24,"key":"SMITH"},{"floor":29,"key":"REST"},{"data":"Footwork","floor":32,"key":"SMITH"}],"neow_cost":"NONE","seed_source_timestamp":258939058543875,"circlet_count":0,"master_deck":["Defend_G","Defend_G","Defend_G","Defend_G","Strike_G","Strike_G","Strike_G","Survivor","Neutralize+1","Blind","Dagger Spray+1","Flying Knee","Infinite Blades","Dodge and Roll","Footwork+1","Well Laid Plans","Backflip","Dagger Throw+1","A Thousand Cuts+1","Caltrops","Noxious Fumes","Dodge and Roll+1","Predator+1","PiercingWail","PiercingWail+1","Corpse Explosion"],"relics":["Ring of the Snake","Dodecahedron","Tingsha","PreservedInsect","Runic Dome","Blue Candle","Mango","Nilry\u0027s Codex","Regal Pillow","Prayer Wheel","Lizard Tail"],"potions_floor_usage":[11,16,19,23,23,30,33,33,33],"damage_taken":[{"damage":1,"enemies":"2 Louse","floor":1,"turns":3},{"damage":0,"enemies":"Small Slimes","floor":2,"turns":3},{"damage":0,"enemies":"Cultist","floor":4,"turns":3},{"damage":0,"enemies":"Exordium Wildlife","floor":7,"turns":2},{"damage":0,"enemies":"3 Louse","floor":8,"turns":4},{"damage":21,"enemies":"Gremlin Nob","floor":11,"turns":6},{"damage":0,"enemies":"Lots of Slimes","floor":14,"turns":1},{"damage":18,"enemies":"Hexaghost","floor":16,"turns":13},{"damage":7,"enemies":"Chosen","floor":18,"turns":5},{"damage":12,"enemies":"2 Thieves","floor":19,"turns":3},{"damage":1,"enemies":"Cultist and Chosen","floor":22,"turns":6},{"damage":24,"enemies":"Gremlin Leader","floor":23,"turns":6},{"damage":0,"enemies":"3 Cultists","floor":25,"turns":3},{"damage":18,"enemies":"Slavers","floor":30,"turns":4},{"damage":18,"enemies":"Centurion and Healer","floor":31,"turns":5},{"damage":12,"enemies":"Collector","floor":33,"turns":8}],"seed_played":"-3325399258670885269","potions_obtained":[{"floor":4,"key":"Explosive Potion"},{"floor":7,"key":"GamblersBrew"},{"floor":8,"key":"Block Potion"},{"floor":14,"key":"Regen Potion"},{"floor":19,"key":"Regen Potion"},{"floor":25,"key":"Poison Potion"},{"floor":30,"key":"SteroidPotion"},{"floor":31,"key":"Ancient Potion"}],"is_trial":false,"path_per_floor":["M","M","?","M","?","R","M","M","T","R","E","?","$","M","R","B",null,"M","M","?","?","M","E","R","M","T","?","$","R","E","M","R","B",null],"character_chosen":"THE_SILENT","items_purchased":["Well Laid Plans","Backflip","Energy Potion","Regen Potion","Regal Pillow","PiercingWail"],"campfire_rested":1,"item_purchase_floors":[13,13,13,28,28,28],"current_hp_per_floor":[69,69,69,69,74,74,74,74,74,74,53,53,53,53,53,50,75,68,56,42,42,41,32,32,32,46,30,30,73,55,37,37,40,94],"gold":212,"neow_bonus":"RANDOM_COLORLESS","is_prod":false,"is_daily":false,"chose_seed":false,"campfire_upgraded":5,"win_rate":0,"timestamp":1555773610,"path_taken":["M","M","?","M","?","R","M","M","T","R","E","?","$","?","R","BOSS","M","M","?","?","M","E","R","?","T","?","$","R","E","M","R","BOSS"],"build_version":"2019-04-04","purchased_purges":2,"victory":false,"max_hp_per_floor":[70,70,70,70,75,75,75,75,75,75,75,75,75,75,75,75,75,75,75,80,80,80,80,80,80,94,94,94,94,94,94,94,94,94],"card_choices":[{"not_picked":["Flying Knee","Cloak And Dagger"],"picked":"Dagger Spray","floor":1},{"not_picked":["Dagger Spray","Eviscerate"],"picked":"Flying Knee","floor":2},{"not_picked":["Bane","Underhanded Strike"],"picked":"Infinite Blades","floor":4},{"not_picked":["Setup","Blade Dance"],"picked":"Dodge and Roll","floor":7},{"not_picked":["Sucker Punch","Slice","Dagger Throw"],"picked":"SKIP","floor":8},{"not_picked":["Cloak And Dagger","Acrobatics"],"picked":"Footwork","floor":11},{"not_picked":["Reflex","Calculated Gamble"],"picked":"Dagger Throw","floor":14},{"not_picked":["Grand Finale","Venomology"],"picked":"A Thousand Cuts","floor":16},{"not_picked":["Sucker Punch","Prepared"],"picked":"Caltrops","floor":18},{"not_picked":["Underhanded Strike","Deflect"],"picked":"Noxious Fumes","floor":19},{"not_picked":["Poisoned Stab","Dagger Spray"],"picked":"Dodge and Roll+1","floor":22},{"not_picked":["Calculated Gamble","Setup+1"],"picked":"Predator+1","floor":23},{"not_picked":["Expertise","Dodge and Roll","Riddle With Holes"],"picked":"SKIP","floor":25},{"not_picked":["Bane","Flying Knee","Quick Slash"],"picked":"SKIP","floor":30},{"not_picked":["Doppelganger","Cloak And Dagger"],"picked":"PiercingWail+1","floor":31},{"not_picked":["Prepared","Outmaneuver","Dagger Spray"],"picked":"SKIP","floor":31},{"not_picked":["Die Die Die","Unload"],"picked":"Corpse Explosion","floor":33}],"player_experience":1206425,"relics_obtained":[{"floor":9,"key":"Dodecahedron"},{"floor":11,"key":"Tingsha"},{"floor":23,"key":"Blue Candle"},{"floor":26,"key":"Mango"},{"floor":27,"key":"Nilry\u0027s Codex"},{"floor":30,"key":"Prayer Wheel"}],"event_choices":[{"cards_removed":["Strike_G"],"damage_healed":0,"gold_gain":0,"player_choice":"Card Removal","damage_taken":0,"max_hp_gain":0,"max_hp_loss":0,"event_name":"The Cleric","floor":3,"gold_loss":50},{"damage_healed":0,"gold_gain":0,"player_choice":"Donut","damage_taken":0,"max_hp_gain":5,"max_hp_loss":0,"event_name":"Big Fish","floor":5,"gold_loss":0},{"damage_healed":0,"gold_gain":0,"player_choice":"Gave Potion","damage_taken":0,"relics_obtained":["PreservedInsect"],"max_hp_gain":0,"max_hp_loss":0,"event_name":"WeMeetAgain","floor":12,"gold_loss":0},{"damage_healed":0,"gold_gain":0,"player_choice":"Shed Blood","damage_taken":19,"max_hp_gain":5,"max_hp_loss":0,"event_name":"Forgotten Altar","floor":20,"gold_loss":0},{"damage_healed":0,"gold_gain":200,"player_choice":"Gold","damage_taken":0,"max_hp_gain":0,"max_hp_loss":0,"event_name":"Wheel of Change","floor":21,"gold_loss":0},{"damage_healed":0,"gold_gain":0,"player_choice":"Obtained Book","damage_taken":16,"max_hp_gain":0,"max_hp_loss":0,"event_name":"Cursed Tome","floor":27,"gold_loss":0}],"is_beta":true,"boss_relics":[{"not_picked":["Calling Bell","Orrery"],"picked":"Runic Dome"},{"not_picked":["HoveringKite","Philosopher\u0027s Stone"],"picked":"Lizard Tail"}],"items_purged_floors":[13,28],"is_endless":false,"potions_floor_spawned":[4,7,8,14,19,25,30,31],"ascension_level":0}