{"gold_per_floor":[119,194,3,3,22,49,49,67,67,67,127,156,170,189,189,288,288,299,30,47,62,74,74,2,2],"floor_reached":25,"playtime":1071,"items_purged":[],"score":247,"play_id":"629a7951-5309-4cbf-be9c-af894e4cc2e7","local_time":"20190423125513","is_ascension_mode":true,"campfire_choices":[{"floor":7,"key":"REST"},{"data":"Infernal Blade","floor":10,"key":"SMITH"},{"data":"True Grit","floor":15,"key":"SMITH"},{"floor":23,"key":"REST"}],"neow_cost":"NONE","seed_source_timestamp":943066498053600,"circlet_count":0,"master_deck":["Strike_R","Strike_R","Strike_R+1","Strike_R+1","Strike_R","Defend_R","Defend_R","Defend_R","Defend_R","Bash","True Grit+1","Cleave","Infernal Blade+1","Pummel","Sword Boomerang+1","Iron Wave+1","Second Wind","Dropkick+1","Feed+1","Feel No Pain","Bandage Up","Twin Strike+1","Burning Pact","Armaments","Pummel+1"],"relics":["Burning Blood","Omamori","Chemical X","SsserpentHead","FossilizedHelix","Molten Egg 2","Dodecahedron","Runic Cube","Whetstone"],"potions_floor_usage":[21,22],"damage_taken":[{"damage":6,"enemies":"2 Louse","floor":1,"turns":5},{"damage":0,"enemies":"Cultist","floor":5,"turns":4},{"damage":43,"enemies":"3 Sentries","floor":6,"turns":10},{"damage":0,"enemies":"Small Slimes","floor":8,"turns":2},{"damage":0,"enemies":"Red Slaver","floor":11,"turns":2},{"damage":35,"enemies":"Lagavulin","floor":12,"turns":6},{"damage":6,"enemies":"Blue Slaver","floor":13,"turns":3},{"damage":0,"enemies":"2 Fungi Beasts","floor":14,"turns":2},{"damage":21,"enemies":"Slime Boss","floor":16,"turns":10},{"damage":0,"enemies":"Chosen","floor":18,"turns":6},{"damage":0,"enemies":"Shell Parasite","floor":20,"turns":3},{"damage":41,"enemies":"Sentry and Sphere","floor":21,"turns":8},{"damage":14,"enemies":"Centurion and Healer","floor":22,"turns":8},{"damage":83,"enemies":"Book of Stabbing","floor":25,"turns":6}],"seed_played":"-690065800132810506","potions_obtained":[{"floor":6,"key":"Fire Potion"},{"floor":11,"key":"Poison Potion"},{"floor":12,"key":"Fire Potion"},{"floor":14,"key":"Block Potion"},{"floor":16,"key":"PowerPotion"},{"floor":21,"key":"AttackPotion"}],"is_trial":false,"path_per_floor":["M","?","$","?","M","E","R","M","T","R","M","E","M","M","R","B",null,"M","$","M","M","M","R","$","E"],"character_chosen":"IRONCLAD","items_purchased":["Chemical X","Feel No Pain","Whetstone","Bandage Up","Pummel+1"],"campfire_rested":2,"item_purchase_floors":[3,19,19,19,24],"current_hp_per_floor":[80,69,69,69,75,38,62,68,68,68,74,45,45,51,51,36,80,80,80,80,53,53,79,79,0],"gold":2,"neow_bonus":"RANDOM_COMMON_RELIC","is_prod":false,"is_daily":false,"chose_seed":false,"campfire_upgraded":2,"win_rate":0,"timestamp":1556038513,"path_taken":["M","?","$","?","M","E","R","M","T","R","?","E","M","M","R","BOSS","M","$","M","M","M","R","$","E"],"build_version":"2019-01-23","purchased_purges":0,"victory":false,"max_hp_per_floor":[80,80,80,80,80,80,80,80,80,80,80,80,80,80,80,80,80,80,80,80,84,88,88,88,88],"card_choices":[{"not_picked":["Perfected Strike","Combust"],"picked":"True Grit","floor":1},{"not_picked":["Sword Boomerang","Dropkick"],"picked":"Cleave","floor":5},{"not_picked":["Sword Boomerang","Clash"],"picked":"Infernal Blade","floor":6},{"not_picked":["Sword Boomerang","Corruption"],"picked":"Pummel","floor":8},{"not_picked":["Power Through","Perfected Strike+1"],"picked":"Sword Boomerang+1","floor":11},{"not_picked":["Berserk","Anger+1"],"picked":"Iron Wave+1","floor":12},{"not_picked":["Wild Strike+1","Headbutt+1"],"picked":"Second Wind","floor":13},{"not_picked":["True Grit","Anger+1"],"picked":"Dropkick+1","floor":14},{"not_picked":["Limit Break","Berserk"],"picked":"Feed+1","floor":16},{"not_picked":["Shockwave","Clash+1","Twin Strike+1"],"picked":"SKIP","floor":18},{"not_picked":["Shockwave","Heavy Blade+1"],"picked":"Twin Strike+1","floor":20},{"not_picked":["Power Through+1","Havoc"],"picked":"Burning Pact","floor":21},{"not_picked":["Evolve","Headbutt+1"],"picked":"Armaments","floor":22}],"player_experience":99695,"relics_obtained":[{"floor":6,"key":"FossilizedHelix"},{"floor":9,"key":"Molten Egg 2"},{"floor":12,"key":"Dodecahedron"}],"event_choices":[{"damage_healed":0,"gold_gain":75,"player_choice":"Gather Gold","damage_taken":11,"max_hp_gain":0,"max_hp_loss":0,"event_name":"World of Goop","floor":2,"gold_loss":0},{"damage_healed":0,"gold_gain":0,"player_choice":"Trade","damage_taken":0,"relics_obtained":["SsserpentHead"],"max_hp_gain":0,"max_hp_loss":0,"event_name":"FaceTrader","floor":4,"gold_loss":0}],"is_beta":false,"boss_relics":[{"not_picked":["White Beast Statue","Busted Crown"],"picked":"Runic Cube"}],"items_purged_floors":[],"is_endless":false,"potions_floor_spawned":[6,11,12,14,16,20,21],"killed_by":"Book of Stabbing","ascension_level":3}