{"gold_per_floor":[215,225,225,238,248,273,273,308,308,308,308,30,63,78,78,149,149,164,214,36,50,69,69,103,103,154,154,44,62,62,78,78,151,151,168,93,143,154,154,154,154,154,154,154,554,574,54,54,54,54,54],"floor_reached":52,"playtime":2777,"items_purged":["Strike_B"],"score":1922,"play_id":"9cb9620a-8d45-420a-89f0-c6ede86d99e5","local_time":"20190429111751","is_ascension_mode":true,"campfire_choices":[{"data":"Seek","floor":7,"key":"SMITH"},{"floor":10,"key":"REST"},{"data":"Blizzard","floor":15,"key":"SMITH"},{"data":"Panacea","floor":23,"key":"SMITH"},{"floor":25,"key":"REST"},{"floor":32,"key":"REST"},{"floor":40,"key":"REST"},{"data":"Buffer","floor":42,"key":"SMITH"},{"data":"Coolheaded","floor":44,"key":"SMITH"},{"floor":49,"key":"REST"}],"neow_cost":"NONE","seed_source_timestamp":528185306191300,"circlet_count":0,"master_deck":["AscendersBane","Defend_B","Defend_B","Defend_B","Defend_B","Dualcast","Glacier","Sunder+1","Seek+1","Streamline","Chill","BootSequence","Blizzard+1","Cold Snap","Coolheaded+1","Biased Cognition+1","Glacier","Buffer+1","Panacea+1","Capacitor","Sunder+1","Electrodynamics","Streamline","Meteor Strike","Hologram","Cold Snap+1","Panacea","Reinforced Body","Fission"],"special_seed":0,"relics":["Cracked Core","Boot","Juzu Bracelet","Art of War","PreservedInsect","Dodecahedron","Snecko Eye","Letter Opener","Bronze Scales","MutagenicStrength","Empty Cage","Emotion Chip","Blue Candle","Old Coin","Anchor","Ornamental Fan"],"potions_floor_usage":[6,8,16,16,33,35,51],"damage_taken":[{"damage":1.0,"enemies":"Cultist","floor":1.0,"turns":4.0},{"damage":6.0,"enemies":"Small Slimes","floor":2.0,"turns":6.0},{"damage":0,"enemies":"2 Louse","floor":4,"turns":2},{"damage":9,"enemies":"Large Slime","floor":5,"turns":5},{"damage":8,"enemies":"Gremlin Nob","floor":6,"turns":3},{"damage":13,"enemies":"3 Sentries","floor":8,"turns":7},{"damage":9,"enemies":"Gremlin Nob","floor":13,"turns":3},{"damage":0,"enemies":"Gremlin Gang","floor":14,"turns":3},{"damage":26,"enemies":"The Guardian","floor":16,"turns":17},{"damage":1,"enemies":"Shell Parasite","floor":18,"turns":5},{"damage":0,"enemies":"Spheric Guardian","floor":21,"turns":8},{"damage":8,"enemies":"3 Cultists","floor":22,"turns":5},{"damage":27,"enemies":"Book of Stabbing","floor":24,"turns":4},{"damage":18,"enemies":"Cultist and Chosen","floor":29,"turns":7},{"damage":2,"enemies":"Sentry and Sphere","floor":31,"turns":5},{"damage":0,"enemies":"Champ","floor":33,"turns":12},{"damage":4,"enemies":"3 Darklings","floor":35,"turns":3},{"damage":38,"enemies":"2 Orb Walkers","floor":37,"turns":3},{"damage":5,"enemies":"3 Shapes","floor":38,"turns":3},{"damage":0,"enemies":"Mind Bloom Boss Battle","floor":45,"turns":5},{"damage":5,"enemies":"3 Darklings","floor":46,"turns":4},{"damage":0,"enemies":"Donu and Deca","floor":50,"turns":14},{"damage":29,"enemies":"Time Eater","floor":51,"turns":13}],"seed_played":"503062232894096667","potions_obtained":[{"floor":1.0,"key":"Poison Potion"},{"floor":5,"key":"Dexterity Potion"},{"floor":6,"key":"Fire Potion"},{"floor":13,"key":"Weak Potion"},{"floor":18,"key":"Strength Potion"},{"floor":29,"key":"Swift Potion"},{"floor":31,"key":"Ancient Potion"},{"floor":33,"key":"SteroidPotion"},{"floor":45,"key":"FearPotion"}],"is_trial":false,"path_per_floor":["M","M","?","M","M","E","R","E","T","R","?","$","E","M","R","B",null,"M","?","$","M","M","R","E","R","T","?","?","M","?","M","R","B",null,"M","$","?","M","?","R","?","R","T","R","?","M","$","?","R","B","B",null],"character_chosen":"DEFECT","items_purchased":["PreservedInsect","Cold Snap","Coolheaded","Panacea","Capacitor","Anchor","Ornamental Fan","Fission"],"campfire_rested":5,"item_purchase_floors":[12,12,12,20,20,47,47,47],"current_hp_per_floor":[63,57,57,57,48,40,40,27,27,48,53,53,44,44,44,18,62,61,61,61,61,53,53,26,48,48,48,48,30,30,28,50,50,70,66,66,28,23,23,45,45,45,45,45,45,40,40,40,61,61,32],"gold":54,"neow_bonus":"HUNDRED_GOLD","is_prod":false,"is_daily":false,"chose_seed":false,"campfire_upgraded":5,"win_rate":0,"timestamp":1556529471,"path_taken":["M","M","?","M","?","E","R","E","T","R","?","$","E","M","R","BOSS","M","?","?","M","M","R","E","R","T","?","?","M","?","M","R","BOSS","M","$","?","M","?","R","?","R","T","R","?","M","$","?","R","BOSS","BOSS"],"build_version":"2019-01-23","purchased_purges":1,"victory":true,"max_hp_per_floor":[71,71,71,71,71,71,71,71,71,71,76,76,76,76,76,76,76,76,76,76,76,76,76,76,76,76,76,76,76,76,76,76,76,76,76,76,76,76,76,76,76,76,76,76,76,76,76,72,72,72,72],"card_choices":[{"not_picked":["Tempest","Rebound"],"picked":"Glacier","floor":1.0},{"not_picked":["Auto Shields","Fusion"],"picked":"Sunder","floor":2.0},{"not_picked":["Leap","Heatsinks"],"picked":"Chill","floor":4},{"not_picked":["Storm","Beam Cell"],"picked":"BootSequence","floor":5},{"not_picked":["Go for the Eyes","Beam Cell","Stack"],"picked":"SKIP","floor":6},{"not_picked":["Rebound","FTL"],"picked":"Blizzard","floor":8},{"not_picked":["Rebound","Undo"],"picked":"Biased Cognition","floor":13},{"not_picked":["Stack","Cold Snap"],"picked":"Glacier","floor":14},{"not_picked":["Reboot","Creative AI"],"picked":"Buffer","floor":16},{"not_picked":["Redo+1","Genetic Algorithm","Turbo"],"picked":"SKIP","floor":18},{"not_picked":["Ball Lightning","Double Energy"],"picked":"Sunder+1","floor":21},{"not_picked":["Beam Cell","Stack","Gash"],"picked":"SKIP","floor":22},{"not_picked":["Reprogram","Heatsinks+1"],"picked":"Electrodynamics","floor":24},{"not_picked":["Ball Lightning","Steam","Turbo"],"picked":"SKIP","floor":29},{"not_picked":["Stack+1","Turbo"],"picked":"Streamline","floor":31},{"not_picked":["Biased Cognition","Electrodynamics"],"picked":"Meteor Strike","floor":33},{"not_picked":["Sweeping Beam+1","Go for the Eyes"],"picked":"Hologram","floor":35},{"not_picked":["Lockon","Steam+1"],"picked":"Cold Snap+1","floor":37},{"not_picked":["Gash","Ball Lightning","Coolheaded"],"picked":"SKIP","floor":38},{"not_picked":["Mayhem","Jack Of All Trades"],"picked":"Panacea","floor":39},{"not_picked":["Streamline","Conserve Battery+1"],"picked":"Reinforced Body","floor":46}],"player_experience":645547,"relics_obtained":[{"floor":6,"key":"Boot"},{"floor":8,"key":"Juzu Bracelet"},{"floor":9,"key":"Art of War"},{"floor":13,"key":"Dodecahedron"},{"floor":24,"key":"Letter Opener"},{"floor":26,"key":"Bronze Scales"},{"floor":37,"key":"Emotion Chip"},{"floor":43,"key":"Blue Candle"},{"floor":45,"key":"Old Coin"}],"event_choices":[{"damage_healed":0,"gold_gain":0,"player_choice":"2 cards matched","damage_taken":0,"max_hp_gain":0,"max_hp_loss":0,"event_name":"Match and Keep!","floor":3,"gold_loss":0,"cards_obtained":["Seek","Streamline"]},{"damage_healed":0,"gold_gain":0,"player_choice":"Donut","damage_taken":0,"max_hp_gain":5,"max_hp_loss":0,"event_name":"Big Fish","floor":11,"gold_loss":0},{"damage_healed":0,"gold_gain":100,"player_choice":"Bet on Murderer","damage_taken":0,"max_hp_gain":0,"max_hp_loss":0,"event_name":"The Joust","floor":19,"gold_loss":50},{"damage_healed":0,"gold_gain":0,"player_choice":"Inject Mutagens","damage_taken":0,"relics_obtained":["MutagenicStrength"],"max_hp_gain":0,"max_hp_loss":0,"event_name":"Drug Dealer","floor":27,"gold_loss":0},{"cards_removed":["Strike_B"],"damage_healed":0,"gold_gain":0,"player_choice":"Upgrade and Remove","damage_taken":0,"max_hp_gain":0,"max_hp_loss":0,"event_name":"Designer","floor":28,"gold_loss":110,"cards_upgraded":["Sunder"]},{"damage_healed":0,"gold_gain":0,"player_choice":"Upgraded","damage_taken":0,"max_hp_gain":0,"max_hp_loss":0,"event_name":"Upgrade Shrine","floor":30,"gold_loss":0,"cards_upgraded":["Biased Cognition"]},{"damage_healed":0,"gold_gain":0,"player_choice":"Fight","damage_taken":0,"max_hp_gain":0,"max_hp_loss":0,"event_name":"Mysterious Sphere","floor":37,"gold_loss":0},{"damage_healed":0,"gold_gain":0,"player_choice":"Memory 1","damage_taken":0,"max_hp_gain":0,"max_hp_loss":0,"event_name":"SensoryStone","floor":39,"gold_loss":0},{"cards_removed":["Zap"],"damage_healed":0,"gold_gain":0,"player_choice":"Removed Skill","damage_taken":0,"max_hp_gain":0,"max_hp_loss":0,"event_name":"Falling","floor":41,"gold_loss":0},{"damage_healed":0,"gold_gain":0,"player_choice":"Fight","damage_taken":0,"max_hp_gain":0,"max_hp_loss":0,"event_name":"MindBloom","floor":45,"gold_loss":0},{"damage_healed":0,"gold_gain":0,"player_choice":"Max HP","damage_taken":0,"max_hp_gain":0,"max_hp_loss":4,"event_name":"Winding Halls","floor":48,"gold_loss":0}],"is_beta":false,"boss_relics":[{"not_picked":["Busted Crown","Lizard Tail"],"picked":"Snecko Eye"},{"not_picked":["White Beast Statue","Eternal Feather"],"picked":"Empty Cage"}],"items_purged_floors":[36],"is_endless":false,"potions_floor_spawned":[1,5,6,13,18,29,31,33,45,46],"ascension_level":20}