{"gold_per_floor":[116,116,132,132,149,149,160,160,212,212,230,230,82,98,98,194,244,254,274,23,23,123,123,47,47,47,59,59],"floor_reached":28,"playtime":644,"items_purged":[],"score":316,"play_id":"ff04be96-0dc7-4be2-b395-f76f627b6c6f","local_time":"20190204184326","is_ascension_mode":true,"campfire_choices":[{"data":"Defragment","floor":6,"key":"SMITH"},{"data":"Dualcast","floor":8,"key":"SMITH"},{"data":"Sweeping Beam","floor":10,"key":"SMITH"},{"data":"Scrape","floor":12,"key":"SMITH"},{"data":"Gash","floor":15,"key":"SMITH"},{"floor":23,"key":"REST"},{"floor":25,"key":"REST"}],"neow_cost":"NONE","seed_source_timestamp":496659669021948,"circlet_count":0,"master_deck":["Strike_B+1","Strike_B","Strike_B","Strike_B","Defend_B","Defend_B","Defend_B","Defend_B","Zap+1","Dualcast+1","Sweeping Beam+1","Sweeping Beam","Defragment+1","Sweeping Beam","Scrape+1","Gash+1","Machine Learning","Redo","Steam+1","Rip and Tear","Gash","Necronomicurse","Go for the Eyes","Reprogram","Defragment"],"relics":["Cracked Core","NeowsBlessing","Vajra","Bronze Scales","Tiny House","Lee\u0027s Waffle","Necronomicon","Mango","Singing Bowl","Darkstone Periapt"],"potions_floor_usage":[16,18,22,22,22],"damage_taken":[{"damage":0,"enemies":"Jaw Worm","floor":1,"turns":1},{"damage":0,"enemies":"Small Slimes","floor":3,"turns":1},{"damage":0,"enemies":"Cultist","floor":5,"turns":1},{"damage":13,"enemies":"Blue Slaver","floor":7,"turns":3},{"damage":11,"enemies":"3 Louse","floor":11,"turns":2},{"damage":0,"enemies":"Large Slime","floor":14,"turns":2},{"damage":42,"enemies":"The Guardian","floor":16,"turns":9},{"damage":9,"enemies":"Chosen","floor":18,"turns":4},{"damage":16,"enemies":"Shell Parasite","floor":19,"turns":4},{"damage":40,"enemies":"Colosseum Slavers","floor":22,"turns":5},{"damage":41,"enemies":"Colosseum Nobs","floor":22,"turns":4},{"damage":25,"enemies":"Centurion and Healer","floor":27,"turns":5},{"damage":58,"enemies":"Gremlin Leader","floor":28,"turns":5}],"seed_played":"-3693558061322198881","potions_obtained":[{"floor":1,"key":"Dexterity Potion"},{"floor":7,"key":"EssenceOfSteel"},{"floor":11,"key":"Regen Potion"},{"floor":16,"key":"PowerPotion"},{"floor":17,"key":"Regen Potion"},{"floor":18,"key":"SkillPotion"}],"is_trial":false,"path_per_floor":["M","?","M","?","M","R","M","R","T","R","M","R","$","M","R","B",null,"M","M","$","?","?","R","$","R","T","M","E"],"character_chosen":"DEFECT","items_purchased":["Bronze Scales","Lee\u0027s Waffle","Gash","Reprogram"],"campfire_rested":2,"item_purchase_floors":[13,20,20,24],"current_hp_per_floor":[68,68,68,68,68,68,55,55,55,55,44,44,44,44,44,2,62,65,49,87,71,16,46,46,76,76,51,0],"gold":59,"neow_bonus":"THREE_ENEMY_KILL","is_prod":false,"is_daily":false,"chose_seed":false,"campfire_upgraded":5,"win_rate":0,"timestamp":1549316606,"path_taken":["M","?","M","?","M","R","?","R","T","R","M","R","$","?","R","BOSS","M","M","$","?","?","R","$","R","T","M","E"],"build_version":"2019-01-23","purchased_purges":0,"victory":false,"max_hp_per_floor":[75,75,75,75,75,75,75,75,75,75,75,75,75,75,75,75,80,80,80,87,87,101,101,101,101,101,101,101],"card_choices":[{"not_picked":["Steam Power","Skim"],"picked":"Sweeping Beam","floor":1},{"not_picked":["Hello World","Compile Driver"],"picked":"Sweeping Beam","floor":3},{"not_picked":["Gash","Compile Driver"],"picked":"Defragment","floor":5},{"not_picked":["Cold Snap","Double Energy"],"picked":"Sweeping Beam","floor":7},{"not_picked":["Leap","Ball Lightning"],"picked":"Scrape","floor":11},{"not_picked":["Reprogram","Beam Cell"],"picked":"Gash","floor":14},{"not_picked":["Core Surge","Multi-Cast"],"picked":"Machine Learning","floor":16},{"not_picked":["Conserve Battery","Hologram"],"picked":"Redo","floor":17},{"not_picked":["Loop","Sweeping Beam"],"picked":"Steam+1","floor":18},{"not_picked":["Cold Snap","Capacitor"],"picked":"Rip and Tear","floor":19},{"not_picked":["Hologram","Redo"],"picked":"Go for the Eyes","floor":22},{"not_picked":["Auto Shields","Rainbow"],"picked":"Defragment","floor":27}],"player_experience":715242,"relics_obtained":[{"floor":9,"key":"Vajra"},{"floor":21,"key":"Necronomicon"},{"floor":22,"key":"Mango"},{"floor":22,"key":"Singing Bowl"},{"floor":26,"key":"Darkstone Periapt"}],"event_choices":[{"damage_healed":0,"gold_gain":0,"player_choice":"Grow","damage_taken":0,"max_hp_gain":0,"max_hp_loss":0,"event_name":"Living Wall","floor":2,"gold_loss":0,"cards_upgraded":["Zap"]},{"damage_healed":0,"gold_gain":0,"player_choice":"Ignored","damage_taken":0,"max_hp_gain":0,"max_hp_loss":0,"event_name":"Golden Wing","floor":4,"gold_loss":0},{"damage_healed":0,"gold_gain":0,"player_choice":"Obtained Book","damage_taken":16,"max_hp_gain":0,"max_hp_loss":0,"event_name":"Cursed Tome","floor":21,"gold_loss":0},{"damage_healed":0,"gold_gain":0,"player_choice":"Fight","damage_taken":0,"max_hp_gain":0,"max_hp_loss":0,"event_name":"Colosseum","floor":22,"gold_loss":0},{"damage_healed":0,"gold_gain":0,"player_choice":"Fought Nobs","damage_taken":0,"max_hp_gain":0,"max_hp_loss":0,"event_name":"Colosseum","floor":22,"gold_loss":0}],"is_beta":false,"boss_relics":[{"not_picked":["Calling Bell","Velvet Choker"],"picked":"Tiny House"}],"items_purged_floors":[],"is_endless":false,"potions_floor_spawned":[1,7,11,16,18,19],"killed_by":"Gremlin Leader","ascension_level":8}