{"gold_per_floor":[112,122,140,140,140,174,174,201,256,256,221,221,241,276,276,353,353,370,400,420,50,64,64,94,94,117,32,32,60,3,103,103,181,181,196,208,220,239,587,587,616,616,640,740,740,494,513,541,541,541,541,541,541,63,97,97],"floor_reached":56,"playtime":6493,"items_purged":["Strike_B","Strike_B"],"score":2168,"play_id":"23347938-1b78-4c99-a040-8b1d21c64ac3","local_time":"20190201221956","is_ascension_mode":true,"campfire_choices":[{"data":"Go for the Eyes","floor":10,"key":"SMITH"},{"data":"Streamline","floor":12,"key":"SMITH"},{"data":"Defragment","floor":15,"key":"SMITH"},{"data":"Buffer","floor":23,"key":"SMITH"},{"data":"Defragment","floor":25,"key":"SMITH"},{"floor":28,"key":"REST"},{"floor":32,"key":"REST"},{"data":"Storm","floor":40,"key":"SMITH"},{"data":"Coolheaded","floor":45,"key":"SMITH"},{"floor":49,"key":"RECALL"},{"data":"Storm","floor":53,"key":"SMITH"}],"neow_cost":"NONE","seed_source_timestamp":970940837963157,"circlet_count":0,"master_deck":["AscendersBane","Strike_B","Defend_B","Defend_B","Defend_B","Zap+1","Dualcast","All For One","Undo","Streamline+1","Defragment+1","Cold Snap","Go for the Eyes+1","Compile Driver","Buffer+1","Hologram","FTL+1","Defragment+1","FTL+1","Genetic Algorithm","Coolheaded","Sweeping Beam","Echo Form","Coolheaded","Leap+1","Storm+1","Coolheaded","Defragment+1","Coolheaded+1","Fission+1","Storm+1","Reinforced Body+1","Electrodynamics","Steam Power+1"],"relics":["Cracked Core","Singing Bowl","Shuriken","Strawberry","Dream Catcher","Darkstone Periapt","Sozu","Red Mask","Lee\u0027s Waffle","PreservedInsect","Centennial Puzzle","Pen Nib","Lantern","Prayer Wheel","Ice Cream","Dodecahedron","Orrery","Old Coin","Toxic Egg 2","StoneCalendar","Bag of Preparation","Bottled Tornado","Turnip"],"potions_floor_usage":[6,16,56],"damage_taken":[{"damage":3,"enemies":"2 Louse","floor":1,"turns":3},{"damage":0,"enemies":"Small Slimes","floor":2,"turns":2},{"damage":0,"enemies":"Jaw Worm","floor":3,"turns":3},{"damage":8,"enemies":"Gremlin Nob","floor":6,"turns":3},{"damage":14,"enemies":"3 Sentries","floor":8,"turns":9},{"damage":3,"enemies":"2 Fungi Beasts","floor":13,"turns":3},{"damage":4,"enemies":"Lagavulin","floor":14,"turns":7},{"damage":0,"enemies":"Slime Boss","floor":16,"turns":6},{"damage":7,"enemies":"3 Byrds","floor":18,"turns":5},{"damage":41,"enemies":"Masked Bandits","floor":19,"turns":4},{"damage":1,"enemies":"Spheric Guardian","floor":20,"turns":4},{"damage":7,"enemies":"Shelled Parasite and Fungi","floor":22,"turns":7},{"damage":33,"enemies":"Slavers","floor":24,"turns":5},{"damage":10,"enemies":"Book of Stabbing","floor":29,"turns":4},{"damage":10,"enemies":"Colosseum Slavers","floor":31,"turns":4},{"damage":14,"enemies":"Colosseum Nobs","floor":31,"turns":3},{"damage":8,"enemies":"Collector","floor":33,"turns":9},{"damage":0,"enemies":"3 Shapes","floor":35,"turns":11},{"damage":0,"enemies":"Orb Walker","floor":36,"turns":4},{"damage":0,"enemies":"Sphere and 2 Shapes","floor":37,"turns":11},{"damage":15,"enemies":"Spire Growth","floor":38,"turns":4},{"damage":21,"enemies":"2 Orb Walkers","floor":39,"turns":4},{"damage":0,"enemies":"Giant Head","floor":41,"turns":8},{"damage":0,"enemies":"Mind Bloom Boss Battle","floor":44,"turns":5},{"damage":10,"enemies":"Jaw Worm Horde","floor":47,"turns":5},{"damage":0,"enemies":"Nemesis","floor":48,"turns":5},{"damage":21,"enemies":"Time Eater","floor":50,"turns":12},{"damage":23,"enemies":"Awakened One","floor":51,"turns":18},{"damage":54,"enemies":"Shield and Spear","floor":55,"turns":6},{"damage":42,"enemies":"The Heart","floor":56,"turns":6}],"seed_played":"-4787843709723623579","potions_obtained":[{"floor":2,"key":"AttackPotion"},{"floor":6,"key":"FearPotion"},{"floor":14,"key":"FocusPotion"}],"is_trial":false,"path_per_floor":["M","M","M","?","?","E","T","E","T","R","?","R","M","E","R","B",null,"M","?","M","$","M","R","E","R","T","?","R","E","$","?","R","B",null,"M","M","M","M","?","R","E","?","T","?","R","$","M","E","R","B","B",null,"R","$","E","B"],"character_chosen":"DEFECT","items_purchased":["Lee\u0027s Waffle","PreservedInsect","Coolheaded","Fission+1","Storm","Bottled Tornado","Steam Power+1"],"campfire_rested":2,"item_purchase_floors":[21,21,30,46,46,54,54],"current_hp_per_floor":[61,61,61,54,54,46,46,39,39,39,58,58,55,53,53,53,73,68,27,26,89,84,84,51,51,51,51,78,68,68,46,73,65,92,92,92,96,85,66,66,68,68,68,70,70,70,62,62,62,41,18,91,91,91,39,0],"gold":97,"neow_bonus":"ONE_RANDOM_RARE_CARD","is_prod":false,"is_daily":false,"chose_seed":false,"campfire_upgraded":8,"win_rate":0,"timestamp":1549077596,"path_taken":["M","M","M","?","?","E","?","E","T","R","?","R","M","E","R","BOSS","M","?","M","$","M","R","E","R","T","?","R","E","$","?","R","BOSS","M","M","M","M","?","R","E","?","T","?","R","$","M","E","R","BOSS","BOSS","R","$","E","BOSS"],"build_version":"2019-01-23","purchased_purges":2,"victory":false,"max_hp_per_floor":[71,71,71,71,71,71,71,78,78,78,78,78,78,80,80,80,80,82,82,82,89,91,91,91,91,91,91,91,91,91,93,93,93,99,99,99,103,107,109,109,111,111,111,113,113,113,115,115,115,115,115,115,115,115,117,117],"card_choices":[{"not_picked":["Barrage","Capacitor"],"picked":"Undo","floor":1},{"not_picked":["Chill","Compile Driver"],"picked":"Streamline","floor":2},{"not_picked":["Hologram","Stack"],"picked":"Defragment","floor":3},{"not_picked":["Double Energy","Blizzard"],"picked":"Cold Snap","floor":6},{"not_picked":["Genetic Algorithm","Force Field"],"picked":"Go for the Eyes","floor":8},{"not_picked":["Recycle","Stack"],"picked":"Compile Driver","floor":13},{"not_picked":["Compile Driver","Stack","Streamline"],"picked":"Singing Bowl","floor":14},{"not_picked":["Thunder Strike","Multi-Cast"],"picked":"Buffer","floor":16},{"not_picked":["Reprogram","Steam","Streamline"],"picked":"Singing Bowl","floor":18},{"not_picked":["Fusion+1","Barrage"],"picked":"Hologram","floor":19},{"not_picked":["Turbo","BootSequence"],"picked":"FTL+1","floor":20},{"not_picked":["Amplify","Beam Cell","Turbo+1"],"picked":"Singing Bowl","floor":22},{"not_picked":["Heatsinks","Steam"],"picked":"Defragment","floor":24},{"not_picked":["Rebound","Conserve Battery"],"picked":"FTL+1","floor":28},{"not_picked":["Streamline","Aggregate"],"picked":"Genetic Algorithm","floor":29},{"not_picked":["Stack+1","Darkness","Rip and Tear"],"picked":"Singing Bowl","floor":31},{"not_picked":["Cold Snap","White Noise"],"picked":"Sweeping Beam","floor":32},{"not_picked":["Hyperbeam","Buffer"],"picked":"Echo Form","floor":33},{"not_picked":["Redo+1","Compile Driver"],"picked":"Coolheaded","floor":34},{"not_picked":["Turbo","Redo"],"picked":"Leap+1","floor":34},{"not_picked":["Go for the Eyes","Loop","Streamline"],"picked":"Singing Bowl","floor":34},{"not_picked":["Redo","Thunder Strike","Heatsinks"],"picked":"Singing Bowl","floor":34},{"not_picked":["Beam Cell","Cold Snap+1","Turbo"],"picked":"Singing Bowl","floor":34},{"not_picked":["Aggregate","Leap+1"],"picked":"Storm","floor":35},{"not_picked":["BootSequence","Aggregate"],"picked":"Coolheaded","floor":35},{"not_picked":["Leap","Sweeping Beam"],"picked":"Defragment+1","floor":36},{"not_picked":["Turbo","Consume+1"],"picked":"Coolheaded","floor":36},{"not_picked":["Leap+1","Double Energy","Ball Lightning"],"picked":"Singing Bowl","floor":37},{"not_picked":["Streamline+1","Sweeping Beam","Go for the Eyes+1"],"picked":"Singing Bowl","floor":37},{"not_picked":["Cold Snap","Streamline","White Noise"],"picked":"Singing Bowl","floor":38},{"not_picked":["Ball Lightning","Rebound","Redo"],"picked":"Singing Bowl","floor":38},{"not_picked":["Core Surge","Rebound","Redo"],"picked":"Singing Bowl","floor":39},{"not_picked":["Lockon","Creative AI","Rebound"],"picked":"Singing Bowl","floor":41},{"not_picked":["Go for the Eyes","Turbo+1","Ball Lightning+1"],"picked":"Singing Bowl","floor":44},{"not_picked":["Cold Snap","Go for the Eyes","Stack+1"],"picked":"Singing Bowl","floor":47},{"not_picked":["Storm","Conserve Battery+1"],"picked":"Reinforced Body+1","floor":47},{"not_picked":["Conserve Battery+1","Double Energy+1"],"picked":"Electrodynamics","floor":48},{"not_picked":["Beam Cell+1","Redo+1","Tempest+1"],"picked":"Singing Bowl","floor":55}],"player_experience":1141433,"relics_obtained":[{"floor":6,"key":"Singing Bowl"},{"floor":7,"key":"Shuriken"},{"floor":8,"key":"Strawberry"},{"floor":9,"key":"Dream Catcher"},{"floor":14,"key":"Darkstone Periapt"},{"floor":19,"key":"Red Mask"},{"floor":24,"key":"Centennial Puzzle"},{"floor":26,"key":"Pen Nib"},{"floor":29,"key":"Prayer Wheel"},{"floor":31,"key":"Ice Cream"},{"floor":31,"key":"Dodecahedron"},{"floor":39,"key":"Old Coin"},{"floor":41,"key":"Toxic Egg 2"},{"floor":44,"key":"StoneCalendar"},{"floor":48,"key":"Bag of Preparation"},{"floor":55,"key":"Turnip"}],"event_choices":[{"cards_removed":["Strike_B"],"damage_healed":0,"gold_gain":0,"player_choice":"Card Removal","damage_taken":7,"max_hp_gain":0,"max_hp_loss":0,"event_name":"Golden Wing","floor":4,"gold_loss":0},{"damage_healed":0,"gold_gain":0,"player_choice":"Grow","damage_taken":0,"max_hp_gain":0,"max_hp_loss":0,"event_name":"Living Wall","floor":5,"gold_loss":0,"cards_upgraded":["Zap"]},{"damage_healed":19,"gold_gain":0,"player_choice":"Healed","damage_taken":0,"max_hp_gain":0,"max_hp_loss":0,"event_name":"The Cleric","floor":11,"gold_loss":35},{"damage_healed":0,"gold_gain":0,"player_choice":"Fought Bandits","damage_taken":0,"max_hp_gain":0,"max_hp_loss":0,"event_name":"Masked Bandits","floor":19,"gold_loss":0},{"damage_healed":0,"gold_gain":0,"player_choice":"Obtained Relic","damage_taken":0,"relics_obtained":["Lantern"],"max_hp_gain":0,"max_hp_loss":0,"event_name":"Addict","floor":27,"gold_loss":85},{"damage_healed":0,"gold_gain":0,"player_choice":"Fight","damage_taken":0,"max_hp_gain":0,"max_hp_loss":0,"event_name":"Colosseum","floor":31,"gold_loss":0},{"damage_healed":0,"gold_gain":0,"player_choice":"Fought Nobs","damage_taken":0,"max_hp_gain":0,"max_hp_loss":0,"event_name":"Colosseum","floor":31,"gold_loss":0},{"damage_healed":0,"gold_gain":0,"player_choice":"Fight","damage_taken":0,"max_hp_gain":0,"max_hp_loss":0,"event_name":"Mysterious Sphere","floor":39,"gold_loss":0},{"cards_removed":["Defend_B"],"damage_healed":0,"gold_gain":0,"player_choice":"Removed Skill","damage_taken":0,"max_hp_gain":0,"max_hp_loss":0,"event_name":"Falling","floor":42,"gold_loss":0},{"damage_healed":0,"gold_gain":0,"player_choice":"Fight","damage_taken":0,"max_hp_gain":0,"max_hp_loss":0,"event_name":"MindBloom","floor":44,"gold_loss":0}],"is_beta":false,"boss_relics":[{"not_picked":["Pandora\u0027s Box","Calling Bell"],"picked":"Sozu"},{"not_picked":["Tiny House","Velvet Choker"],"picked":"Orrery"}],"items_purged_floors":[46,54],"is_endless":false,"potions_floor_spawned":[2,6,14,18,19,20,31,35,39,41,47,55],"killed_by":"The Heart","ascension_level":20}