{"gold_per_floor":[117,42,61,61,61,89,89,104,127,154,164,183,183,210,222,306,318,349,39,57,57,76,76,96,66,96,96],"floor_reached":27,"playtime":850,"items_purged":["Strike_G"],"score":496,"play_id":"fe1ff543-2869-4eaf-9fd3-d6235dd42436","local_time":"20190309095249","is_ascension_mode":true,"campfire_choices":[{"data":"Quick Slash","floor":7.0,"key":"SMITH"},{"data":"Deadly Poison","floor":13,"key":"SMITH"},{"data":"Deadly Poison","floor":15,"key":"SMITH"},{"floor":23,"key":"REST"}],"neow_cost":"NONE","seed_source_timestamp":437998546968400,"circlet_count":0,"master_deck":["AscendersBane","Defend_G","Defend_G","Defend_G","Defend_G","Defend_G","Strike_G","Strike_G","Strike_G","Survivor","Neutralize","Quick Slash+1","PiercingWail","Deadly Poison+1","Deadly Poison+1","All Out Attack","Skewer","Night Terror","PiercingWail","Caltrops","Dodge and Roll+1","Riddle With Holes"],"special_seed":0,"relics":["Ring of the Snake","NeowsBlessing","Boot","Pear","Potion Belt","Omamori","MawBank","Velvet Choker","Blood Vial","Tiny Chest"],"potions_floor_usage":[10,16,18,20,20,25],"damage_taken":[{"damage":0.0,"enemies":"Small Slimes","floor":1.0,"turns":1.0},{"damage":0.0,"enemies":"2 Louse","floor":3.0,"turns":1.0},{"damage":0.0,"enemies":"Lagavulin","floor":6.0,"turns":2.0},{"damage":0.0,"enemies":"Jaw Worm","floor":8.0,"turns":3.0},{"damage":15,"enemies":"Gremlin Nob","floor":10,"turns":4},{"damage":1,"enemies":"Exordium Wildlife","floor":11,"turns":5},{"damage":10,"enemies":"Lots of Slimes","floor":12,"turns":3},{"damage":31,"enemies":"Hexaghost","floor":16,"turns":9},{"damage":14,"enemies":"Chosen","floor":18,"turns":4},{"damage":16,"enemies":"Spheric Guardian","floor":20,"turns":6},{"damage":24,"enemies":"Colosseum Slavers","floor":21,"turns":6},{"damage":10,"enemies":"3 Cultists","floor":22,"turns":6},{"damage":17,"enemies":"Snecko","floor":24,"turns":6},{"damage":34,"enemies":"Sentry and Sphere","floor":27,"turns":5}],"seed_played":"-8869965408702760530","potions_obtained":[{"floor":3.0,"key":"GhostInAJar"},{"floor":8.0,"key":"Ancient Potion"},{"floor":10,"key":"SteroidPotion"},{"floor":11,"key":"AttackPotion"},{"floor":16,"key":"Block Potion"},{"floor":18,"key":"Regen Potion"},{"floor":24,"key":"Poison Potion"},{"floor":25,"key":"Fruit Juice"},{"floor":25,"key":"LiquidBronze"}],"is_trial":false,"path_per_floor":["M","?","M","?","?","E","R","M","T","E","M","M","R","T","R","B",null,"M","$","M","?","M","R","M","?","T","M"],"character_chosen":"THE_SILENT","items_purchased":["Blood Vial","Caltrops"],"campfire_rested":1,"item_purchase_floors":[19,19],"current_hp_per_floor":[59,59,59,59,59,69,69,69,69,54,53,43,43,43,43,12,60,46,46,47,25,17,39,24,29,29,0],"gold":96,"neow_bonus":"THREE_ENEMY_KILL","is_prod":false,"is_daily":false,"chose_seed":false,"campfire_upgraded":3,"win_rate":0,"timestamp":1552121569,"path_taken":["M","?","M","?","?","E","R","M","T","E","M","M","R","?","R","BOSS","M","$","M","?","M","R","M","?","T","M"],"build_version":"2019-01-23","purchased_purges":1,"victory":false,"max_hp_per_floor":[66,66,66,66,66,76,76,76,76,76,76,76,76,76,76,76,76,76,76,76,76,76,76,76,81,81,81],"card_choices":[{"not_picked":["Slice","Backflip"],"picked":"Quick Slash","floor":1.0},{"not_picked":["Choke","Blur"],"picked":"PiercingWail","floor":3.0},{"not_picked":["Accuracy","Endless Agony"],"picked":"Deadly Poison","floor":6.0},{"not_picked":["Underhanded Strike","Flying Knee"],"picked":"Deadly Poison","floor":8.0},{"not_picked":["Prepared","Phantasmal Killer","Masterful Stab"],"picked":"SKIP","floor":10},{"not_picked":["Deflect","Acrobatics"],"picked":"All Out Attack","floor":11},{"not_picked":["Dagger Throw","Prepared"],"picked":"Skewer","floor":12},{"not_picked":["A Thousand Cuts","Storm of Steel"],"picked":"Night Terror","floor":16},{"not_picked":["Backflip","Flechettes"],"picked":"PiercingWail","floor":18},{"not_picked":["Dagger Throw","Acrobatics"],"picked":"Dodge and Roll+1","floor":20},{"not_picked":["Cloak And Dagger","Distraction"],"picked":"Riddle With Holes","floor":22},{"not_picked":["Caltrops","Outmaneuver","Sucker Punch"],"picked":"SKIP","floor":24}],"player_experience":541079,"relics_obtained":[{"floor":6.0,"key":"Pear"},{"floor":9.0,"key":"Potion Belt"},{"floor":10,"key":"Omamori"},{"floor":14,"key":"MawBank"},{"floor":26,"key":"Tiny Chest"}],"event_choices":[{"cards_removed":["Strike_G"],"damage_healed":0.0,"max_hp_gain":0.0,"max_hp_loss":0.0,"gold_gain":0.0,"event_name":"The Cleric","player_choice":"Card Removal","floor":2.0,"gold_loss":75.0,"damage_taken":0.0},{"damage_healed":0.0,"max_hp_gain":0.0,"max_hp_loss":0.0,"gold_gain":0.0,"event_name":"Big Fish","player_choice":"Box","floor":4.0,"gold_loss":0.0,"damage_taken":0.0,"relics_obtained":["Boot"],"cards_obtained":["Regret"]},{"cards_removed":["Regret"],"damage_healed":0.0,"max_hp_gain":0.0,"max_hp_loss":0.0,"gold_gain":0.0,"event_name":"Living Wall","player_choice":"Forget","floor":5.0,"gold_loss":0.0,"damage_taken":0.0},{"damage_healed":0,"gold_gain":0,"player_choice":"Fight","damage_taken":0,"max_hp_gain":0,"max_hp_loss":0,"event_name":"Colosseum","floor":21,"gold_loss":0},{"damage_healed":0,"gold_gain":0,"player_choice":"Fled From Nobs","damage_taken":0,"max_hp_gain":0,"max_hp_loss":0,"event_name":"Colosseum","floor":21,"gold_loss":0},{"damage_healed":0,"gold_gain":0,"player_choice":"Bought 2 Potions","damage_taken":0,"max_hp_gain":0,"max_hp_loss":0,"event_name":"The Woman in Blue","floor":25,"gold_loss":0}],"is_beta":false,"boss_relics":[{"not_picked":["Pandora\u0027s Box","Empty Cage"],"picked":"Velvet Choker"}],"items_purged_floors":[19],"is_endless":false,"potions_floor_spawned":[3,8,10,11,16,18,24],"killed_by":"Sentry and Sphere","ascension_level":20}