{"gold_per_floor":[217,292,392,408,418,447,447,447,473,100,100,117,117,130,130,227,227,244,244,258,358,376,404,11,31,58,8,107,107,5,18,18,118,118,137,156,156,156,156,156,188,206,232,232,55,75,75,85,85,85,85,85,8,33,33],"floor_reached":55,"playtime":2232,"items_purged":["Strike_B","Strike_B","Strike_B"],"score":790,"play_id":"ffb2e539-96a2-42a0-88a4-d0146f1e1761","local_time":"20190329200652","is_ascension_mode":false,"campfire_choices":[{"data":"Buffer","floor":8,"key":"SMITH"},{"data":"1","floor":11,"key":"LIFT"},{"data":"2","floor":13,"key":"LIFT"},{"data":"3","floor":15,"key":"LIFT"},{"floor":29,"key":"REST"},{"data":"Zap","floor":32,"key":"SMITH"},{"data":"Capacitor","floor":44,"key":"SMITH"},{"floor":47,"key":"RECALL"},{"data":"Coolheaded","floor":49,"key":"SMITH"},{"data":"Go for the Eyes","floor":52,"key":"SMITH"}],"neow_cost":"NONE","seed_source_timestamp":725911448822225,"circlet_count":0,"master_deck":["Defend_B","Defend_B","Defend_B","Zap+1","Dualcast","Ball Lightning","Rebound","Doom and Gloom","Buffer+1","Genetic Algorithm","Compile Driver+1","Ghostly","Ghostly","Ghostly","Ghostly","Ghostly","Hologram+1","Ball Lightning+1","Beam Cell+1","Conserve Battery","Core Surge","Glacier","Go for the Eyes+1","Coolheaded+1","Rainbow","Ball Lightning+1","Ball Lightning+1","Capacitor+1","Bandage Up","Electrodynamics+1","Loop+1","Ball Lightning","Heatsinks+1","Heatsinks+1","Barrage+1"],"relics":["Cracked Core","Calipers","Strawberry","Girya","Empty Cage","Pocketwatch","Cables","Bronze Scales","Membership Card","Juzu Bracelet","Lee\u0027s Waffle","Velvet Choker","Frozen Egg 2","Happy Flower","Blood Vial","Potion Belt","DataDisk","Bird Faced Urn"],"potions_floor_usage":[6,16,21,22,33,33,50,50,55,55,55,55,55,55,55,55],"damage_taken":[{"damage":0,"enemies":"2 Louse","floor":1,"turns":3},{"damage":0,"enemies":"Small Slimes","floor":4,"turns":2},{"damage":1,"enemies":"Cultist","floor":5,"turns":3},{"damage":18,"enemies":"3 Sentries","floor":6,"turns":4},{"damage":1,"enemies":"Exordium Wildlife","floor":12,"turns":5},{"damage":4,"enemies":"Looter","floor":14,"turns":2},{"damage":27,"enemies":"The Guardian","floor":16,"turns":12},{"damage":14,"enemies":"Shell Parasite","floor":18,"turns":6},{"damage":2,"enemies":"Chosen","floor":20,"turns":5},{"damage":3,"enemies":"Colosseum Slavers","floor":21,"turns":4},{"damage":2,"enemies":"Colosseum Nobs","floor":21,"turns":5},{"damage":1,"enemies":"Centurion and Healer","floor":22,"turns":5},{"damage":27,"enemies":"Slavers","floor":23,"turns":5},{"damage":2,"enemies":"3 Cultists","floor":25,"turns":5},{"damage":0,"enemies":"Sentry and Sphere","floor":31,"turns":5},{"damage":25,"enemies":"Champ","floor":33,"turns":9},{"damage":0,"enemies":"3 Shapes","floor":35,"turns":4},{"damage":0,"enemies":"Orb Walker","floor":36,"turns":4},{"damage":0,"enemies":"Giant Head","floor":41,"turns":8},{"damage":0,"enemies":"Transient","floor":42,"turns":5},{"damage":0,"enemies":"Jaw Worm Horde","floor":46,"turns":4},{"damage":1,"enemies":"Spire Growth","floor":48,"turns":5},{"damage":3,"enemies":"Donu and Deca","floor":50,"turns":7},{"damage":31,"enemies":"Shield and Spear","floor":54,"turns":7},{"damage":58,"enemies":"The Heart","floor":55,"turns":2}],"seed_played":"-3223877347420797439","potions_obtained":[{"floor":5,"key":"Fire Potion"},{"floor":12,"key":"AttackPotion"},{"floor":14,"key":"Weak Potion"},{"floor":22,"key":"Fruit Juice"},{"floor":23,"key":"LiquidBronze"},{"floor":33,"key":"EntropicBrew"},{"floor":42,"key":"PowerPotion"},{"floor":46,"key":"SteroidPotion"}],"is_trial":false,"path_per_floor":["M","?","?","M","M","E","T","R","T","$","R","M","R","M","R","B",null,"M","?","M","?","M","E","$","M","T","$","?","R","$","M","R","B",null,"M","M","?","?","?","T","E","M","T","R","$","M","R","M","R","B",null,"R","$","E","B"],"character_chosen":"DEFECT","items_purchased":["Girya","Membership Card","Core Surge","Glacier","Strength Potion","Coolheaded","Explosive Potion","Lee\u0027s Waffle","Potion Belt","Block Potion","Ball Lightning","DataDisk"],"campfire_rested":1,"item_purchase_floors":[10,24,24,24,24,27,27,30,45,45,45,53],"current_hp_per_floor":[75,64,64,64,63,45,45,45,52,52,52,51,51,47,47,20,82,68,41,39,34,38,11,11,9,9,9,9,22,53,53,53,28,53,53,53,53,53,53,53,53,53,53,53,53,53,53,53,53,53,53,53,53,22,0],"gold":33,"neow_bonus":"HUNDRED_GOLD","is_prod":false,"is_daily":false,"chose_seed":false,"campfire_upgraded":5,"win_rate":0,"timestamp":1553890012,"path_taken":["M","?","?","?","M","E","?","R","T","$","R","M","R","M","R","BOSS","M","?","M","?","M","E","$","M","T","?","?","R","$","M","R","BOSS","M","M","?","?","?","?","E","M","T","R","$","M","R","M","R","BOSS","R","$","E","BOSS"],"build_version":"2019-03-15","purchased_purges":3,"victory":false,"max_hp_per_floor":[75,75,75,75,75,75,75,75,82,82,82,82,82,82,82,82,82,82,41,41,41,46,46,46,46,46,46,46,46,53,53,53,53,53,53,53,53,53,53,53,53,53,53,53,53,53,53,53,53,53,53,53,53,53,53],"card_choices":[{"not_picked":["Turbo","Cold Snap"],"picked":"Ball Lightning","floor":1},{"not_picked":["Static Discharge","Blizzard"],"picked":"Rebound","floor":4},{"not_picked":["Sunder","Compile Driver"],"picked":"Doom and Gloom","floor":5},{"not_picked":["Go for the Eyes","Heatsinks"],"picked":"Buffer","floor":6},{"not_picked":["Fusion","Undo"],"picked":"Genetic Algorithm","floor":12},{"not_picked":["Heatsinks","Steam","Static Discharge"],"picked":"SKIP","floor":14},{"not_picked":["Multi-Cast","Reboot"],"picked":"Seek","floor":16},{"not_picked":["Doom and Gloom+1","Blizzard"],"picked":"Compile Driver+1","floor":18},{"not_picked":["Scrape+1","Turbo"],"picked":"Hologram+1","floor":20},{"not_picked":["Coolheaded","Turbo+1"],"picked":"Ball Lightning+1","floor":21},{"not_picked":["Cold Snap","Streamline+1"],"picked":"Beam Cell+1","floor":22},{"not_picked":["Cold Snap","Redo"],"picked":"Conserve Battery","floor":23},{"not_picked":["Cold Snap","Sweeping Beam"],"picked":"Go for the Eyes","floor":25},{"not_picked":["Go for the Eyes","Leap","Rainbow"],"picked":"SKIP","floor":31},{"not_picked":["Machine Learning","Reboot"],"picked":"Rainbow","floor":33},{"not_picked":["Stack+1","Cold Snap"],"picked":"Ball Lightning+1","floor":35},{"not_picked":["Cold Snap+1","Steam"],"picked":"Ball Lightning+1","floor":36},{"not_picked":["Mind Blast","Dark Shackles"],"picked":"Bandage Up","floor":38},{"not_picked":["Ball Lightning+1","Rebound"],"picked":"Electrodynamics+1","floor":41},{"not_picked":["White Noise+1","Hologram+1"],"picked":"Loop+1","floor":42},{"not_picked":["Leap","Hello World+1"],"picked":"Heatsinks+1","floor":46},{"not_picked":["Sweeping Beam","Chaos+1"],"picked":"Heatsinks+1","floor":48},{"not_picked":["Scrape+1","Cold Snap+1"],"picked":"Barrage+1","floor":54}],"player_experience":1182722,"relics_obtained":[{"floor":6,"key":"Calipers"},{"floor":9,"key":"Strawberry"},{"floor":21,"key":"Pocketwatch"},{"floor":21,"key":"Cables"},{"floor":23,"key":"Bronze Scales"},{"floor":26,"key":"Juzu Bracelet"},{"floor":40,"key":"Frozen Egg 2"},{"floor":41,"key":"Happy Flower"},{"floor":43,"key":"Blood Vial"},{"floor":54,"key":"Bird Faced Urn"}],"event_choices":[{"damage_healed":0,"gold_gain":75,"player_choice":"Gather Gold","damage_taken":11,"max_hp_gain":0,"max_hp_loss":0,"event_name":"World of Goop","floor":2,"gold_loss":0},{"damage_healed":0,"gold_gain":100,"player_choice":"Pray","damage_taken":0,"max_hp_gain":0,"max_hp_loss":0,"event_name":"Golden Shrine","floor":3,"gold_loss":0},{"damage_healed":0,"gold_gain":0,"player_choice":"Became a Ghost","damage_taken":0,"max_hp_gain":0,"max_hp_loss":41,"event_name":"Ghosts","floor":19,"gold_loss":0,"cards_obtained":["Ghostly","Ghostly","Ghostly","Ghostly","Ghostly"]},{"damage_healed":0,"gold_gain":0,"player_choice":"Fight","damage_taken":0,"max_hp_gain":0,"max_hp_loss":0,"event_name":"Colosseum","floor":21,"gold_loss":0},{"damage_healed":0,"gold_gain":0,"player_choice":"Fought Nobs","damage_taken":0,"max_hp_gain":0,"max_hp_loss":0,"event_name":"Colosseum","floor":21,"gold_loss":0},{"damage_healed":0,"gold_gain":99,"player_choice":"Stole From Cult","damage_taken":0,"max_hp_gain":0,"max_hp_loss":0,"event_name":"Nest","floor":28,"gold_loss":0},{"cards_removed":["Seek"],"damage_healed":0,"gold_gain":0,"player_choice":"Took Card","damage_taken":0,"max_hp_gain":0,"max_hp_loss":0,"event_name":"NoteForYourself","floor":37,"gold_loss":0,"cards_obtained":["Capacitor"]},{"damage_healed":0,"gold_gain":0,"player_choice":"Memory 1","damage_taken":0,"max_hp_gain":0,"max_hp_loss":0,"event_name":"SensoryStone","floor":38,"gold_loss":0},{"damage_healed":0,"gold_gain":0,"player_choice":"Ignored","damage_taken":0,"max_hp_gain":0,"max_hp_loss":0,"event_name":"Tomb of Lord Red Mask","floor":39,"gold_loss":0}],"is_beta":true,"boss_relics":[{"not_picked":["Runic Dome","Busted Crown"],"picked":"Empty Cage"},{"not_picked":["Tiny House","Eternal Feather"],"picked":"Velvet Choker"}],"items_purged_floors":[10,24,45],"is_endless":false,"potions_floor_spawned":[5,12,14,21,22,23,33,42,46,48],"killed_by":"The Heart","ascension_level":0}