{"gold_per_floor":[118,118,118,135,151,182,182,214,214,214,227,227,260,7,7,109,109,124,224,242,157,82,82,110,110,158,185,45,63,91,102,102,200,200,210,210,310,310,326,359,359,359,359,375,394,394,394,424,424,424,424,424,0,35,35],"floor_reached":56,"playtime":2500,"items_purged":[],"score":1455,"play_id":"4e535e66-8def-4178-964f-111c426bd4a9","local_time":"20190326145659","is_ascension_mode":true,"campfire_choices":[{"floor":7,"key":"REST"},{"data":"Spot Weakness","floor":10,"key":"SMITH"},{"data":"Metallicize","floor":12,"key":"SMITH"},{"data":"Armaments","floor":15,"key":"SMITH"},{"data":"Barricade","floor":23,"key":"SMITH"},{"data":"Inflame","floor":32,"key":"SMITH"},{"floor":41,"key":"RECALL"},{"data":"Inflame","floor":46,"key":"SMITH"},{"floor":49,"key":"DIG"},{"floor":52,"key":"DIG"}],"neow_cost":"PERCENT_DAMAGE","seed_source_timestamp":1280274451479652,"circlet_count":0,"master_deck":["Strike_R+1","Strike_R+1","Defend_R","Defend_R+1","Defend_R","Defend_R+1","Bash+1","Spot Weakness+1","Twin Strike","Thunderclap","Shrug It Off","Intimidate","Metallicize+1","Heavy Blade","Whirlwind","Armaments+1","Inflame+1","Barricade+1","Clash+1","Necronomicurse","Ghostly Armor+1","Master of Strategy","Inflame+1","Feed","Sword Boomerang+1","Shrug It Off","Uppercut+1","True Grit+1","Shrug It Off","Clothesline","Pommel Strike"],"relics":["Burning Blood","Whetstone","Turnip","The Courier","Happy Flower","Lantern","Busted Crown","Incense Burner","Question Card","Art of War","Centennial Puzzle","Necronomicon","Dodecahedron","StoneCalendar","Coffee Dripper","Calipers","Pear","Blue Candle","Blood Vial","Shovel","Boot","War Paint","Gremlin Horn","Bag of Preparation","Ice Cream","Mummified Hand"],"potions_floor_usage":[6,8,24,55,55,55],"damage_taken":[{"damage":2,"enemies":"Small Slimes","floor":1,"turns":5},{"damage":0,"enemies":"2 Louse","floor":4,"turns":4},{"damage":0,"enemies":"Jaw Worm","floor":5,"turns":3},{"damage":49,"enemies":"Lagavulin","floor":6,"turns":8},{"damage":6,"enemies":"Gremlin Nob","floor":8,"turns":3},{"damage":15,"enemies":"2 Fungi Beasts","floor":11,"turns":4},{"damage":6,"enemies":"Lagavulin","floor":13,"turns":8},{"damage":12,"enemies":"Hexaghost","floor":16,"turns":9},{"damage":1,"enemies":"3 Byrds","floor":18,"turns":5},{"damage":10,"enemies":"Colosseum Slavers","floor":19,"turns":3},{"damage":3,"enemies":"Colosseum Nobs","floor":19,"turns":3},{"damage":5,"enemies":"Chosen","floor":20,"turns":3},{"damage":13,"enemies":"Gremlin Leader","floor":24,"turns":7},{"damage":15,"enemies":"Slavers","floor":27,"turns":3},{"damage":0,"enemies":"Sentry and Sphere","floor":29,"turns":3},{"damage":4,"enemies":"Gremlin Leader","floor":30,"turns":5},{"damage":6,"enemies":"Snake Plant","floor":31,"turns":2},{"damage":0,"enemies":"Champ","floor":33,"turns":7},{"damage":0,"enemies":"Orb Walker","floor":35,"turns":1},{"damage":0,"enemies":"Mind Bloom Boss Battle","floor":37,"turns":3},{"damage":0,"enemies":"3 Shapes","floor":39,"turns":2},{"damage":26,"enemies":"Reptomancer","floor":40,"turns":6},{"damage":0,"enemies":"Transient","floor":44,"turns":5},{"damage":7,"enemies":"Spire Growth","floor":45,"turns":4},{"damage":29,"enemies":"Nemesis","floor":48,"turns":7},{"damage":23,"enemies":"Donu and Deca","floor":50,"turns":12},{"damage":3,"enemies":"Shield and Spear","floor":54,"turns":5},{"damage":49,"enemies":"The Heart","floor":55,"turns":7}],"seed_played":"-3930776371408408573","potions_obtained":[{"floor":1,"key":"Weak Potion"},{"floor":5,"key":"SpeedPotion"},{"floor":6,"key":"Poison Potion"},{"floor":18,"key":"BloodPotion"},{"floor":27,"key":"LiquidBronze"},{"floor":30,"key":"SteroidPotion"},{"floor":37,"key":"Weak Potion"}],"is_trial":false,"path_per_floor":["M","?","?","M","M","E","R","E","T","R","M","R","E","$","R","B",null,"M","?","M","?","?","R","E","?","T","E","$","M","E","M","R","B",null,"M","?","?","T","M","E","R","?","T","M","M","R","T","E","R","B",null,"R","$","E","B",null],"character_chosen":"IRONCLAD","items_purchased":["Whirlwind","Armaments","Inflame","Lantern","Master of Strategy","Bag of Preparation","Ice Cream","Shrug It Off","Clothesline"],"campfire_rested":1,"item_purchase_floors":[14,14,14,14,28,53,53,53,53],"current_hp_per_floor":[76,69,50,56,62,19,47,47,47,47,38,38,38,38,38,32,96,96,95,96,96,96,96,89,73,73,64,64,70,72,72,72,78,96,96,96,96,106,106,86,86,86,86,94,98,98,98,77,77,62,109,109,109,109,76],"gold":35,"neow_bonus":"TWENTY_PERCENT_HP_BONUS","is_prod":false,"is_daily":false,"chose_seed":false,"campfire_upgraded":6,"win_rate":0,"timestamp":1553626619,"path_taken":["M","?","?","M","M","E","R","E","T","R","M","R","E","$","R","BOSS","M","?","M","?","?","R","E","?","T","E","$","M","E","M","R","BOSS","M","?","?","?","M","E","R","?","T","?","M","R","?","E","R","BOSS","R","$","E","BOSS"],"build_version":"2019-03-15","purchased_purges":0,"victory":true,"max_hp_per_floor":[96,96,96,96,96,96,96,96,96,96,96,96,96,96,96,96,96,96,96,96,96,96,96,96,96,96,96,96,96,96,96,96,96,96,96,96,96,106,106,106,106,106,106,106,109,109,109,109,109,109,109,109,109,109,109],"card_choices":[{"not_picked":["Evolve","Entrench"],"picked":"Spot Weakness","floor":1},{"not_picked":["Anger","Rupture"],"picked":"Twin Strike","floor":4},{"not_picked":["Anger","Flex"],"picked":"Thunderclap","floor":5},{"not_picked":["Evolve","Wild Strike"],"picked":"Shrug It Off","floor":6},{"not_picked":["Flex","Infernal Blade"],"picked":"Intimidate","floor":8},{"not_picked":["Wild Strike","Blood for Blood"],"picked":"Metallicize","floor":11},{"not_picked":["Clothesline","Burning Pact"],"picked":"Heavy Blade","floor":13},{"not_picked":["Bludgeon","Juggernaut"],"picked":"Barricade","floor":16},{"not_picked":["Reckless Charge"],"picked":"SKIP","floor":18},{"not_picked":[],"picked":"Clash+1","floor":19},{"not_picked":["Twin Strike","Intimidate"],"picked":"SKIP","floor":20},{"not_picked":["Bloodletting","Cleave+1"],"picked":"SKIP","floor":24},{"not_picked":["Havoc"],"picked":"Ghostly Armor","floor":27},{"not_picked":["Intimidate","Blood for Blood"],"picked":"SKIP","floor":29},{"not_picked":["Heavy Blade"],"picked":"Inflame","floor":30},{"not_picked":["Wild Strike+1","Sentinel"],"picked":"SKIP","floor":31},{"not_picked":["Double Tap"],"picked":"Feed","floor":33},{"not_picked":["Wild Strike","Twin Strike"],"picked":"SKIP","floor":35},{"not_picked":["Armaments+1"],"picked":"Sword Boomerang+1","floor":39},{"not_picked":["Clash+1"],"picked":"Shrug It Off","floor":40},{"not_picked":["Sentinel","Dual Wield+1"],"picked":"SKIP","floor":44},{"not_picked":["Sword Boomerang"],"picked":"Uppercut+1","floor":45},{"not_picked":["Perfected Strike+1"],"picked":"True Grit+1","floor":48},{"not_picked":["Perfected Strike+1"],"picked":"Pommel Strike","floor":54}],"player_experience":5034488,"relics_obtained":[{"floor":6,"key":"Whetstone"},{"floor":8,"key":"Turnip"},{"floor":9,"key":"The Courier"},{"floor":13,"key":"Happy Flower"},{"floor":19,"key":"Incense Burner"},{"floor":19,"key":"Question Card"},{"floor":24,"key":"Centennial Puzzle"},{"floor":25,"key":"Necronomicon"},{"floor":27,"key":"Dodecahedron"},{"floor":30,"key":"StoneCalendar"},{"floor":37,"key":"Calipers"},{"floor":38,"key":"Pear"},{"floor":40,"key":"Blue Candle"},{"floor":43,"key":"Blood Vial"},{"floor":47,"key":"Shovel"},{"floor":48,"key":"Boot"},{"floor":49,"key":"War Paint"},{"floor":52,"key":"Gremlin Horn"},{"floor":54,"key":"Mummified Hand"}],"event_choices":[{"cards_removed":["Strike_R"],"damage_healed":0,"gold_gain":0,"player_choice":"Card Removal","damage_taken":7,"max_hp_gain":0,"max_hp_loss":0,"event_name":"Golden Wing","floor":2,"gold_loss":0},{"damage_healed":0,"gold_gain":0,"player_choice":"Entered Light","damage_taken":19,"max_hp_gain":0,"max_hp_loss":0,"event_name":"Shining Light","floor":3,"gold_loss":0,"cards_upgraded":["Strike_R","Defend_R"]},{"damage_healed":0,"gold_gain":0,"player_choice":"Fight","damage_taken":0,"max_hp_gain":0,"max_hp_loss":0,"event_name":"Colosseum","floor":19,"gold_loss":0},{"damage_healed":0,"gold_gain":0,"player_choice":"Fought Nobs","damage_taken":0,"max_hp_gain":0,"max_hp_loss":0,"event_name":"Colosseum","floor":19,"gold_loss":0},{"damage_healed":0,"gold_gain":0,"player_choice":"Obtained Relic","damage_taken":0,"relics_obtained":["Art of War"],"max_hp_gain":0,"max_hp_loss":0,"event_name":"Addict","floor":21,"gold_loss":85},{"cards_removed":["Strike_R"],"damage_healed":0,"gold_gain":0,"player_choice":"Gave Gold","damage_taken":0,"max_hp_gain":0,"max_hp_loss":0,"event_name":"Beggar","floor":22,"gold_loss":75},{"damage_healed":0,"gold_gain":0,"player_choice":"Obtained Book","damage_taken":16,"max_hp_gain":0,"max_hp_loss":0,"event_name":"Cursed Tome","floor":25,"gold_loss":0},{"damage_healed":0,"gold_gain":0,"player_choice":"Ignored","damage_taken":0,"max_hp_gain":0,"max_hp_loss":0,"event_name":"Tomb of Lord Red Mask","floor":36,"gold_loss":0},{"damage_healed":0,"gold_gain":0,"player_choice":"Fight","damage_taken":0,"max_hp_gain":0,"max_hp_loss":0,"event_name":"MindBloom","floor":37,"gold_loss":0},{"cards_removed":["Strike_R"],"damage_healed":0,"gold_gain":0,"player_choice":"Purged","damage_taken":0,"max_hp_gain":0,"max_hp_loss":0,"event_name":"Purifier","floor":42,"gold_loss":0}],"is_beta":true,"boss_relics":[{"not_picked":["Eternal Feather","Tiny House"],"picked":"Busted Crown"},{"not_picked":["Philosopher\u0027s Stone","Empty Cage"],"picked":"Coffee Dripper"}],"items_purged_floors":[],"is_endless":false,"potions_floor_spawned":[1,5,6,18,19,27,30,35,37],"ascension_level":1}