{"gold_per_floor":[114,114,133,152,152,152,187,74,74,92,126,126,143,169,169,271,271,289,289,299,315,335,363,363,398,424,424,79,79,178,205,205,308,308,318,25,25,38,38,70,0,33,84,84,112,128,162,178,178,178,178,178,23,52,52],"floor_reached":56,"playtime":4354,"items_purged":["Regret","Shame"],"score":1604,"play_id":"e11e24a8-d8aa-4e22-bee2-a6673c88e182","local_time":"20190412123049","is_ascension_mode":true,"campfire_choices":[{"data":"Defragment","floor":6,"key":"SMITH"},{"data":"Loop","floor":15,"key":"SMITH"},{"data":"Consume","floor":24,"key":"SMITH"},{"data":"Capacitor","floor":27,"key":"SMITH"},{"data":"White Noise","floor":32,"key":"SMITH"},{"floor":44,"key":"RECALL"},{"data":"Apotheosis","floor":49,"key":"SMITH"},{"floor":52,"key":"DIG"}],"neow_cost":"TEN_PERCENT_HP_LOSS","seed_source_timestamp":2738448800079268,"circlet_count":0,"master_deck":["Strike_B","Defend_B","Defend_B","Defend_B+1","Zap","Dualcast+1","Coolheaded","Melter","Defragment+1","Sunder","Loop+1","Cold Snap+1","FTL+1","Conserve Battery","Capacitor+1","Rainbow","Chaos+1","Melter+1","Barrage+1","Stack","Hologram+1","Consume+1","White Noise+1","Force Field","Dark Shackles","Buffer","Defragment","Turbo","Turbo+1","Blind","Apotheosis+1","Impatience","Coolheaded","Capacitor","White Noise+1","Reboot","Recycle","Force Field+1","Stack+1"],"relics":["Cracked Core","Boot","Ornamental Fan","Molten Egg 2","Pocketwatch","DataDisk","Runic Dome","Kunai","Lantern","Bottled Tornado","Dead Branch","Shovel","Runic Pyramid","Juzu Bracelet","Pen Nib","Red Mask","Dream Catcher","Bag of Preparation","Potion Belt","Oddly Smooth Stone","Sundial","Anchor","Gremlin Horn"],"potions_floor_usage":[7,7,14,25,40,54,55],"damage_taken":[{"damage":1,"enemies":"Jaw Worm","floor":1,"turns":3},{"damage":1,"enemies":"Cultist","floor":3,"turns":3},{"damage":0,"enemies":"2 Louse","floor":4,"turns":2},{"damage":11,"enemies":"3 Sentries","floor":7,"turns":8},{"damage":4,"enemies":"2 Fungi Beasts","floor":10,"turns":3},{"damage":9,"enemies":"Lagavulin","floor":11,"turns":6},{"damage":2,"enemies":"Looter","floor":13,"turns":2},{"damage":0,"enemies":"Gremlin Nob","floor":14,"turns":2},{"damage":0,"enemies":"The Guardian","floor":16,"turns":10},{"damage":0,"enemies":"Chosen","floor":18,"turns":3},{"damage":0,"enemies":"Spheric Guardian","floor":20,"turns":1},{"damage":4,"enemies":"Centurion and Healer","floor":21,"turns":6},{"damage":1,"enemies":"Cultist and Chosen","floor":22,"turns":4},{"damage":6,"enemies":"Gremlin Leader","floor":23,"turns":6},{"damage":0,"enemies":"Slavers","floor":25,"turns":4},{"damage":9,"enemies":"Book of Stabbing","floor":31,"turns":5},{"damage":2,"enemies":"Collector","floor":33,"turns":8},{"damage":7,"enemies":"Orb Walker","floor":35,"turns":3},{"damage":0,"enemies":"3 Darklings","floor":38,"turns":3},{"damage":20,"enemies":"Reptomancer","floor":40,"turns":7},{"damage":5,"enemies":"Nemesis","floor":42,"turns":5},{"damage":0,"enemies":"Giant Head","floor":45,"turns":10},{"damage":0,"enemies":"Jaw Worm Horde","floor":46,"turns":4},{"damage":0,"enemies":"Reptomancer","floor":47,"turns":5},{"damage":0,"enemies":"Transient","floor":48,"turns":5},{"damage":0,"enemies":"Donu and Deca","floor":50,"turns":8},{"damage":0,"enemies":"Shield and Spear","floor":54,"turns":3},{"damage":24,"enemies":"The Heart","floor":55,"turns":10}],"seed_played":"-3691390359155515596","potions_obtained":[{"floor":2,"key":"GamblersBrew"},{"floor":2,"key":"SneckoOil"},{"floor":2,"key":"SmokeBomb"},{"floor":4,"key":"Regen Potion"},{"floor":7,"key":"AttackPotion"},{"floor":13,"key":"Swift Potion"},{"floor":14,"key":"Explosive Potion"},{"floor":16,"key":"LiquidBronze"},{"floor":23,"key":"Regen Potion"},{"floor":31,"key":"Poison Potion"},{"floor":40,"key":"Ancient Potion"},{"floor":47,"key":"Block Potion"}],"is_trial":false,"path_per_floor":["M","?","M","M","?","R","E","$","T","M","E","?","M","E","R","B",null,"M","?","M","M","M","E","R","E","T","R","$","?","?","E","R","B",null,"M","$","?","M","?","E","?","E","T","R","E","M","E","M","R","B",null,"R","$","E","B",null],"character_chosen":"DEFECT","items_purchased":["Loop","Bottled Tornado","Dark Shackles","Turbo","Juzu Bracelet","Anchor"],"campfire_rested":0,"item_purchase_floors":[8,28,28,36,36,53],"current_hp_per_floor":[67,67,66,66,66,66,55,55,55,51,42,28,26,26,26,26,68,68,68,68,64,63,57,57,57,57,57,57,57,57,48,48,46,68,61,61,61,61,51,31,31,26,26,26,26,26,26,26,26,26,68,68,68,68,44],"gold":52,"neow_bonus":"REMOVE_TWO","is_prod":false,"is_daily":false,"chose_seed":false,"campfire_upgraded":6,"win_rate":0,"timestamp":1555086649,"path_taken":["M","?","?","M","?","R","E","$","T","M","E","?","M","E","R","BOSS","M","?","M","M","M","E","R","E","T","R","$","?","?","E","R","BOSS","M","$","?","M","?","E","?","E","T","R","E","M","E","M","R","BOSS","R","$","E","BOSS"],"build_version":"2019-04-04","purchased_purges":2,"victory":true,"max_hp_per_floor":[68,68,68,68,68,68,68,68,68,68,68,68,68,68,68,68,68,68,68,68,68,68,68,68,68,68,68,68,68,68,68,68,68,68,68,68,68,68,68,68,68,68,68,68,68,68,68,68,68,68,68,68,68,68,68],"card_choices":[{"not_picked":["Double Energy","Steam"],"picked":"Coolheaded","floor":1},{"not_picked":["Redo","Sweeping Beam"],"picked":"Melter","floor":3},{"not_picked":["Sweeping Beam","Gash"],"picked":"Defragment","floor":4},{"not_picked":["Leap","Aggregate"],"picked":"Sunder","floor":7},{"not_picked":["Gash+1","Reinforced Body"],"picked":"Cold Snap+1","floor":10},{"not_picked":["Hyperbeam+1","Sweeping Beam+1"],"picked":"FTL+1","floor":11},{"not_picked":["Redo","Recycle"],"picked":"Conserve Battery","floor":13},{"not_picked":["Tempest","Stack"],"picked":"Capacitor","floor":14},{"not_picked":["All For One+1","Creative AI"],"picked":"Rainbow","floor":16},{"not_picked":["Stack","Rebound+1"],"picked":"Chaos+1","floor":18},{"not_picked":["Compile Driver+1","Beam Cell+1"],"picked":"Stack","floor":20},{"not_picked":["Rip and Tear+1","Leap"],"picked":"Hologram+1","floor":21},{"not_picked":["Skim+1","Steam"],"picked":"Consume","floor":22},{"not_picked":["Sweeping Beam+1","Turbo+1"],"picked":"White Noise","floor":23},{"not_picked":["Streamline+1","Sunder+1"],"picked":"Force Field","floor":25},{"not_picked":["Recycle","Doom and Gloom+1"],"picked":"FTL+1","floor":31},{"not_picked":["Amplify","All For One+1"],"picked":"Buffer","floor":33},{"not_picked":["Stack","Lockon+1"],"picked":"Defragment","floor":35},{"not_picked":["Barrage+1","Chill"],"picked":"Turbo+1","floor":38},{"not_picked":["Panache","Transmutation"],"picked":"Blind","floor":39},{"not_picked":["PanicButton","Chrysalis"],"picked":"Apotheosis","floor":39},{"not_picked":["Mind Blast+1","HandOfGreed+1"],"picked":"Impatience","floor":39},{"not_picked":["Steam","Consume+1"],"picked":"Coolheaded","floor":40},{"not_picked":["White Noise","Stack+1"],"picked":"Capacitor","floor":42},{"not_picked":["Beam Cell+1","Skim"],"picked":"White Noise+1","floor":45},{"not_picked":["Redo","Sunder+1"],"picked":"Reboot","floor":46},{"not_picked":["Hologram","Consume"],"picked":"Recycle","floor":47},{"not_picked":["Turbo","Compile Driver+1"],"picked":"Force Field+1","floor":48},{"not_picked":["Leap+1","Undo+1"],"picked":"Stack+1","floor":54}],"player_experience":5287686,"relics_obtained":[{"floor":7,"key":"Ornamental Fan"},{"floor":9,"key":"Molten Egg 2"},{"floor":11,"key":"Pocketwatch"},{"floor":14,"key":"DataDisk"},{"floor":23,"key":"Kunai"},{"floor":25,"key":"Lantern"},{"floor":31,"key":"Shovel"},{"floor":40,"key":"Pen Nib"},{"floor":42,"key":"Dream Catcher"},{"floor":43,"key":"Bag of Preparation"},{"floor":45,"key":"Potion Belt"},{"floor":47,"key":"Oddly Smooth Stone"},{"floor":52,"key":"Sundial"},{"floor":54,"key":"Gremlin Horn"}],"event_choices":[{"damage_healed":0,"gold_gain":0,"player_choice":"Got Potions","damage_taken":0,"max_hp_gain":0,"max_hp_loss":0,"event_name":"Lab","floor":2,"gold_loss":0},{"damage_healed":0,"gold_gain":0,"player_choice":"Box","damage_taken":0,"relics_obtained":["Boot"],"max_hp_gain":0,"max_hp_loss":0,"event_name":"Big Fish","floor":5,"gold_loss":0,"cards_obtained":["Regret"]},{"damage_healed":0,"gold_gain":0,"player_choice":"Entered Light","damage_taken":14,"max_hp_gain":0,"max_hp_loss":0,"event_name":"Shining Light","floor":12,"gold_loss":0,"cards_upgraded":["Dualcast","Defend_B"]},{"damage_healed":0,"gold_gain":0,"cards_transformed":["Strike_B","Strike_B"],"player_choice":"Became Test Subject","damage_taken":0,"max_hp_gain":0,"max_hp_loss":0,"event_name":"Drug Dealer","floor":19,"gold_loss":0,"cards_obtained":["Melter","Barrage"]},{"damage_healed":0,"gold_gain":0,"player_choice":"Stole Relic","damage_taken":0,"relics_obtained":["Dead Branch"],"max_hp_gain":0,"max_hp_loss":0,"event_name":"Addict","floor":29,"gold_loss":0,"cards_obtained":["Shame"]},{"damage_healed":0,"gold_gain":99,"player_choice":"Stole From Cult","damage_taken":0,"max_hp_gain":0,"max_hp_loss":0,"event_name":"Nest","floor":30,"gold_loss":0},{"cards_removed":["FTL"],"damage_healed":0,"gold_gain":0,"player_choice":"Removed Attack","damage_taken":0,"max_hp_gain":0,"max_hp_loss":0,"event_name":"Falling","floor":37,"gold_loss":0},{"damage_healed":0,"gold_gain":0,"player_choice":"Memory 3","damage_taken":10,"max_hp_gain":0,"max_hp_loss":0,"event_name":"SensoryStone","floor":39,"gold_loss":0},{"damage_healed":0,"gold_gain":0,"player_choice":"Paid","damage_taken":0,"relics_obtained":["Red Mask"],"max_hp_gain":0,"max_hp_loss":0,"event_name":"Tomb of Lord Red Mask","floor":41,"gold_loss":70}],"is_beta":true,"boss_relics":[{"not_picked":["Inserter","Ectoplasm"],"picked":"Runic Dome"},{"not_picked":["Coffee Dripper","Nuclear Battery"],"picked":"Runic Pyramid"}],"items_purged_floors":[8,36],"is_endless":false,"potions_floor_spawned":[4,7,13,14,16,18,23,31,33,35,40,47],"ascension_level":1}