{"gold_per_floor":[119,119,190,209,209,209,243,243,243,268,291,315,28,28,28,28],"floor_reached":16,"playtime":271,"items_purged":[],"score":163,"play_id":"59fe6eff-8935-46c1-86a2-c04e3eb098f3","local_time":"20181228151446","is_ascension_mode":true,"campfire_choices":[{"data":"Body Slam","floor":6,"key":"SMITH"},{"floor":8,"key":"REST"},{"floor":15,"key":"REST"}],"neow_cost":"NONE","seed_source_timestamp":586394536422374,"circlet_count":0,"master_deck":["Strike_R","Strike_R","Strike_R","Strike_R","Strike_R","Defend_R","Defend_R","Defend_R","Defend_R","Bash","Body Slam+1","Carnage","Anger","Flame Barrier","Body Slam","Carnage"],"relics":["Burning Blood","NeowsBlessing","Golden Idol","Gremlin Horn","Letter Opener","WingedGreaves","Membership Card","PreservedInsect"],"potions_floor_usage":[],"damage_taken":[{"damage":0,"enemies":"2 Louse","floor":1,"turns":1},{"damage":0,"enemies":"Jaw Worm","floor":4,"turns":1},{"damage":0,"enemies":"Gremlin Nob","floor":7,"turns":1},{"damage":5,"enemies":"Small Slimes","floor":10,"turns":3},{"damage":62,"enemies":"Exordium Thugs","floor":11,"turns":7},{"damage":17,"enemies":"Looter","floor":12,"turns":3},{"damage":38,"enemies":"Slime Boss","floor":16,"turns":3}],"seed_played":"-2894186132358980504","potions_obtained":[{"floor":1,"key":"GamblersBrew"},{"floor":12,"key":"SpeedPotion"}],"is_trial":false,"path_per_floor":["M","?","T","M","?","R","E","R","T","M","M","M","$","?","R","B"],"character_chosen":"IRONCLAD","items_purchased":["Membership Card","PreservedInsect"],"campfire_rested":2,"item_purchase_floors":[13,13],"current_hp_per_floor":[78,74,74,74,74,74,74,74,74,74,18,7,7,7,29,0],"gold":28,"neow_bonus":"THREE_ENEMY_KILL","is_prod":false,"is_daily":false,"chose_seed":false,"campfire_upgraded":1,"win_rate":0,"timestamp":1546020886,"path_taken":["M","?","?","M","?","R","E","R","T","M","?","M","$","?","R","BOSS"],"build_version":"2018-12-20","purchased_purges":0,"victory":false,"max_hp_per_floor":[80,74,74,74,74,74,74,74,74,74,74,74,74,74,74,74],"card_choices":[{"not_picked":["Blood for Blood","Dual Wield"],"picked":"Body Slam","floor":1},{"not_picked":["Combust","Rage"],"picked":"Carnage","floor":4},{"not_picked":["Blood for Blood","Perfected Strike"],"picked":"Anger","floor":7},{"not_picked":["Shrug It Off","Dropkick"],"picked":"Flame Barrier","floor":10},{"not_picked":["Iron Wave","Dropkick"],"picked":"Body Slam","floor":11},{"not_picked":["True Grit","Wild Strike"],"picked":"Carnage","floor":12}],"player_experience":555270,"relics_obtained":[{"floor":3,"key":"Gremlin Horn"},{"floor":7,"key":"Letter Opener"},{"floor":9,"key":"WingedGreaves"}],"event_choices":[{"damage_healed":0,"gold_gain":0,"player_choice":"Lose Max HP","damage_taken":0,"relics_obtained":["Golden Idol"],"max_hp_gain":0,"max_hp_loss":6,"event_name":"Golden Idol","floor":2,"gold_loss":0},{"damage_healed":0,"gold_gain":0,"player_choice":"Ignored","damage_taken":0,"max_hp_gain":0,"max_hp_loss":0,"event_name":"Purifier","floor":5,"gold_loss":0},{"damage_healed":0,"gold_gain":0,"player_choice":"Fled","damage_taken":0,"max_hp_gain":0,"max_hp_loss":0,"event_name":"Scrap Ooze","floor":14,"gold_loss":0}],"is_beta":false,"boss_relics":[],"items_purged_floors":[],"is_endless":false,"potions_floor_spawned":[1,12],"killed_by":"Slime Boss","ascension_level":6}