{"gold_per_floor":[209,226,226,246,258,292,292,326,380,33,46,46,79,142,142,246,246,261,360,460,90,116,141,157,175,199,217,245,245,245,245,245,348,348,361,361,361,583,112,112,147,147,147,195,230,242,47,147,147,147,147,147,19,49,49],"floor_reached":56,"playtime":3463,"items_purged":["Strike_B","Pain","Pain"],"score":1743,"play_id":"eeb71563-aff4-4f8c-9902-cd9eec2ff246","local_time":"20190308170527","is_ascension_mode":true,"campfire_choices":[{"data":"Defragment","floor":7,"key":"SMITH"},{"data":"Defragment","floor":15,"key":"SMITH"},{"data":"Storm","floor":30,"key":"SMITH"},{"data":"Capacitor","floor":32,"key":"SMITH"},{"data":"Capacitor","floor":40,"key":"SMITH"},{"data":"Hologram","floor":42,"key":"SMITH"},{"floor":49,"key":"RECALL"},{"data":"Zap","floor":52,"key":"SMITH"}],"neow_cost":"NONE","seed_source_timestamp":94213259191032,"circlet_count":0,"master_deck":["Strike_B","Strike_B","Strike_B","Defend_B","Defend_B","Defend_B","Defend_B","Zap+1","Dualcast","Cold Snap","Glacier","Defragment+1","Rainbow","Hologram+1","Defragment+1","Steam+1","Chaos+1","Conserve Battery+1","Capacitor+1","Echo Form","Coolheaded+1","Steam+1","Self Repair+1","Storm+1","BootSequence+1","Capacitor+1","Consume+1","Ghostly+1","Ghostly+1","Ghostly+1","Ghostly+1","Ghostly+1","Rainbow+1","Conserve Battery+1","Glacier+1","Stack+1","Doom and Gloom","Coolheaded+1","Compile Driver+1","Glacier+1","Finesse+1","Finesse+1","Flash of Steel+1","PanicButton+1","Sweeping Beam+1","Chaos+1"],"relics":["Cracked Core","Question Card","Mercury Hourglass","Bottled Lightning","Bronze Scales","Toxic Egg 2","Juzu Bracelet","Meat on the Bone","Lantern","Cursed Key","Ginger","Darkstone Periapt","Calipers","Red Mask","Strawberry","Bag of Preparation","Orichalcum","Black Star","ClockworkSouvenir","Molten Egg 2","Oddly Smooth Stone","Incense Burner","MawBank","Art of War","FossilizedHelix","Unceasing Top","Bag of Marbles"],"potions_floor_usage":[16,18,18,20,22,28,33,41,55,55,55],"damage_taken":[{"damage":1,"enemies":"Cultist","floor":1,"turns":3},{"damage":6,"enemies":"Jaw Worm","floor":2,"turns":3},{"damage":0,"enemies":"2 Louse","floor":4,"turns":3},{"damage":1,"enemies":"Blue Slaver","floor":5,"turns":3},{"damage":24,"enemies":"Gremlin Nob","floor":6,"turns":5},{"damage":0,"enemies":"3 Sentries","floor":8,"turns":7},{"damage":0,"enemies":"Exordium Wildlife","floor":11,"turns":3},{"damage":8,"enemies":"Lagavulin","floor":13,"turns":5},{"damage":3,"enemies":"Gremlin Nob","floor":14,"turns":3},{"damage":0,"enemies":"Slime Boss","floor":16,"turns":5},{"damage":0,"enemies":"3 Byrds","floor":18,"turns":3},{"damage":0,"enemies":"Colosseum Slavers","floor":20,"turns":4},{"damage":14,"enemies":"Colosseum Nobs","floor":20,"turns":4},{"damage":0,"enemies":"Masked Bandits","floor":22,"turns":4},{"damage":0,"enemies":"Gremlin Leader","floor":23,"turns":7},{"damage":0,"enemies":"2 Thieves","floor":24,"turns":3},{"damage":8,"enemies":"3 Cultists","floor":25,"turns":5},{"damage":2,"enemies":"Chosen and Byrds","floor":27,"turns":4},{"damage":14,"enemies":"Slavers","floor":28,"turns":6},{"damage":0,"enemies":"Collector","floor":33,"turns":7},{"damage":3,"enemies":"Orb Walker","floor":35,"turns":3},{"damage":0,"enemies":"Nemesis","floor":41,"turns":7},{"damage":4,"enemies":"2 Orb Walkers","floor":44,"turns":6},{"damage":3,"enemies":"Reptomancer","floor":45,"turns":6},{"damage":0,"enemies":"Mind Bloom Boss Battle","floor":48,"turns":7},{"damage":0,"enemies":"Awakened One","floor":50,"turns":11},{"damage":0,"enemies":"Shield and Spear","floor":54,"turns":7},{"damage":0,"enemies":"The Heart","floor":55,"turns":9}],"seed_played":"8017854557765299532","potions_obtained":[{"floor":4,"key":"SkillPotion"},{"floor":8,"key":"Weak Potion"},{"floor":11,"key":"AttackPotion"},{"floor":16,"key":"EntropicBrew"},{"floor":22,"key":"FearPotion"},{"floor":25,"key":"Strength Potion"},{"floor":27,"key":"Weak Potion"},{"floor":33,"key":"Weak Potion"},{"floor":41,"key":"Strength Potion"},{"floor":48,"key":"FocusPotion"}],"is_trial":false,"path_per_floor":["M","M","T","M","M","E","R","E","T","$","M","?","E","?","R","B",null,"M","?","?","$","?","E","M","M","T","M","E","?","R","?","R","B",null,"M","?","?","?","$","R","E","R","T","?","E","?","$","?","R","B",null,"R","$","E","B",null],"character_chosen":"DEFECT","items_purchased":["Toxic Egg 2","Defragment","Steam+1","Calipers","Glacier+1","Stack+1","ClockworkSouvenir","Doom and Gloom","PanicButton+1","PowerPotion","Chaos+1"],"campfire_rested":0,"item_purchase_floors":[10,10,10,21,39,39,39,39,47,53,53],"current_hp_per_floor":[74,68,68,68,67,43,43,43,43,43,43,43,35,44,44,44,75,75,75,61,61,61,68,68,70,76,84,80,44,44,38,38,48,49,46,46,46,46,46,46,47,47,53,53,50,40,40,50,50,50,53,53,53,53,53],"gold":49,"neow_bonus":"HUNDRED_GOLD","is_prod":false,"is_daily":false,"chose_seed":false,"campfire_upgraded":7,"win_rate":0,"timestamp":1552082727,"path_taken":["M","?","?","M","M","E","R","E","T","$","M","?","E","?","R","BOSS","M","?","?","?","?","E","M","M","T","M","E","?","R","?","R","BOSS","M","?","?","?","?","R","E","R","T","?","E","?","$","?","R","BOSS","R","$","E","BOSS"],"build_version":"2019-02-06","purchased_purges":3,"victory":true,"max_hp_per_floor":[75,75,75,75,75,75,75,75,75,75,75,75,75,75,75,75,75,75,75,75,75,75,82,82,82,88,88,88,44,44,49,49,49,49,49,47,47,47,47,47,47,47,53,53,53,53,53,53,53,53,53,53,53,53,53],"card_choices":[{"not_picked":["Turbo","Sweeping Beam"],"picked":"Cold Snap","floor":1},{"not_picked":["Sweeping Beam","Steam"],"picked":"Rip and Tear","floor":2},{"not_picked":["BootSequence","Capacitor","Hologram"],"picked":"Glacier","floor":4},{"not_picked":["Sweeping Beam","Doom and Gloom","Compile Driver"],"picked":"Defragment","floor":5},{"not_picked":["Steam Power","Multi-Cast","Creative AI"],"picked":"Rainbow","floor":6},{"not_picked":["Blizzard","Melter","Force Field"],"picked":"Hologram","floor":8},{"not_picked":["Barrage","Double Energy+1","Undo+1"],"picked":"Chaos+1","floor":11},{"not_picked":["Consume+1","Stack+1","Undo+1"],"picked":"Conserve Battery+1","floor":13},{"not_picked":["Static Discharge","Stack+1","Chaos+1"],"picked":"Capacitor","floor":14},{"not_picked":["Buffer","Creative AI","Biased Cognition"],"picked":"Echo Form","floor":16},{"not_picked":["Turbo+1","Sweeping Beam","Conserve Battery+1"],"picked":"Coolheaded+1","floor":18},{"not_picked":["Consume+1","Turbo+1","Cold Snap"],"picked":"Steam+1","floor":20},{"not_picked":["Ball Lightning","Sweeping Beam","Compile Driver"],"picked":"Self Repair+1","floor":22},{"not_picked":["Sunder","Genetic Algorithm+1","Barrage+1"],"picked":"Storm","floor":23},{"not_picked":["Force Field+1","Rebound+1","Stack+1"],"picked":"BootSequence+1","floor":24},{"not_picked":["Steam+1","Compile Driver","Sweeping Beam"],"picked":"Capacitor","floor":25},{"not_picked":["Cold Snap","Static Discharge+1","Sunder","Self Repair"],"picked":"SKIP","floor":27},{"not_picked":["Double Energy+1","Self Repair","Redo+1"],"picked":"Consume+1","floor":28},{"not_picked":["Thunder Strike","Hyperbeam","Multi-Cast+1"],"picked":"Rainbow+1","floor":33},{"not_picked":["Ball Lightning","Leap+1","Heatsinks+1"],"picked":"Conserve Battery+1","floor":35},{"not_picked":["Redo+1","Hologram+1","Force Field+1"],"picked":"Coolheaded+1","floor":41},{"not_picked":["Steam+1","Rebound+1","Skim+1"],"picked":"Compile Driver+1","floor":44},{"not_picked":["Storm","Beam Cell+1","Steam+1"],"picked":"Glacier+1","floor":45},{"not_picked":["Deep Breath+1","Transmutation+1","Trip+1"],"picked":"Finesse+1","floor":46},{"not_picked":["Panacea+1","Deep Breath+1","Transmutation+1"],"picked":"Finesse+1","floor":46},{"not_picked":["Chrysalis+1","Dark Shackles+1","Metamorphosis+1"],"picked":"Flash of Steel+1","floor":46},{"not_picked":["Rebound+1","Barrage+1","Reprogram+1"],"picked":"Sweeping Beam+1","floor":48},{"not_picked":["Gash+1","Barrage+1","Amplify+1","Recycle+1"],"picked":"SKIP","floor":54}],"player_experience":4860506,"relics_obtained":[{"floor":3,"key":"Question Card"},{"floor":6,"key":"Mercury Hourglass"},{"floor":8,"key":"Bottled Lightning"},{"floor":9,"key":"Bronze Scales"},{"floor":13,"key":"Meat on the Bone"},{"floor":14,"key":"Lantern"},{"floor":20,"key":"Ginger"},{"floor":20,"key":"Darkstone Periapt"},{"floor":22,"key":"Red Mask"},{"floor":23,"key":"Strawberry"},{"floor":26,"key":"Bag of Preparation"},{"floor":28,"key":"Orichalcum"},{"floor":41,"key":"Molten Egg 2"},{"floor":41,"key":"Oddly Smooth Stone"},{"floor":44,"key":"Incense Burner"},{"floor":45,"key":"MawBank"},{"floor":45,"key":"Art of War"},{"floor":48,"key":"FossilizedHelix"},{"floor":54,"key":"Unceasing Top"},{"floor":54,"key":"Bag of Marbles"}],"event_choices":[{"damage_healed":0,"gold_gain":0,"player_choice":"Gave Potion","damage_taken":0,"relics_obtained":["Juzu Bracelet"],"max_hp_gain":0,"max_hp_loss":0,"event_name":"WeMeetAgain","floor":12,"gold_loss":0},{"damage_healed":0,"gold_gain":0,"player_choice":"Searched \u00271\u0027 times","damage_taken":0,"max_hp_gain":0,"max_hp_loss":0,"event_name":"Dead Adventurer","floor":14,"gold_loss":0},{"damage_healed":0,"gold_gain":99,"player_choice":"Stole From Cult","damage_taken":0,"max_hp_gain":0,"max_hp_loss":0,"event_name":"Nest","floor":19,"gold_loss":0},{"damage_healed":0,"gold_gain":0,"player_choice":"Fight","damage_taken":0,"max_hp_gain":0,"max_hp_loss":0,"event_name":"Colosseum","floor":20,"gold_loss":0},{"damage_healed":0,"gold_gain":0,"player_choice":"Fought Nobs","damage_taken":0,"max_hp_gain":0,"max_hp_loss":0,"event_name":"Colosseum","floor":20,"gold_loss":0},{"damage_healed":0,"gold_gain":0,"player_choice":"Fought Bandits","damage_taken":0,"max_hp_gain":0,"max_hp_loss":0,"event_name":"Masked Bandits","floor":22,"gold_loss":0},{"damage_healed":0,"gold_gain":0,"player_choice":"Became a Ghost","damage_taken":0,"max_hp_gain":0,"max_hp_loss":44,"event_name":"Ghosts","floor":29,"gold_loss":0,"cards_obtained":["Ghostly","Ghostly","Ghostly","Ghostly","Ghostly"]},{"damage_healed":0,"gold_gain":0,"player_choice":"Shed Blood","damage_taken":11,"max_hp_gain":5,"max_hp_loss":0,"event_name":"Forgotten Altar","floor":31,"gold_loss":0},{"damage_healed":0,"gold_gain":0,"player_choice":"Max HP","damage_taken":0,"max_hp_gain":0,"max_hp_loss":2,"event_name":"Winding Halls","floor":36,"gold_loss":0},{"cards_removed":["Rip and Tear"],"damage_healed":0,"gold_gain":0,"player_choice":"Removed Attack","damage_taken":0,"max_hp_gain":0,"max_hp_loss":0,"event_name":"Falling","floor":37,"gold_loss":0},{"damage_healed":0,"gold_gain":222,"player_choice":"Wore Mask","damage_taken":0,"max_hp_gain":0,"max_hp_loss":0,"event_name":"Tomb of Lord Red Mask","floor":38,"gold_loss":0},{"damage_healed":0,"gold_gain":0,"player_choice":"Fight","damage_taken":0,"max_hp_gain":0,"max_hp_loss":0,"event_name":"Mysterious Sphere","floor":44,"gold_loss":0},{"damage_healed":0,"gold_gain":0,"player_choice":"Memory 3","damage_taken":10,"max_hp_gain":0,"max_hp_loss":0,"event_name":"SensoryStone","floor":46,"gold_loss":0},{"damage_healed":0,"gold_gain":0,"player_choice":"Fight","damage_taken":0,"max_hp_gain":0,"max_hp_loss":0,"event_name":"MindBloom","floor":48,"gold_loss":0}],"is_beta":true,"boss_relics":[{"not_picked":["Eternal Feather","Inserter"],"picked":"Cursed Key"},{"not_picked":["Nuclear Battery","Astrolabe"],"picked":"Black Star"}],"items_purged_floors":[21,39,47],"is_endless":false,"potions_floor_spawned":[4,8,11,16,20,22,25,27,33,41,48],"ascension_level":1}