{"gold_per_floor":[116,116,291,303,54,54,54,85,85,85,96,128,128,138,138,138],"floor_reached":16,"playtime":619,"items_purged":[],"score":162,"play_id":"37b7f96d-34cb-4563-ad4f-9924d3f44316","local_time":"20190219234004","is_ascension_mode":true,"campfire_choices":[{"data":"Apotheosis","floor":6,"key":"SMITH"},{"floor":13,"key":"REST"},{"floor":15,"key":"REST"}],"neow_cost":"NONE","seed_source_timestamp":468096202993070,"circlet_count":0,"master_deck":["AscendersBane","Defend_G","Defend_G","Defend_G","Defend_G","Defend_G","Strike_G","Strike_G","Strike_G","Strike_G","Strike_G","Survivor","Neutralize","Backflip","Doubt","Skewer","Apotheosis+1","Noxious Fumes","Skewer","Blur+1","Catalyst+1"],"relics":["Ring of the Snake","Ancient Tea Set","Anchor","Bottled Tornado","Toxic Egg 2","Dodecahedron"],"potions_floor_usage":[16],"damage_taken":[{"damage":0,"enemies":"Small Slimes","floor":1,"turns":4},{"damage":11,"enemies":"Jaw Worm","floor":4,"turns":9},{"damage":10,"enemies":"Lagavulin","floor":8,"turns":8},{"damage":0,"enemies":"2 Louse","floor":11,"turns":4},{"damage":26,"enemies":"Gremlin Nob","floor":12,"turns":4},{"damage":0,"enemies":"Red Slaver","floor":14,"turns":4},{"damage":47,"enemies":"Slime Boss","floor":16,"turns":9}],"seed_played":"3722064518935201512","potions_obtained":[{"floor":8,"key":"AttackPotion"},{"floor":11,"key":"GhostInAJar"},{"floor":14,"key":"SkillPotion"}],"is_trial":false,"path_per_floor":["M","?","?","M","$","R","$","E","T","?","M","E","R","M","R","B"],"character_chosen":"THE_SILENT","items_purchased":["Apotheosis","Noxious Fumes"],"campfire_rested":2,"item_purchase_floors":[5,5],"current_hp_per_floor":[63,51,51,40,40,40,40,30,30,30,30,4,25,25,46,0],"gold":138,"neow_bonus":"RANDOM_COMMON_RELIC","is_prod":false,"is_daily":false,"chose_seed":false,"campfire_upgraded":1,"win_rate":0,"timestamp":1550630404,"path_taken":["M","?","?","M","$","R","?","E","T","?","M","E","R","M","R","BOSS"],"build_version":"2019-01-23","purchased_purges":0,"victory":false,"max_hp_per_floor":[70,70,70,70,70,70,70,70,70,70,70,70,70,70,70,70],"card_choices":[{"not_picked":["Outmaneuver","Bane"],"picked":"Backflip","floor":1},{"not_picked":["Calculated Gamble","Underhanded Strike"],"picked":"Skewer","floor":4},{"not_picked":["Envenom","Outmaneuver"],"picked":"Skewer","floor":8},{"not_picked":["Distraction+1","Cloak And Dagger+1"],"picked":"Blur+1","floor":11},{"not_picked":["Setup+1","Prepared+1","Accuracy"],"picked":"SKIP","floor":12},{"not_picked":["Tactician+1","Choke"],"picked":"Catalyst+1","floor":14}],"player_experience":812641,"relics_obtained":[{"floor":8,"key":"Bottled Tornado"},{"floor":9,"key":"Toxic Egg 2"},{"floor":12,"key":"Dodecahedron"}],"event_choices":[{"damage_healed":0,"gold_gain":0,"player_choice":"Success","damage_taken":12,"relics_obtained":["Anchor"],"max_hp_gain":0,"max_hp_loss":0,"event_name":"Scrap Ooze","floor":2,"gold_loss":0},{"damage_healed":0,"gold_gain":175,"player_choice":"AGREE","damage_taken":0,"max_hp_gain":0,"max_hp_loss":0,"event_name":"Liars Game","floor":3,"gold_loss":0,"cards_obtained":["Doubt"]},{"damage_healed":0,"gold_gain":0,"player_choice":"Ignored","damage_taken":0,"max_hp_gain":0,"max_hp_loss":0,"event_name":"Golden Wing","floor":10,"gold_loss":0}],"is_beta":false,"boss_relics":[],"items_purged_floors":[],"is_endless":false,"potions_floor_spawned":[8,11,14],"killed_by":"Slime Boss","ascension_level":10}