{"gold_per_floor":[119,138,213,230,230,230,242,242,267,301,301,329,343,358,358,436,436,449,149,149,40,56,56,87,32,55,90,90,90,124,134,134,213,213,227,127,127,142,153,153,186,186,186,215,232,232,0,0,0,0],"floor_reached":50,"playtime":2648,"items_purged":["Strike_G","Defend_G"],"score":1357,"play_id":"302765d1-cba6-461c-ad5a-7fbb6e981dc6","local_time":"20190327231343","is_ascension_mode":true,"campfire_choices":[{"data":"Noxious Fumes","floor":6,"key":"SMITH"},{"data":"Bane","floor":8,"key":"SMITH"},{"data":"Bouncing Flask","floor":11,"key":"SMITH"},{"data":"Catalyst","floor":15,"key":"SMITH"},{"data":"Wraith Form v2","floor":23,"key":"SMITH"},{"data":"Footwork","floor":29,"key":"SMITH"},{"data":"Well Laid Plans","floor":32,"key":"SMITH"},{"data":"Wraith Form v2","floor":40,"key":"SMITH"},{"data":"Deadly Poison","floor":42,"key":"SMITH"},{"data":"Acrobatics","floor":49,"key":"SMITH"}],"neow_cost":"NONE","seed_source_timestamp":563902221207606,"circlet_count":0,"master_deck":["AscendersBane","Defend_G","Defend_G","Defend_G","Defend_G","Survivor","Neutralize+1","Bouncing Flask+1","Noxious Fumes+1","Bane+1","Footwork+1","Catalyst+1","Deadly Poison+1","Wraith Form v2+1","Dodge and Roll","Acrobatics+1","Bite","Bite","Bite","Bite","Bite","Well Laid Plans+1","Deflect","Backflip+1","Wraith Form v2+1","Crippling Poison+1","Deflect+1","Acrobatics","PiercingWail+1"],"relics":["Ring of the Snake","PreservedInsect","Orichalcum","Ninja Scroll","Sozu","Snake Skull","Bottled Tornado","Tiny Chest","Pen Nib","Vajra","Bronze Scales","WristBlade","Oddly Smooth Stone","Torii","Potion Belt","Red Mask"],"potions_floor_usage":[7,12,13,13,16,50],"damage_taken":[{"damage":2,"enemies":"2 Louse","floor":1,"turns":3},{"damage":4,"enemies":"Small Slimes","floor":2,"turns":3},{"damage":0,"enemies":"Cultist","floor":4,"turns":3},{"damage":2,"enemies":"3 Louse","floor":7,"turns":3},{"damage":8,"enemies":"Gremlin Nob","floor":10,"turns":3},{"damage":6,"enemies":"3 Sentries","floor":12,"turns":6},{"damage":1,"enemies":"Large Slime","floor":13,"turns":4},{"damage":0,"enemies":"Looter","floor":14,"turns":2},{"damage":18,"enemies":"Slime Boss","floor":16,"turns":7},{"damage":15,"enemies":"Shell Parasite","floor":18,"turns":2},{"damage":0,"enemies":"Spheric Guardian","floor":22,"turns":3},{"damage":0,"enemies":"Gremlin Leader","floor":24,"turns":6},{"damage":30,"enemies":"Slavers","floor":27,"turns":5},{"damage":6,"enemies":"Gremlin Leader","floor":30,"turns":4},{"damage":15,"enemies":"Shelled Parasite and Fungi","floor":31,"turns":4},{"damage":7,"enemies":"Automaton","floor":33,"turns":8},{"damage":12,"enemies":"3 Shapes","floor":35,"turns":4},{"damage":5,"enemies":"Orb Walker","floor":38,"turns":3},{"damage":0,"enemies":"Spire Growth","floor":39,"turns":3},{"damage":0,"enemies":"Nemesis","floor":41,"turns":5},{"damage":0,"enemies":"Giant Head","floor":44,"turns":5},{"damage":0,"enemies":"Transient","floor":45,"turns":6},{"damage":64,"enemies":"Awakened One","floor":50,"turns":12}],"seed_played":"-6301586213348631857","potions_obtained":[{"floor":2,"key":"Swift Potion"},{"floor":4,"key":"SkillPotion"},{"floor":5,"key":"EntropicBrew"},{"floor":7,"key":"Poison Potion"},{"floor":13,"key":"Swift Potion"}],"is_trial":false,"path_per_floor":["M","M","?","M","?","R","M","R","T","E","R","E","M","M","R","B",null,"M","$","?","$","M","R","E","?","T","E","?","R","E","M","R","B",null,"M","$","?","M","M","R","E","R","T","E","M","?","?","$","R","B"],"character_chosen":"THE_SILENT","items_purchased":["Snake Skull","Acrobatics","Well Laid Plans","Deflect"],"campfire_rested":0,"item_purchase_floors":[19,19,21,21],"current_hp_per_floor":[57,53,42,42,42,42,40,40,40,32,32,26,25,25,25,7,51,36,36,36,36,42,42,46,46,46,24,33,33,37,26,26,39,44,38,38,38,39,39,39,46,46,46,46,46,46,46,46,46,0],"gold":0,"neow_bonus":"UPGRADE_CARD","is_prod":false,"is_daily":false,"chose_seed":false,"campfire_upgraded":10,"win_rate":0,"timestamp":1553728423,"path_taken":["M","M","?","M","?","R","?","R","T","E","R","E","M","M","R","BOSS","M","$","?","$","M","R","E","?","T","E","?","R","E","M","R","BOSS","M","$","?","M","M","R","E","R","T","E","M","?","?","?","R","BOSS"],"build_version":"2019-03-15","purchased_purges":2,"victory":false,"max_hp_per_floor":[66,66,66,66,66,66,66,66,66,66,66,66,66,66,66,66,66,66,66,46,46,46,46,46,46,46,46,46,46,46,46,46,46,46,46,46,46,46,46,46,46,46,46,46,46,46,46,46,46,46],"card_choices":[{"not_picked":["Bane","Masterful Stab"],"picked":"Bouncing Flask","floor":1},{"not_picked":["Dagger Spray","Accuracy"],"picked":"Noxious Fumes","floor":2},{"not_picked":["Cloak And Dagger","Flying Knee"],"picked":"Bane","floor":4},{"not_picked":["Poisoned Stab","Outmaneuver"],"picked":"Footwork","floor":7},{"not_picked":["Infinite Blades","Venomology","Blade Dance"],"picked":"SKIP","floor":10},{"not_picked":["Dagger Spray","Deflect"],"picked":"Catalyst","floor":12},{"not_picked":["Finisher","Prepared","Expertise"],"picked":"SKIP","floor":13},{"not_picked":["Outmaneuver","Distraction"],"picked":"Deadly Poison","floor":14},{"not_picked":["Die Die Die","Glass Knife"],"picked":"Wraith Form v2","floor":16},{"not_picked":["Choke","Dash"],"picked":"Dodge and Roll","floor":18},{"not_picked":["Eviscerate","Deflect"],"picked":"Backflip+1","floor":22},{"not_picked":["Tools of the Trade","Slice+1","Concentrate"],"picked":"SKIP","floor":24},{"not_picked":["Finisher","Dagger Throw","Blade Dance+1"],"picked":"SKIP","floor":27},{"not_picked":["Choke+1","Dagger Throw","Blade Dance+1"],"picked":"SKIP","floor":30},{"not_picked":["Masterful Stab","Underhanded Strike","Flying Knee"],"picked":"SKIP","floor":31},{"not_picked":["Bullet Time","Unload"],"picked":"Wraith Form v2","floor":33},{"not_picked":["Acrobatics+1","Cloak And Dagger"],"picked":"Crippling Poison+1","floor":35},{"not_picked":["Deadly Poison+1","Quick Slash","Flying Knee"],"picked":"SKIP","floor":38},{"not_picked":["Riddle With Holes","Cloak And Dagger"],"picked":"Deflect+1","floor":39},{"not_picked":["Flying Knee","Flechettes+1"],"picked":"Acrobatics","floor":41},{"not_picked":["Backstab+1","Dagger Throw","Terror"],"picked":"SKIP","floor":44},{"not_picked":["Reflex","Die Die Die"],"picked":"PiercingWail+1","floor":45}],"player_experience":1164351,"relics_obtained":[{"floor":9,"key":"PreservedInsect"},{"floor":10,"key":"Orichalcum"},{"floor":12,"key":"Ninja Scroll"},{"floor":24,"key":"Bottled Tornado"},{"floor":26,"key":"Pen Nib"},{"floor":27,"key":"Vajra"},{"floor":30,"key":"Bronze Scales"},{"floor":41,"key":"Oddly Smooth Stone"},{"floor":43,"key":"Torii"},{"floor":44,"key":"Potion Belt"}],"event_choices":[{"damage_healed":0,"gold_gain":75,"player_choice":"Gather Gold","damage_taken":11,"max_hp_gain":0,"max_hp_loss":0,"event_name":"World of Goop","floor":3,"gold_loss":0},{"damage_healed":0,"gold_gain":0,"player_choice":"Got Potions","damage_taken":0,"max_hp_gain":0,"max_hp_loss":0,"event_name":"Lab","floor":5,"gold_loss":0},{"damage_healed":0,"gold_gain":0,"player_choice":"Became a vampire","damage_taken":0,"max_hp_gain":0,"max_hp_loss":20,"event_name":"Vampires","floor":20,"gold_loss":0,"cards_obtained":["Bite","Bite","Bite","Bite","Bite"]},{"damage_healed":0,"gold_gain":0,"player_choice":"Obtained Relic","damage_taken":0,"relics_obtained":["Tiny Chest"],"max_hp_gain":0,"max_hp_loss":0,"event_name":"Addict","floor":25,"gold_loss":85},{"damage_healed":9,"gold_gain":0,"player_choice":"Heal","damage_taken":0,"max_hp_gain":0,"max_hp_loss":0,"event_name":"The Library","floor":28,"gold_loss":0},{"damage_healed":0,"gold_gain":0,"player_choice":"Ignored","damage_taken":0,"max_hp_gain":0,"max_hp_loss":0,"event_name":"Mysterious Sphere","floor":37,"gold_loss":0},{"damage_healed":0,"gold_gain":0,"player_choice":"Memory 1","damage_taken":0,"max_hp_gain":0,"max_hp_loss":0,"event_name":"SensoryStone","floor":46,"gold_loss":0},{"damage_healed":0,"gold_gain":0,"player_choice":"Paid","damage_taken":0,"relics_obtained":["Red Mask"],"max_hp_gain":0,"max_hp_loss":0,"event_name":"Tomb of Lord Red Mask","floor":47,"gold_loss":232}],"is_beta":true,"boss_relics":[{"not_picked":["Calling Bell","Eternal Feather"],"picked":"Sozu"},{"not_picked":["Cursed Key","Fusion Hammer"],"picked":"WristBlade"}],"items_purged_floors":[19,36],"is_endless":false,"potions_floor_spawned":[2,4,7,13,18,24,31,38],"killed_by":"Awakened One","ascension_level":20}