{"gold_per_floor":[368,383,394,32,44,44,74,84,107,127,127,88,88,50,50,127,127,147,58,72,72],"floor_reached":21,"playtime":615,"items_purged":["Strike_R"],"score":326,"play_id":"df636e39-29ab-4cfe-bc58-286fe8eab92d","local_time":"20190420095353","is_ascension_mode":true,"campfire_choices":[{"data":"Armaments","floor":6,"key":"SMITH"},{"floor":11,"key":"REST"},{"floor":13,"key":"REST"},{"data":"Limit Break","floor":15,"key":"SMITH"}],"neow_cost":"TEN_PERCENT_HP_LOSS","seed_source_timestamp":763371987062159,"circlet_count":0,"master_deck":["AscendersBane","Strike_R","Strike_R","Strike_R","Strike_R","Defend_R","Defend_R","Defend_R","Defend_R","Bash","Iron Wave","Shockwave","Armaments+1","Whirlwind","Carnage","Limit Break+1","Impervious","Dropkick","Demon Form"],"relics":["Burning Blood","Membership Card","Gremlin Horn","Bag of Marbles","Potion Belt","Philosopher\u0027s Stone"],"potions_floor_usage":[16,21],"damage_taken":[{"damage":9,"enemies":"2 Louse","floor":1,"turns":2},{"damage":10,"enemies":"Small Slimes","floor":2,"turns":6},{"damage":4,"enemies":"Cultist","floor":3,"turns":5},{"damage":8,"enemies":"2 Fungi Beasts","floor":5,"turns":4},{"damage":30,"enemies":"3 Sentries","floor":7,"turns":8},{"damage":16,"enemies":"Looter","floor":8,"turns":4},{"damage":17,"enemies":"Large Slime","floor":10,"turns":6},{"damage":47,"enemies":"The Guardian","floor":16,"turns":10},{"damage":21,"enemies":"2 Thieves","floor":18,"turns":4},{"damage":33,"enemies":"Spheric Guardian","floor":20,"turns":6},{"damage":17,"enemies":"Snake Plant","floor":21,"turns":2}],"seed_played":"199140751353994960","potions_obtained":[{"floor":3,"key":"EssenceOfSteel"},{"floor":5,"key":"Ancient Potion"},{"floor":7,"key":"Strength Potion"},{"floor":10,"key":"LiquidBronze"}],"is_trial":false,"path_per_floor":["M","M","M","$","M","R","E","M","T","M","R","$","R","$","R","B",null,"M","$","M","M"],"character_chosen":"IRONCLAD","items_purchased":["Membership Card","Gremlin Horn","Limit Break","Demon Form"],"campfire_rested":2,"item_purchase_floors":[4,4,12,19],"current_hp_per_floor":[65,61,63,63,61,61,37,27,27,16,36,36,56,56,56,15,55,40,40,13,0],"gold":72,"neow_bonus":"TWO_FIFTY_GOLD","is_prod":false,"is_daily":false,"chose_seed":false,"campfire_upgraded":2,"win_rate":0,"timestamp":1555764833,"path_taken":["M","M","M","$","M","R","E","M","T","M","R","$","R","$","R","BOSS","M","$","M","M"],"build_version":"2019-01-23","purchased_purges":1,"victory":false,"max_hp_per_floor":[68,68,68,68,68,68,68,68,68,68,68,68,68,68,68,68,68,68,68,68,68],"card_choices":[{"not_picked":["Pommel Strike","Rage"],"picked":"Iron Wave","floor":1},{"not_picked":["True Grit","Clash"],"picked":"Shockwave","floor":2},{"not_picked":["True Grit","Blood for Blood"],"picked":"Armaments","floor":3},{"not_picked":["Clothesline","Sentinel"],"picked":"Whirlwind","floor":5},{"not_picked":["Sentinel","Cleave","Havoc"],"picked":"SKIP","floor":7},{"not_picked":["Dropkick","Body Slam"],"picked":"Carnage","floor":8},{"not_picked":["Havoc","Bloodletting","Heavy Blade"],"picked":"SKIP","floor":10},{"not_picked":["Double Tap","Fiend Fire"],"picked":"Impervious","floor":16},{"not_picked":["Cleave","Body Slam"],"picked":"Dropkick","floor":18},{"not_picked":["Thunderclap","Reckless Charge","Evolve"],"picked":"SKIP","floor":20}],"player_experience":1156526,"relics_obtained":[{"floor":7,"key":"Bag of Marbles"},{"floor":9,"key":"Potion Belt"}],"event_choices":[],"is_beta":false,"boss_relics":[{"not_picked":["Sozu","Coffee Dripper"],"picked":"Philosopher\u0027s Stone"}],"items_purged_floors":[14],"is_endless":false,"potions_floor_spawned":[3,5,7,10],"killed_by":"Snake Plant","ascension_level":16}