{"gold_per_floor":[17,35,50,62,79,79,97,160,213,213,232,257,257,286,286,365,365,379,319,334,354,354,354,186,205,205,205,205,215,215,250,262,274],"floor_reached":33,"playtime":2718,"items_purged":["Strike_R","Strike_R"],"score":628,"play_id":"fac9904e-020a-4fc2-992e-12c3cd095392","local_time":"20181116212807","is_ascension_mode":true,"campfire_choices":[{"data":"Bash","floor":6,"key":"SMITH"},{"data":"Whirlwind","floor":13,"key":"SMITH"},{"data":"Demon Form","floor":15,"key":"SMITH"},{"data":"True Grit","floor":23,"key":"SMITH"},{"floor":27,"key":"REST"},{"floor":32,"key":"REST"}],"neow_cost":"NO_GOLD","seed_source_timestamp":178191467248867,"circlet_count":0,"master_deck":["AscendersBane","Strike_R","Strike_R","Strike_R","Defend_R","Defend_R","Defend_R","Defend_R","Bash+1","Feed","Iron Wave","Flame Barrier","Battle Trance","Armaments","Inflame+1","Whirlwind+1","Demon Form+1","Impervious","Shrug It Off","True Grit+1","Body Slam+1"],"relics":["Burning Blood","Tiny Chest","Bag of Preparation","Unceasing Top","The Courier","Cursed Key","MutagenicStrength","MawBank"],"potions_floor_usage":[3,7,8,8,16,25,29,31,31],"damage_taken":[{"damage":12,"enemies":"Cultist","floor":1,"turns":4},{"damage":13,"enemies":"Small Slimes","floor":2,"turns":7},{"damage":9,"enemies":"Jaw Worm","floor":3,"turns":5},{"damage":9,"enemies":"Red Slaver","floor":4,"turns":4},{"damage":11,"enemies":"3 Louse","floor":5,"turns":5},{"damage":14,"enemies":"Large Slime","floor":7,"turns":18},{"damage":23,"enemies":"3 Sentries","floor":8,"turns":8},{"damage":0,"enemies":"Blue Slaver","floor":11,"turns":7},{"damage":31,"enemies":"Gremlin Nob","floor":12,"turns":4},{"damage":20,"enemies":"3 Sentries","floor":14,"turns":5},{"damage":21,"enemies":"Slime Boss","floor":16,"turns":5},{"damage":12,"enemies":"3 Byrds","floor":18,"turns":9},{"damage":24,"enemies":"Spheric Guardian","floor":20,"turns":5},{"damage":33,"enemies":"Snecko","floor":21,"turns":7},{"damage":0,"enemies":"Chosen and Byrds","floor":25,"turns":5},{"damage":27,"enemies":"Snake Plant","floor":29,"turns":6},{"damage":68,"enemies":"Slavers","floor":31,"turns":11},{"damage":59,"enemies":"Automaton","floor":33,"turns":8}],"seed_played":"-6987161535026066174","potions_obtained":[{"floor":1,"key":"Swift Potion"},{"floor":2,"key":"Regen Potion"},{"floor":5,"key":"Weak Potion"},{"floor":7,"key":"Explosive Potion"},{"floor":14,"key":"GamblersBrew"},{"floor":25,"key":"BloodPotion"},{"floor":29,"key":"Block Potion"}],"is_trial":false,"path_per_floor":["M","M","M","M","M","R","M","E","T","?","M","E","R","E","R","B",null,"M","$","M","M","?","R","$","M","T","R","?","M","?","E","R","B"],"character_chosen":"IRONCLAD","items_purchased":["Swift Potion","Weak Potion"],"campfire_rested":2,"item_purchase_floors":[24,24],"current_hp_per_floor":[65,61,75,75,74,74,70,57,57,57,67,42,42,31,31,16,84,82,82,67,40,40,40,40,46,46,79,79,69,69,10,44,0],"gold":274,"neow_bonus":"THREE_RARE_CARDS","is_prod":false,"is_daily":false,"chose_seed":false,"campfire_upgraded":4,"win_rate":0,"timestamp":1542421687,"path_taken":["M","?","?","M","M","R","M","E","T","?","M","E","R","E","R","BOSS","M","$","M","M","?","R","$","?","T","R","?","M","?","E","R","BOSS"],"build_version":"2018-11-15","purchased_purges":2,"victory":false,"max_hp_per_floor":[78,81,84,87,91,91,95,99,99,99,103,103,103,106,106,106,106,110,110,113,113,113,113,113,113,113,113,113,113,113,116,116,116],"card_choices":[{"not_picked":["Fiend Fire","Demon Form"],"picked":"Feed","floor":0},{"not_picked":["Dropkick","Rampage"],"picked":"Iron Wave","floor":1},{"not_picked":["Shockwave","Power Through"],"picked":"Flame Barrier","floor":2},{"not_picked":["Armaments","Reckless Charge"],"picked":"Battle Trance","floor":3},{"not_picked":["Havoc","Headbutt"],"picked":"Armaments","floor":4},{"not_picked":["Heavy Blade","Iron Wave","Cleave"],"picked":"SKIP","floor":5},{"not_picked":["Havoc","Sword Boomerang"],"picked":"Inflame","floor":7},{"not_picked":["Ghostly Armor","Infernal Blade","Carnage"],"picked":"SKIP","floor":8},{"not_picked":["Hemokinesis","Perfected Strike"],"picked":"Whirlwind","floor":11},{"not_picked":["Shrug It Off","Armaments"],"picked":"Demon Form","floor":12},{"not_picked":["Uppercut","Fire Breathing","Bloodletting"],"picked":"SKIP","floor":14},{"not_picked":["Uppercut","Fire Breathing","Bloodletting"],"picked":"SKIP","floor":14},{"not_picked":["Exhume","Dark Embrace"],"picked":"Impervious","floor":16},{"not_picked":["Thunderclap","Pummel","Infernal Blade"],"picked":"SKIP","floor":18},{"not_picked":["Headbutt+1","Twin Strike+1"],"picked":"Shrug It Off","floor":20},{"not_picked":["Wild Strike","Combust"],"picked":"True Grit","floor":21},{"not_picked":["Entrench","Wild Strike","Armaments+1"],"picked":"SKIP","floor":25},{"not_picked":["Headbutt","Clash"],"picked":"Body Slam+1","floor":29},{"not_picked":["True Grit","Entrench","Hemokinesis"],"picked":"SKIP","floor":31}],"player_experience":977158,"relics_obtained":[{"floor":8,"key":"Tiny Chest"},{"floor":9,"key":"Bag of Preparation"},{"floor":12,"key":"Unceasing Top"},{"floor":14,"key":"The Courier"},{"floor":31,"key":"MawBank"}],"event_choices":[{"damage_healed":0,"gold_gain":0,"player_choice":"Grow","damage_taken":0,"max_hp_gain":0,"max_hp_loss":0,"event_name":"Living Wall","floor":10,"gold_loss":0,"cards_upgraded":["Inflame"]},{"damage_healed":0,"gold_gain":0,"player_choice":"0 cards matched","damage_taken":0,"max_hp_gain":0,"max_hp_loss":0,"event_name":"Match and Keep!","floor":22,"gold_loss":0,"cards_obtained":[]},{"damage_healed":0,"gold_gain":0,"player_choice":"Inject Mutagens","damage_taken":0,"relics_obtained":["MutagenicStrength"],"max_hp_gain":0,"max_hp_loss":0,"event_name":"Drug Dealer","floor":28,"gold_loss":0},{"damage_healed":0,"gold_gain":0,"player_choice":"Ignored","damage_taken":0,"max_hp_gain":0,"max_hp_loss":0,"event_name":"Ghosts","floor":30,"gold_loss":0}],"is_beta":true,"boss_relics":[{"not_picked":["Pandora\u0027s Box","White Beast Statue"],"picked":"Cursed Key"}],"items_purged_floors":[19,24],"is_endless":false,"potions_floor_spawned":[1,2,5,7,14,25,29],"killed_by":"Automaton","ascension_level":20}