{"gold_per_floor":[119,119,138,152,1,332,332,332,332,345,345,345,378,389,389,493,493,504,153,252,252,252,252],"floor_reached":23,"playtime":597,"items_purged":[],"score":333,"play_id":"4f11575f-4073-4296-a717-c402dfbc9695","local_time":"20190102135344","is_ascension_mode":true,"campfire_choices":[{"floor":7,"key":"REST"},{"floor":11,"key":"REST"},{"floor":15,"key":"REST"}],"neow_cost":"NONE","seed_source_timestamp":1013242670764172,"circlet_count":0,"master_deck":["Strike_B+1","Strike_B+1","Strike_B+1","Defend_B+1","Defend_B+1","Defend_B+1","Defend_B+1","Zap+1","Dualcast","Stack","Hyperbeam+1","Static Discharge","Static Discharge","White Noise","White Noise","Sweeping Beam","Thunder Strike","Ball Lightning+1","Static Discharge","Bandage Up","Go for the Eyes"],"relics":["Cracked Core","PreservedInsect","GremlinMask","Bag of Preparation","Old Coin","StoneCalendar","Singing Bowl","Sozu","Happy Flower","Nilry\u0027s Codex"],"potions_floor_usage":[16,23],"damage_taken":[{"damage":3,"enemies":"Jaw Worm","floor":1,"turns":4},{"damage":6,"enemies":"Cultist","floor":3,"turns":3},{"damage":0,"enemies":"Small Slimes","floor":4,"turns":2},{"damage":45,"enemies":"Gremlin Nob","floor":6,"turns":4},{"damage":0,"enemies":"Exordium Thugs","floor":10,"turns":3},{"damage":10,"enemies":"Lagavulin","floor":13,"turns":3},{"damage":0,"enemies":"2 Fungi Beasts","floor":14,"turns":1},{"damage":0,"enemies":"Slime Boss","floor":16,"turns":7},{"damage":35,"enemies":"2 Thieves","floor":18,"turns":4},{"damage":29,"enemies":"Gremlin Leader","floor":23,"turns":3}],"seed_played":"-1470464448975557815","potions_obtained":[{"floor":13,"key":"Fire Potion"},{"floor":14,"key":"FearPotion"},{"floor":16,"key":"Dexterity Potion"}],"is_trial":false,"path_per_floor":["M","?","M","M","$","E","R","?","T","M","R","?","E","M","R","B",null,"M","$","?","?","?","E"],"character_chosen":"DEFECT","items_purchased":["Bag of Preparation","Static Discharge","Happy Flower","Bandage Up","Go for the Eyes"],"campfire_rested":3,"item_purchase_floors":[5,19,19,19,19],"current_hp_per_floor":[65,65,59,59,59,14,36,21,21,21,43,43,33,33,55,55,70,35,35,35,19,19,0],"gold":252,"neow_bonus":"RANDOM_COMMON_RELIC","is_prod":false,"is_daily":false,"chose_seed":false,"campfire_upgraded":0,"win_rate":0,"timestamp":1546448024,"path_taken":["M","?","M","?","?","E","R","?","T","M","R","?","E","M","R","BOSS","M","$","?","?","?","E"],"build_version":"2018-12-20","purchased_purges":0,"victory":false,"max_hp_per_floor":[75,75,75,75,75,75,75,75,75,75,75,75,75,75,75,75,75,75,75,75,75,75,75],"card_choices":[{"not_picked":["Coolheaded","Hologram"],"picked":"Stack","floor":1},{"not_picked":["Reinforced Body","Redo"],"picked":"Hyperbeam","floor":3},{"not_picked":["Ball Lightning","Scrape"],"picked":"Static Discharge","floor":4},{"not_picked":["Beam Cell","Steam"],"picked":"Static Discharge","floor":6},{"not_picked":["Turbo","Scrape"],"picked":"White Noise","floor":10},{"not_picked":["Undo","Tempest"],"picked":"White Noise","floor":13},{"not_picked":["Ball Lightning","Barrage"],"picked":"Sweeping Beam","floor":14},{"not_picked":["Amplify","Multi-Cast"],"picked":"Thunder Strike","floor":16},{"not_picked":["Redo","Barrage"],"picked":"Ball Lightning+1","floor":18}],"player_experience":603823,"relics_obtained":[{"floor":6,"key":"Old Coin"},{"floor":9,"key":"StoneCalendar"},{"floor":13,"key":"Singing Bowl"},{"floor":21,"key":"Nilry\u0027s Codex"}],"event_choices":[{"damage_healed":0,"gold_gain":0,"player_choice":"Trade","damage_taken":0,"relics_obtained":["GremlinMask"],"max_hp_gain":0,"max_hp_loss":0,"event_name":"FaceTrader","floor":2,"gold_loss":0},{"damage_healed":0,"gold_gain":0,"player_choice":"Entered Light","damage_taken":15,"max_hp_gain":0,"max_hp_loss":0,"event_name":"Shining Light","floor":8,"gold_loss":0,"cards_upgraded":["Zap","Hyperbeam"]},{"cards_removed":["Strike_B"],"damage_healed":0,"gold_gain":0,"player_choice":"Purged","damage_taken":0,"max_hp_gain":0,"max_hp_loss":0,"event_name":"Purifier","floor":12,"gold_loss":0},{"damage_healed":0,"gold_gain":99,"player_choice":"Stole From Cult","damage_taken":0,"max_hp_gain":0,"max_hp_loss":0,"event_name":"Nest","floor":20,"gold_loss":0},{"damage_healed":0,"gold_gain":0,"player_choice":"Obtained Book","damage_taken":16,"max_hp_gain":0,"max_hp_loss":0,"event_name":"Cursed Tome","floor":21,"gold_loss":0},{"damage_healed":0,"gold_gain":0,"player_choice":"Simplicity","damage_taken":0,"max_hp_gain":0,"max_hp_loss":0,"event_name":"Back to Basics","floor":22,"gold_loss":0,"cards_upgraded":["Strike_B","Strike_B","Strike_B","Defend_B","Defend_B","Defend_B","Defend_B"]}],"is_beta":false,"boss_relics":[{"not_picked":["Nuclear Battery","Tiny House"],"picked":"Sozu"}],"items_purged_floors":[],"is_endless":false,"potions_floor_spawned":[13,14,16],"killed_by":"Gremlin Leader","ascension_level":7}