{"gold_per_floor":[118,43,59,74,3,38,38,38,38,49,67,82,92,112,112,209,209,228,247,265,285,25,51,51,63,63,63,76,76,103,103,103,206,206,221,232,25,40,40,73,0,35,35,35,67,67,100,100,100,100,100,100,14,45,45],"floor_reached":56,"playtime":4903,"items_purged":["Strike_G","Strike_G","Neutralize"],"score":1359,"play_id":"9ae15359-d019-4c3f-985a-2811b7c732aa","local_time":"20190203011257","is_ascension_mode":false,"campfire_choices":[{"data":"Dagger Spray","floor":7,"key":"SMITH"},{"data":"Leg Sweep","floor":15,"key":"SMITH"},{"data":"Die Die Die","floor":24,"key":"SMITH"},{"data":"Malaise","floor":32,"key":"SMITH"},{"data":"Well Laid Plans","floor":44,"key":"SMITH"},{"data":"Cloak And Dagger","floor":46,"key":"SMITH"},{"floor":49,"key":"RECALL"},{"data":"Finisher","floor":52,"key":"SMITH"}],"neow_cost":"NONE","seed_source_timestamp":191148040680668,"circlet_count":0,"master_deck":["Defend_G","Defend_G","Defend_G","Defend_G","Survivor","Riddle With Holes","Dagger Spray+1","Backflip","All Out Attack","Acrobatics","Finisher+1","Leg Sweep+1","Cloak And Dagger+1","Bullet Time+1","Well Laid Plans+1","Malaise+1","Die Die Die+1","Crippling Poison+1","Ghostly","Ghostly","Ghostly","Ghostly","Ghostly","Expertise","Acrobatics+1","Venomology","Predator+1","PiercingWail+1","Tactician+1","Quick Slash+1","Mayhem","Heel Hook+1","Backstab+1"],"relics":["Ring of the Snake","StoneCalendar","Mercury Hourglass","Philosopher\u0027s Stone","Oddly Smooth Stone","Singing Bowl","Molten Egg 2","Potion Belt","Snecko Eye","Bottled Flame","Red Mask","War Paint","Dream Catcher","Kunai","Ninja Scroll"],"potions_floor_usage":[12,16,16,19,20,23,30,30,40,40,45,45,45,50,55,55,55,55,55,55],"damage_taken":[{"damage":2,"enemies":"Jaw Worm","floor":1,"turns":5},{"damage":0,"enemies":"Cultist","floor":3,"turns":3},{"damage":0,"enemies":"Small Slimes","floor":4,"turns":3},{"damage":25,"enemies":"Gremlin Nob","floor":6,"turns":5},{"damage":0,"enemies":"Blue Slaver","floor":10,"turns":3},{"damage":0,"enemies":"Lots of Slimes","floor":11,"turns":1},{"damage":0,"enemies":"Large Slime","floor":12,"turns":4},{"damage":0,"enemies":"3 Louse","floor":13,"turns":1},{"damage":0,"enemies":"Looter","floor":14,"turns":3},{"damage":15,"enemies":"The Guardian","floor":16,"turns":10},{"damage":0,"enemies":"Spheric Guardian","floor":18,"turns":3},{"damage":5,"enemies":"Chosen","floor":19,"turns":7},{"damage":7,"enemies":"Snake Plant","floor":20,"turns":5},{"damage":10,"enemies":"Snecko","floor":21,"turns":5},{"damage":22,"enemies":"Slavers","floor":23,"turns":4},{"damage":0,"enemies":"Centurion and Healer","floor":25,"turns":5},{"damage":0,"enemies":"Shelled Parasite and Fungi","floor":28,"turns":6},{"damage":1,"enemies":"Book of Stabbing","floor":30,"turns":7},{"damage":16,"enemies":"Collector","floor":33,"turns":15},{"damage":0,"enemies":"3 Darklings","floor":35,"turns":4},{"damage":0,"enemies":"3 Shapes","floor":36,"turns":4},{"damage":0,"enemies":"Sphere and 2 Shapes","floor":38,"turns":3},{"damage":0,"enemies":"Giant Head","floor":40,"turns":7},{"damage":0,"enemies":"Nemesis","floor":42,"turns":9},{"damage":15,"enemies":"Giant Head","floor":45,"turns":12},{"damage":2,"enemies":"Reptomancer","floor":47,"turns":7},{"damage":0,"enemies":"Awakened One","floor":50,"turns":15},{"damage":3,"enemies":"Shield and Spear","floor":54,"turns":7},{"damage":37,"enemies":"The Heart","floor":55,"turns":13}],"seed_played":"780660238516205180","potions_obtained":[{"floor":6,"key":"GamblersBrew"},{"floor":10,"key":"LiquidBronze"},{"floor":11,"key":"FearPotion"},{"floor":13,"key":"FearPotion"},{"floor":18,"key":"Swift Potion"},{"floor":19,"key":"Block Potion"},{"floor":23,"key":"SpeedPotion"},{"floor":25,"key":"Energy Potion"},{"floor":28,"key":"Swift Potion"},{"floor":38,"key":"Fire Potion"},{"floor":45,"key":"GhostInAJar"},{"floor":47,"key":"Swift Potion"},{"floor":54,"key":"Dexterity Potion"}],"is_trial":false,"path_per_floor":["M","$","M","M","$","E","R","?","T","M","M","M","M","M","R","B",null,"M","M","M","M","$","E","R","M","T","?","M","?","E","T","R","B",null,"M","M","$","M","?","E","?","E","T","R","E","R","E","?","R","B",null,"R","$","E","B",null],"character_chosen":"THE_SILENT","items_purchased":["All Out Attack","Malaise","Predator+1","Heel Hook+1","AttackPotion"],"campfire_rested":0,"item_purchase_floors":[5,22,37,53,53],"current_hp_per_floor":[68,68,68,68,68,43,43,43,43,43,43,43,43,43,43,28,70,70,65,58,48,48,26,26,26,26,26,28,28,27,27,27,11,37,39,41,41,43,43,43,43,43,43,43,30,30,28,22,22,22,49,49,49,46,9],"gold":45,"neow_bonus":"REMOVE_CARD","is_prod":false,"is_daily":false,"chose_seed":false,"campfire_upgraded":7,"win_rate":0,"timestamp":1549156377,"path_taken":["M","$","M","M","$","E","R","?","T","M","M","M","M","M","R","BOSS","M","M","?","M","$","E","R","M","T","?","M","?","E","?","R","BOSS","M","?","$","M","?","E","?","E","T","R","E","R","E","?","R","BOSS","R","$","E","BOSS"],"build_version":"2019-01-23","purchased_purges":3,"victory":true,"max_hp_per_floor":[70,70,70,70,70,70,70,70,70,70,70,70,70,70,70,70,70,70,70,70,70,70,70,70,70,70,35,37,37,37,37,37,37,37,39,41,41,43,43,43,43,43,43,43,45,45,45,49,49,49,49,49,49,49,49],"card_choices":[{"not_picked":["Deflect","Catalyst"],"picked":"Riddle With Holes","floor":1},{"not_picked":["Tactician","PiercingWail"],"picked":"Dagger Spray","floor":3},{"not_picked":["Acrobatics","Outmaneuver"],"picked":"Backflip","floor":4},{"not_picked":["Die Die Die","Flying Knee","Poisoned Stab"],"picked":"SKIP","floor":6},{"not_picked":["Quick Slash","Deflect","Eviscerate"],"picked":"SKIP","floor":10},{"not_picked":["Blade Dance","Quick Slash"],"picked":"Acrobatics","floor":11},{"not_picked":["Outmaneuver","Prepared"],"picked":"Finisher","floor":12},{"not_picked":["Blade Dance","Distraction"],"picked":"Leg Sweep","floor":13},{"not_picked":["Deflect","Accuracy"],"picked":"Cloak And Dagger","floor":14},{"not_picked":["Doppelganger","Die Die Die"],"picked":"Bullet Time","floor":16},{"not_picked":["Outmaneuver+1","Setup+1","Quick Slash"],"picked":"SKIP","floor":18},{"not_picked":["Blade Dance","Backflip"],"picked":"Well Laid Plans","floor":19},{"not_picked":["Flying Knee+1","Die Die Die","Dodge and Roll"],"picked":"SKIP","floor":20},{"not_picked":["Dagger Throw","Underhanded Strike","Sucker Punch"],"picked":"SKIP","floor":21},{"not_picked":["Phantasmal Killer","Unload"],"picked":"Die Die Die","floor":23},{"not_picked":["Accuracy+1","Slice"],"picked":"Crippling Poison+1","floor":25},{"not_picked":["Finisher","Quick Slash","All Out Attack"],"picked":"Singing Bowl","floor":28},{"not_picked":["Deadly Poison","Sucker Punch+1"],"picked":"Acrobatics+1","floor":30},{"not_picked":["Unload+1","Storm of Steel"],"picked":"Venomology","floor":33},{"not_picked":["Well Laid Plans","Flying Knee+1","Dodge and Roll"],"picked":"Singing Bowl","floor":35},{"not_picked":["Acrobatics","Slice+1","Dodge and Roll+1"],"picked":"Singing Bowl","floor":36},{"not_picked":["Deadly Poison","Dagger Spray+1","Dodge and Roll"],"picked":"Singing Bowl","floor":38},{"not_picked":["Setup+1","Die Die Die+1"],"picked":"PiercingWail+1","floor":40},{"not_picked":["Well Laid Plans+1","Underhanded Strike+1"],"picked":"Tactician","floor":42},{"not_picked":["Blade Dance","Endless Agony+1","Escape Plan"],"picked":"Singing Bowl","floor":45},{"not_picked":["Flying Knee+1","Escape Plan+1"],"picked":"Quick Slash+1","floor":47},{"not_picked":["Bandage Up","Panacea","Jack Of All Trades"],"picked":"Singing Bowl","floor":48},{"not_picked":["Madness","Mind Blast+1","Discovery"],"picked":"Singing Bowl","floor":48},{"not_picked":["Enlightenment","Flash of Steel+1"],"picked":"Mayhem","floor":48},{"not_picked":["Riddle With Holes+1","Quick Slash+1"],"picked":"Backstab+1","floor":54}],"player_experience":808818,"relics_obtained":[{"floor":6,"key":"StoneCalendar"},{"floor":9,"key":"Mercury Hourglass"},{"floor":23,"key":"Oddly Smooth Stone"},{"floor":26,"key":"Singing Bowl"},{"floor":30,"key":"Molten Egg 2"},{"floor":31,"key":"Potion Belt"},{"floor":40,"key":"Bottled Flame"},{"floor":42,"key":"War Paint"},{"floor":45,"key":"Dream Catcher"},{"floor":47,"key":"Kunai"},{"floor":54,"key":"Ninja Scroll"}],"event_choices":[{"cards_removed":["Strike_G"],"damage_healed":0,"gold_gain":0,"player_choice":"Purged","damage_taken":0,"max_hp_gain":0,"max_hp_loss":0,"event_name":"Purifier","floor":8,"gold_loss":0},{"damage_healed":0,"gold_gain":0,"player_choice":"Became a Ghost","damage_taken":0,"max_hp_gain":0,"max_hp_loss":35,"event_name":"Ghosts","floor":27,"gold_loss":0,"cards_obtained":["Ghostly","Ghostly","Ghostly","Ghostly","Ghostly"]},{"damage_healed":0,"gold_gain":0,"cards_transformed":["Strike_G","Strike_G"],"player_choice":"Became Test Subject","damage_taken":0,"max_hp_gain":0,"max_hp_loss":0,"event_name":"Drug Dealer","floor":29,"gold_loss":0,"cards_obtained":["Expertise","Dagger Spray"]},{"cards_removed":["Dagger Spray"],"damage_healed":0,"gold_gain":0,"player_choice":"Removed Attack","damage_taken":0,"max_hp_gain":0,"max_hp_loss":0,"event_name":"Falling","floor":39,"gold_loss":0},{"damage_healed":0,"gold_gain":0,"player_choice":"Paid","damage_taken":0,"relics_obtained":["Red Mask"],"max_hp_gain":0,"max_hp_loss":0,"event_name":"Tomb of Lord Red Mask","floor":41,"gold_loss":73},{"damage_healed":0,"gold_gain":0,"player_choice":"Memory 3","damage_taken":10,"max_hp_gain":0,"max_hp_loss":0,"event_name":"SensoryStone","floor":48,"gold_loss":0}],"is_beta":true,"boss_relics":[{"not_picked":["Pandora\u0027s Box","Ectoplasm"],"picked":"Philosopher\u0027s Stone"},{"not_picked":["Astrolabe","Orrery"],"picked":"Snecko Eye"}],"items_purged_floors":[2,22,37],"is_endless":false,"potions_floor_spawned":[6,10,11,13,18,19,23,25,28,38,45,47,54],"ascension_level":0}