{"gold_per_floor":[110,128,30,30,30,30,57,74,97,97,127,145,161,186,186,289,289,289,239,39,39,39,39,39,39,39,39,39,39,39,39,39,39,39,39,39,39,39,39,39,39,39,39,39,39,39,39,39,39,39,39,39,3,3,3],"floor_reached":56,"playtime":3542,"items_purged":["Strike_G"],"score":1763,"play_id":"921ddf53-d13d-475c-a04e-b2714228d7c7","local_time":"20190507153539","is_ascension_mode":true,"campfire_choices":[{"data":"Neutralize","floor":6,"key":"SMITH"},{"data":"Deadly Poison","floor":10,"key":"SMITH"},{"data":"Deadly Poison","floor":15,"key":"SMITH"},{"data":"Footwork","floor":24,"key":"SMITH"},{"data":"Noxious Fumes","floor":27,"key":"SMITH"},{"data":"Impatience","floor":32,"key":"SMITH"},{"floor":49,"key":"RECALL"},{"data":"After Image","floor":52,"key":"SMITH"}],"neow_cost":"NONE","seed_source_timestamp":326501394748091,"circlet_count":0,"master_deck":["Defend_G+1","Defend_G+1","Defend_G+1","Defend_G+1","Defend_G+1","Strike_G+1","Strike_G+1","Strike_G+1","Strike_G+1","Survivor","Neutralize+1","Cloak And Dagger","Poisoned Stab+1","Footwork+1","Deadly Poison+1","Cloak And Dagger","Flying Knee","Deadly Poison+1","Backflip","Backstab","Corpse Explosion","Cloak And Dagger","Noxious Fumes+1","Impatience+1","Acrobatics","Tools of the Trade","Crippling Poison","Deadly Poison+1","PiercingWail+1","After Image+1","Backflip+1","Noxious Fumes+1","Dash","Blur+1","Footwork+1","Dodge and Roll+1","Sucker Punch+1","Tools of the Trade","Well Laid Plans+1","Leg Sweep","Prepared+1"],"relics":["Ring of the Snake","Vajra","Boot","Bag of Marbles","Lantern","Mercury Hourglass","Ectoplasm","Omamori","Bottled Tornado","Mummified Hand","Du-Vu Doll","Runic Dome","Calipers","Centennial Puzzle","Darkstone Periapt","Dodecahedron","Meat on the Bone","Incense Burner","Kunai"],"potions_floor_usage":[16,21,55,55],"damage_taken":[{"damage":0,"enemies":"2 Louse","floor":1,"turns":3},{"damage":0,"enemies":"Small Slimes","floor":2,"turns":3},{"damage":20,"enemies":"Gremlin Nob","floor":7,"turns":4},{"damage":0,"enemies":"Cultist","floor":8,"turns":3},{"damage":11,"enemies":"3 Sentries","floor":11,"turns":6},{"damage":0,"enemies":"Exordium Thugs","floor":12,"turns":3},{"damage":0,"enemies":"Looter","floor":13,"turns":3},{"damage":0,"enemies":"Lagavulin","floor":14,"turns":8},{"damage":0,"enemies":"The Guardian","floor":16,"turns":8},{"damage":0,"enemies":"Chosen","floor":18,"turns":3},{"damage":0,"enemies":"Spheric Guardian","floor":21,"turns":4},{"damage":0,"enemies":"Slavers","floor":23,"turns":4},{"damage":0,"enemies":"Gremlin Leader","floor":25,"turns":6},{"damage":19,"enemies":"Slavers","floor":28,"turns":4},{"damage":2,"enemies":"Shelled Parasite and Fungi","floor":29,"turns":4},{"damage":0,"enemies":"Gremlin Leader","floor":31,"turns":5},{"damage":17,"enemies":"Champ","floor":33,"turns":10},{"damage":0,"enemies":"3 Darklings","floor":35,"turns":4},{"damage":0,"enemies":"Orb Walker","floor":37,"turns":3},{"damage":8,"enemies":"Writhing Mass","floor":38,"turns":5},{"damage":0,"enemies":"3 Darklings","floor":39,"turns":1},{"damage":1,"enemies":"Reptomancer","floor":40,"turns":7},{"damage":1,"enemies":"Jaw Worm Horde","floor":41,"turns":4},{"damage":0,"enemies":"Giant Head","floor":42,"turns":9},{"damage":1,"enemies":"Nemesis","floor":44,"turns":7},{"damage":0,"enemies":"Maw","floor":45,"turns":7},{"damage":0,"enemies":"Reptomancer","floor":46,"turns":7},{"damage":0,"enemies":"Giant Head","floor":48,"turns":8},{"damage":0,"enemies":"Awakened One","floor":50,"turns":16},{"damage":0,"enemies":"Shield and Spear","floor":54,"turns":6},{"damage":1,"enemies":"The Heart","floor":55,"turns":14}],"seed_played":"-5463873563718929861","potions_obtained":[{"floor":2,"key":"FairyPotion"},{"floor":11,"key":"SkillPotion"},{"floor":14,"key":"EssenceOfSteel"},{"floor":18,"key":"GhostInAJar"},{"floor":29,"key":"Ancient Potion"},{"floor":35,"key":"GhostInAJar"},{"floor":37,"key":"PowerPotion"}],"is_trial":false,"path_per_floor":["M","M","$","?","?","R","E","M","T","R","E","M","M","E","R","B",null,"M","?","$","M","?","E","R","E","T","R","E","M","$","E","R","B",null,"M","?","M","M","M","E","M","E","T","E","M","E","$","E","R","B",null,"R","$","E","B",null],"character_chosen":"THE_SILENT","items_purchased":["Footwork","Deadly Poison","Noxious Fumes","Impatience","Leg Sweep"],"campfire_rested":0,"item_purchase_floors":[3,3,20,20,53],"current_hp_per_floor":[70,70,70,56,56,56,36,36,36,36,25,25,25,25,25,25,70,70,70,70,70,70,70,70,70,70,70,51,49,49,49,49,32,70,70,70,70,62,62,61,60,60,60,59,59,59,59,59,59,59,70,70,70,70,69],"gold":3,"neow_bonus":"RANDOM_COMMON_RELIC","is_prod":false,"is_daily":false,"chose_seed":false,"campfire_upgraded":7,"win_rate":0,"timestamp":1557257739,"path_taken":["M","M","$","?","?","R","E","M","T","R","E","M","M","E","R","BOSS","M","?","?","M","?","E","R","E","T","R","E","M","$","E","R","BOSS","M","?","M","M","M","E","M","E","T","E","?","E","?","E","R","BOSS","R","$","E","BOSS"],"build_version":"2019-04-23","purchased_purges":1,"victory":true,"max_hp_per_floor":[70,70,70,70,70,70,70,70,70,70,70,70,70,70,70,70,70,70,70,70,70,70,70,70,70,70,70,70,70,70,70,70,70,70,70,70,70,70,70,70,70,70,70,70,70,70,70,70,70,70,70,70,70,70,70],"card_choices":[{"not_picked":["Slice","Backflip"],"picked":"Cloak And Dagger","floor":1},{"not_picked":["PiercingWail","Acrobatics"],"picked":"Poisoned Stab","floor":2},{"not_picked":["Quick Slash","Underhanded Strike"],"picked":"Cloak And Dagger","floor":7},{"not_picked":["Caltrops","Tactician"],"picked":"Flying Knee","floor":8},{"not_picked":["Outmaneuver","Quick Slash"],"picked":"Deadly Poison","floor":11},{"not_picked":["Quick Slash","Sucker Punch"],"picked":"Backflip","floor":12},{"not_picked":["Dodge and Roll","Underhanded Strike","Quick Slash"],"picked":"SKIP","floor":13},{"not_picked":["Deflect","Acrobatics"],"picked":"Backstab","floor":14},{"not_picked":["Venomology","Phantasmal Killer"],"picked":"Corpse Explosion","floor":16},{"not_picked":["Caltrops","Choke"],"picked":"Cloak And Dagger","floor":18},{"not_picked":["Bane","Infinite Blades"],"picked":"Acrobatics","floor":21},{"not_picked":["Quick Slash","Eviscerate","Acrobatics+1"],"picked":"SKIP","floor":23},{"not_picked":["Bouncing Flask","Bane"],"picked":"Tools of the Trade","floor":25},{"not_picked":["Deflect","Blade Dance"],"picked":"Crippling Poison","floor":28},{"not_picked":["Backstab","Caltrops"],"picked":"Deadly Poison+1","floor":29},{"not_picked":["Riddle With Holes","Poisoned Stab"],"picked":"PiercingWail+1","floor":31},{"not_picked":["Malaise","Storm of Steel"],"picked":"After Image","floor":33},{"not_picked":["Flying Knee","Blade Dance"],"picked":"Backflip+1","floor":35},{"not_picked":["Backstab+1","Terror+1"],"picked":"Noxious Fumes+1","floor":37},{"not_picked":["Slice","Quick Slash"],"picked":"Dash","floor":38},{"not_picked":["Slice+1","Predator+1"],"picked":"Blur+1","floor":39},{"not_picked":["Underhanded Strike","Heel Hook"],"picked":"Footwork+1","floor":40},{"not_picked":["Slice+1","Deadly Poison"],"picked":"Dodge and Roll+1","floor":41},{"not_picked":["Riddle With Holes+1","Cloak And Dagger"],"picked":"Sucker Punch+1","floor":42},{"not_picked":["Backstab","Deadly Poison","Sucker Punch"],"picked":"SKIP","floor":44},{"not_picked":["Dagger Spray","Sucker Punch","Concentrate+1"],"picked":"SKIP","floor":45},{"not_picked":["Unload","Acrobatics"],"picked":"Tools of the Trade","floor":46},{"not_picked":["Leg Sweep","Dagger Throw+1"],"picked":"Well Laid Plans+1","floor":48},{"not_picked":["Underhanded Strike+1","Terror+1"],"picked":"Prepared+1","floor":54}],"player_experience":5666439,"relics_obtained":[{"floor":7,"key":"Boot"},{"floor":9,"key":"Bag of Marbles"},{"floor":11,"key":"Lantern"},{"floor":14,"key":"Mercury Hourglass"},{"floor":23,"key":"Omamori"},{"floor":25,"key":"Bottled Tornado"},{"floor":28,"key":"Mummified Hand"},{"floor":31,"key":"Du-Vu Doll"},{"floor":40,"key":"Calipers"},{"floor":42,"key":"Centennial Puzzle"},{"floor":43,"key":"Darkstone Periapt"},{"floor":44,"key":"Dodecahedron"},{"floor":46,"key":"Meat on the Bone"},{"floor":48,"key":"Incense Burner"},{"floor":54,"key":"Kunai"}],"event_choices":[{"damage_healed":0,"gold_gain":0,"player_choice":"Entered Light","damage_taken":14,"max_hp_gain":0,"max_hp_loss":0,"event_name":"Shining Light","floor":4,"gold_loss":0,"cards_upgraded":["Defend_G","Poisoned Stab"]},{"damage_healed":0,"gold_gain":0,"player_choice":"Ignored","damage_taken":0,"max_hp_gain":0,"max_hp_loss":0,"event_name":"NoteForYourself","floor":5,"gold_loss":0},{"damage_healed":0,"gold_gain":100,"player_choice":"Bet on Murderer","damage_taken":0,"max_hp_gain":0,"max_hp_loss":0,"event_name":"The Joust","floor":19,"gold_loss":50},{"damage_healed":0,"gold_gain":0,"player_choice":"Simplicity","damage_taken":0,"max_hp_gain":0,"max_hp_loss":0,"event_name":"Back to Basics","floor":22,"gold_loss":0,"cards_upgraded":["Defend_G","Defend_G","Defend_G","Defend_G","Strike_G","Strike_G","Strike_G","Strike_G"]},{"damage_healed":0,"gold_gain":0,"player_choice":"Got Potions","damage_taken":0,"max_hp_gain":0,"max_hp_loss":0,"event_name":"Lab","floor":36,"gold_loss":0}],"is_beta":true,"boss_relics":[{"not_picked":["Astrolabe","Philosopher\u0027s Stone"],"picked":"Ectoplasm"},{"not_picked":["Ring of the Serpent","Fusion Hammer"],"picked":"Runic Dome"}],"items_purged_floors":[20],"is_endless":false,"potions_floor_spawned":[2,11,14,18,29,31,33,35,37,40,42,46,48],"ascension_level":1}