{"gold_per_floor":[114,114,289,289,302,302,110,154,181,193,205,242,254,279,291,427,439,466,498,510,536,572,584,596,636,648,660],"floor_reached":27,"playtime":707,"items_purged":[],"score":294,"play_id":"7fb01c2c-2b07-4749-b04e-2c0c7bcdb5a7","local_time":"20190510141803","is_ascension_mode":true,"campfire_choices":[{"data":"Bash","floor":6.0,"key":"SMITH"},{"data":"Wild Strike","floor":11.0,"key":"SMITH"},{"data":"Pommel Strike","floor":15.0,"key":"SMITH"},{"data":"Bludgeon","floor":23.0,"key":"SMITH"}],"neow_cost":"NONE","seed_source_timestamp":0,"circlet_count":0,"master_deck":["Strike_R","Strike_R","Strike_R","Strike_R","Defend_R","Defend_R","Defend_R","Defend_R","Bash+1","Cleave","Doubt","Injury","Wild Strike+1","Shrug It Off","Pommel Strike+1","Bludgeon+1","Sword Boomerang+1","Dropkick","Headbutt","Heavy Blade+1","Thunderclap"],"special_seed":0,"relics":["Burning Blood","NeowsBlessing","Nunchaku","Bloody Idol","Brimstone","Bottled Lightning","MawBank","Black Star","Frozen Egg 2","Sundial"],"potions_floor_usage":[],"damage_taken":[{"damage":0.0,"enemies":"Jaw Worm","floor":1.0,"turns":1.0},{"damage":0.0,"enemies":"2 Louse","floor":5.0,"turns":1.0},{"damage":0.0,"enemies":"Gremlin Nob","floor":8.0,"turns":1.0},{"damage":0.0,"enemies":"Small Slimes","floor":12.0,"turns":1.0},{"damage":15.0,"enemies":"Looter","floor":14.0,"turns":3.0},{"damage":27.0,"enemies":"Slime Boss","floor":16.0,"turns":8.0},{"damage":33.0,"enemies":"Shell Parasite","floor":18.0,"turns":4.0},{"damage":4.0,"enemies":"Chosen","floor":19.0,"turns":3.0},{"damage":12.0,"enemies":"Snecko","floor":21.0,"turns":3.0},{"damage":21.0,"enemies":"3 Cultists","floor":22.0,"turns":4.0},{"damage":37.0,"enemies":"Gremlin Leader","floor":25.0,"turns":4.0},{"damage":29,"enemies":"Book of Stabbing","floor":27,"turns":2}],"seed_played":"-2384304487025192028","potions_obtained":[{"floor":5.0,"key":"Ancient Potion"},{"floor":16.0,"key":"Dexterity Potion"},{"floor":19.0,"key":"Explosive Potion"},{"floor":22.0,"key":"AttackPotion"}],"is_trial":false,"path_per_floor":["M","?","?","?","M","R","$","E","T","$","R","M","?","M","R","B",null,"M","M","?","M","M","R","?","E","T","E"],"character_chosen":"IRONCLAD","items_purchased":["Brimstone"],"campfire_rested":0,"item_purchase_floors":[7],"current_hp_per_floor":[80,73,73,73,79,79,79,80,80,80,80,80,85,76,76,55,85,58,60,60,54,39,39,39,18,23,0],"gold":660,"neow_bonus":"THREE_ENEMY_KILL","is_prod":false,"is_daily":false,"chose_seed":false,"campfire_upgraded":4,"win_rate":0,"timestamp":1557512283,"path_taken":["M","?","?","?","M","R","$","E","T","?","R","M","?","M","R","BOSS","M","M","?","?","?","R","?","E","T","E"],"build_version":"2019-01-23","purchased_purges":0,"victory":false,"max_hp_per_floor":[80,80,80,80,80,80,80,80,80,80,80,80,85,85,85,85,85,85,85,85,85,85,85,85,85,85,85],"card_choices":[{"not_picked":["Flex","Disarm"],"picked":"Cleave","floor":1.0},{"not_picked":["Hemokinesis","Whirlwind"],"picked":"Wild Strike","floor":5.0},{"not_picked":["Burning Pact","Blood for Blood"],"picked":"Shrug It Off","floor":8.0},{"not_picked":["Bloodletting","Body Slam"],"picked":"Pommel Strike","floor":12.0},{"not_picked":["Reckless Charge","Body Slam","Pommel Strike"],"picked":"SKIP","floor":14.0},{"not_picked":["Berserk","Dark Embrace"],"picked":"Bludgeon","floor":16.0},{"not_picked":["Entrench","Ghostly Armor"],"picked":"Sword Boomerang+1","floor":18.0},{"not_picked":["Headbutt","Havoc"],"picked":"Dropkick","floor":19.0},{"not_picked":["Body Slam","Intimidate+1"],"picked":"Heavy Blade+1","floor":21.0},{"not_picked":["Pommel Strike","Power Through"],"picked":"Thunderclap","floor":22.0},{"not_picked":["Dual Wield","Sword Boomerang","Wild Strike"],"picked":"SKIP","floor":25.0}],"player_experience":172094,"relics_obtained":[{"floor":8.0,"key":"Bottled Lightning"},{"floor":9.0,"key":"MawBank"},{"floor":25.0,"key":"Frozen Egg 2"},{"floor":25.0,"key":"Sundial"}],"event_choices":[{"damage_healed":0.0,"max_hp_gain":0.0,"max_hp_loss":0.0,"gold_gain":0.0,"event_name":"Scrap Ooze","player_choice":"Success","floor":2.0,"gold_loss":0.0,"damage_taken":7.0,"relics_obtained":["Nunchaku"]},{"damage_healed":0.0,"max_hp_gain":0.0,"max_hp_loss":0.0,"gold_gain":175.0,"event_name":"Liars Game","player_choice":"AGREE","floor":3.0,"gold_loss":0.0,"damage_taken":0.0,"cards_obtained":["Doubt"]},{"damage_healed":0.0,"max_hp_gain":0.0,"max_hp_loss":0.0,"gold_gain":0.0,"event_name":"Golden Idol","player_choice":"Take Wound","floor":4.0,"gold_loss":0.0,"damage_taken":0.0,"relics_obtained":["Golden Idol"],"cards_obtained":["Injury"]},{"damage_healed":0.0,"max_hp_gain":5.0,"max_hp_loss":0.0,"gold_gain":0.0,"event_name":"Big Fish","player_choice":"Donut","floor":13.0,"gold_loss":0.0,"damage_taken":0.0},{"damage_healed":0.0,"max_hp_gain":0.0,"max_hp_loss":0.0,"gold_gain":0.0,"cards_transformed":["Strike_R"],"event_name":"Transmorgrifier","player_choice":"Transformed","floor":20.0,"gold_loss":0.0,"damage_taken":0.0,"cards_obtained":["Headbutt"]},{"damage_healed":0.0,"max_hp_gain":0.0,"max_hp_loss":0.0,"gold_gain":0.0,"event_name":"Forgotten Altar","player_choice":"Gave Idol","floor":24.0,"relics_lost":["Golden Idol"],"gold_loss":0.0,"damage_taken":0.0,"relics_obtained":["Bloody Idol"]}],"is_beta":false,"boss_relics":[{"not_picked":["Snecko Eye","Lizard Tail"],"picked":"Black Star"}],"items_purged_floors":[],"is_endless":false,"potions_floor_spawned":[5,16,19,22],"killed_by":"Book of Stabbing","ascension_level":3}