{"gold_per_floor":[114,114,114,114,135,135,176,176,176,176,197,240,240,259,259,384,384,399,413,413,277,295,295,326,347,426,459,459],"floor_reached":28,"playtime":1345,"items_purged":[],"score":346,"play_id":"48539030-7d0c-4180-a269-6af256d8e5ab","local_time":"20181222224026","is_ascension_mode":true,"campfire_choices":[{"floor":6,"key":"REST"},{"floor":8,"key":"REST"},{"floor":15,"key":"REST"},{"data":"Mayhem","floor":23,"key":"SMITH"}],"neow_cost":"NONE","seed_source_timestamp":93608556773972,"circlet_count":0,"master_deck":["Strike_R","Strike_R","Strike_R","Strike_R","Strike_R","Defend_R","Defend_R","Defend_R","Defend_R","Bash+1","Spot Weakness+1","Sword Boomerang","Clash","Metallicize","Warcry","Second Wind","Reaper","Flex+1","Iron Wave","Mayhem+1","Clash+1","Heavy Blade","Sever Soul","Iron Wave+1"],"relics":["Burning Blood","The Courier","Golden Idol","Dead Branch","Magic Flower","Peace Pipe","Blood Vial","Busted Crown","Boot","Singing Bowl","Champion Belt"],"potions_floor_usage":[12,25,27,28],"damage_taken":[{"damage":1,"enemies":"2 Louse","floor":1,"turns":3},{"damage":2,"enemies":"Jaw Worm","floor":5,"turns":3},{"damage":35,"enemies":"Gremlin Nob","floor":7,"turns":4},{"damage":0,"enemies":"Cultist","floor":11,"turns":2},{"damage":33,"enemies":"3 Sentries","floor":12,"turns":5},{"damage":9,"enemies":"3 Louse","floor":14,"turns":2},{"damage":50,"enemies":"The Guardian","floor":16,"turns":8},{"damage":33,"enemies":"2 Thieves","floor":18,"turns":4},{"damage":16,"enemies":"Chosen","floor":19,"turns":4},{"damage":21,"enemies":"Snecko","floor":22,"turns":4},{"damage":63,"enemies":"Book of Stabbing","floor":24,"turns":5},{"damage":10,"enemies":"3 Cultists","floor":25,"turns":4},{"damage":82,"enemies":"Gremlin Leader","floor":27,"turns":5},{"damage":25,"enemies":"Snake Plant","floor":28,"turns":2}],"seed_played":"-6806122536559546240","potions_obtained":[{"floor":1,"key":"LiquidBronze"},{"floor":11,"key":"EssenceOfSteel"},{"floor":16,"key":"Strength Potion"},{"floor":18,"key":"AttackPotion"}],"is_trial":false,"path_per_floor":["M","?","?","?","M","R","E","R","T","T","M","E","?","M","R","B",null,"M","M","?","$","M","R","E","M","T","E","M"],"character_chosen":"IRONCLAD","items_purchased":["Mayhem"],"campfire_rested":3,"item_purchase_floors":[21],"current_hp_per_floor":[77,77,65,45,49,73,44,68,68,68,77,53,53,56,80,39,70,72,68,68,68,75,75,51,79,79,17,0],"gold":459,"neow_bonus":"UPGRADE_CARD","is_prod":false,"is_daily":false,"chose_seed":false,"campfire_upgraded":1,"win_rate":0,"timestamp":1545529226,"path_taken":["M","?","?","?","?","R","E","R","T","?","M","E","?","M","R","BOSS","M","M","?","?","M","R","E","M","T","E","M"],"build_version":"2018-12-20","purchased_purges":0,"victory":false,"max_hp_per_floor":[80,80,80,80,80,80,80,80,80,80,80,80,80,80,80,80,80,80,80,80,80,80,80,80,80,80,80,80],"card_choices":[{"not_picked":["Carnage","Armaments"],"picked":"Spot Weakness","floor":1},{"not_picked":["Armaments","Iron Wave"],"picked":"Sword Boomerang","floor":5},{"not_picked":["Evolve","Feel No Pain"],"picked":"Clash","floor":7},{"not_picked":["Rupture","Uppercut"],"picked":"Metallicize","floor":11},{"not_picked":["Bloodletting","Dark Embrace"],"picked":"Warcry","floor":12},{"not_picked":["Body Slam","Burning Pact"],"picked":"Second Wind","floor":14},{"not_picked":["Immolate","Offering"],"picked":"Reaper","floor":16},{"not_picked":[],"picked":"Flex+1","floor":18},{"not_picked":[],"picked":"Iron Wave","floor":19},{"not_picked":[],"picked":"Clash+1","floor":22},{"not_picked":[],"picked":"Heavy Blade","floor":24},{"not_picked":[],"picked":"Sever Soul","floor":25},{"not_picked":[],"picked":"Iron Wave+1","floor":27}],"player_experience":522192,"relics_obtained":[{"floor":7,"key":"Dead Branch"},{"floor":9,"key":"Magic Flower"},{"floor":10,"key":"Peace Pipe"},{"floor":12,"key":"Blood Vial"},{"floor":24,"key":"Boot"},{"floor":26,"key":"Singing Bowl"},{"floor":27,"key":"Champion Belt"}],"event_choices":[{"damage_healed":0,"gold_gain":0,"player_choice":"Grow","damage_taken":0,"max_hp_gain":0,"max_hp_loss":0,"event_name":"Living Wall","floor":2,"gold_loss":0,"cards_upgraded":["Spot Weakness"]},{"damage_healed":0,"gold_gain":0,"player_choice":"Success","damage_taken":12,"relics_obtained":["The Courier"],"max_hp_gain":0,"max_hp_loss":0,"event_name":"Scrap Ooze","floor":3,"gold_loss":0},{"damage_healed":0,"gold_gain":0,"player_choice":"Take Damage","damage_taken":20,"relics_obtained":["Golden Idol"],"max_hp_gain":0,"max_hp_loss":0,"event_name":"Golden Idol","floor":4,"gold_loss":0},{"damage_healed":0,"gold_gain":0,"player_choice":"Ignored","damage_taken":0,"max_hp_gain":0,"max_hp_loss":0,"event_name":"Purifier","floor":13,"gold_loss":0},{"damage_healed":0,"gold_gain":0,"player_choice":"Got Potions","damage_taken":0,"max_hp_gain":0,"max_hp_loss":0,"event_name":"Lab","floor":20,"gold_loss":0}],"is_beta":false,"boss_relics":[{"not_picked":["Calling Bell","Runic Cube"],"picked":"Busted Crown"}],"items_purged_floors":[],"is_endless":false,"potions_floor_spawned":[1,11,16,18,22,24],"killed_by":"Snake Plant","ascension_level":6}