{"gold_per_floor":[99,99,99,99,99,99,99,99,99,99,99,54,32,2,2,2,2,2,2,2,2,2,2,2,2,2,2,2,2,2,2,2,2,2,2,2,2,2,2,2,2,2,2,2,2,2,2,2,2,2,2,2,2,2,2],"floor_reached":56,"playtime":4019,"items_purged":[],"score":1512,"play_id":"c842cdae-e63f-43f5-be0c-7ca29d2f24db","local_time":"20190322180339","is_ascension_mode":true,"campfire_choices":[{"data":"Noxious Fumes","floor":15,"key":"SMITH"},{"data":"Doppelganger","floor":23,"key":"SMITH"},{"data":"After Image","floor":25,"key":"SMITH"},{"data":"Well Laid Plans","floor":27,"key":"SMITH"},{"data":"Expertise","floor":32,"key":"SMITH"},{"floor":40,"key":"RECALL"},{"data":"After Image","floor":42,"key":"SMITH"},{"data":"Burst","floor":45,"key":"SMITH"},{"data":"Footwork","floor":49,"key":"SMITH"},{"data":"Well Laid Plans","floor":52,"key":"SMITH"}],"neow_cost":"NONE","seed_source_timestamp":944301549559405,"circlet_count":0,"master_deck":["Defend_G","Defend_G","Defend_G","Defend_G","Defend_G","Strike_G","Strike_G","Strike_G","Strike_G","Strike_G","Survivor","Neutralize+1","Deflect","Acrobatics","Dagger Spray","Expertise+1","Poisoned Stab","Well Laid Plans+1","Crippling Poison","Noxious Fumes+1","Backflip","Well Laid Plans+1","Poisoned Stab","Doppelganger+1","Die Die Die","Bane","Dagger Throw","Escape Plan+1","After Image+1","Terror","Dodge and Roll","PiercingWail","After Image+1","Backflip+1","Backflip+1","Escape Plan+1","Infinite Blades","Burst+1","Masterful Stab","PiercingWail+1","Footwork+1","Distraction"],"relics":["Ectoplasm","Bronze Scales","Letter Opener","Centennial Puzzle","Omamori","Coffee Dripper","PreservedInsect","Matryoshka","MawBank","Ancient Tea Set","Orichalcum","Potion Belt","Black Star","Art of War","Snake Skull","Anchor","Dream Catcher","Prayer Wheel","Juzu Bracelet","Gremlin Horn","Kunai","Ninja Scroll"],"potions_floor_usage":[6,7,10,16,16,16,29,29,46,54,55,55,55,55],"damage_taken":[{"damage":0,"enemies":"Small Slimes","floor":1,"turns":3},{"damage":2,"enemies":"Cultist","floor":2,"turns":4},{"damage":0,"enemies":"Jaw Worm","floor":4,"turns":4},{"damage":2,"enemies":"Exordium Wildlife","floor":5,"turns":5},{"damage":11,"enemies":"Gremlin Nob","floor":6,"turns":5},{"damage":0,"enemies":"Gremlin Gang","floor":7,"turns":3},{"damage":0,"enemies":"Lagavulin","floor":8,"turns":8},{"damage":15,"enemies":"Gremlin Nob","floor":10,"turns":4},{"damage":4,"enemies":"Red Slaver","floor":11,"turns":3},{"damage":0,"enemies":"Exordium Thugs","floor":12,"turns":4},{"damage":0,"enemies":"Looter","floor":14,"turns":3},{"damage":1,"enemies":"Slime Boss","floor":16,"turns":7},{"damage":10,"enemies":"Chosen","floor":18,"turns":4},{"damage":1,"enemies":"3 Byrds","floor":19,"turns":2},{"damage":3,"enemies":"Cultist and Chosen","floor":22,"turns":4},{"damage":2,"enemies":"Book of Stabbing","floor":24,"turns":4},{"damage":0,"enemies":"Centurion and Healer","floor":28,"turns":4},{"damage":9,"enemies":"Slavers","floor":29,"turns":3},{"damage":4,"enemies":"3 Cultists","floor":31,"turns":4},{"damage":21,"enemies":"Champ","floor":33,"turns":12},{"damage":0,"enemies":"Orb Walker","floor":35,"turns":4},{"damage":3,"enemies":"3 Darklings","floor":36,"turns":5},{"damage":7,"enemies":"Jaw Worm Horde","floor":37,"turns":4},{"damage":3,"enemies":"Transient","floor":39,"turns":5},{"damage":0,"enemies":"Giant Head","floor":41,"turns":7},{"damage":8,"enemies":"Maw","floor":44,"turns":7},{"damage":0,"enemies":"Reptomancer","floor":46,"turns":6},{"damage":0,"enemies":"Jaw Worm Horde","floor":47,"turns":4},{"damage":0,"enemies":"Giant Head","floor":48,"turns":7},{"damage":0,"enemies":"Awakened One","floor":50,"turns":13},{"damage":13,"enemies":"Shield and Spear","floor":54,"turns":6},{"damage":0,"enemies":"The Heart","floor":55,"turns":9}],"seed_played":"6316335031124206819","potions_obtained":[{"floor":1,"key":"Block Potion"},{"floor":6,"key":"FearPotion"},{"floor":8,"key":"Ancient Potion"},{"floor":10,"key":"Swift Potion"},{"floor":11,"key":"FearPotion"},{"floor":14,"key":"SteroidPotion"},{"floor":19,"key":"SkillPotion"},{"floor":22,"key":"FearPotion"},{"floor":24,"key":"Explosive Potion"},{"floor":33,"key":"Dexterity Potion"},{"floor":39,"key":"Regen Potion"},{"floor":41,"key":"PowerPotion"},{"floor":44,"key":"GamblersBrew"},{"floor":47,"key":"Explosive Potion"}],"is_trial":false,"path_per_floor":["M","M","?","M","M","E","M","E","T","E","M","M","$","M","R","B",null,"M","M","?","T","M","R","E","R","T","R","M","E","$","M","R","B",null,"M","M","M","$","M","R","E","R","T","M","R","E","M","E","R","B",null,"R","$","E","B",null],"character_chosen":"THE_SILENT","items_purchased":["Poisoned Stab"],"campfire_rested":0,"item_purchase_floors":[13],"current_hp_per_floor":[70,68,68,68,66,55,55,55,55,40,36,36,36,36,36,35,70,60,59,59,59,56,56,54,54,54,54,54,45,45,41,41,20,70,70,67,60,60,57,57,57,57,57,49,49,49,49,49,49,49,70,70,70,57,70],"gold":2,"neow_bonus":"BOSS_RELIC","is_prod":false,"is_daily":false,"chose_seed":false,"campfire_upgraded":9,"win_rate":0,"timestamp":1553292219,"path_taken":["M","M","?","M","M","E","?","E","T","E","M","?","?","M","R","BOSS","M","?","?","?","M","R","E","R","T","R","M","E","?","M","R","BOSS","M","?","M","?","M","R","E","R","T","M","R","E","M","E","R","BOSS","R","$","E","BOSS"],"build_version":"2019-03-15","purchased_purges":0,"victory":true,"max_hp_per_floor":[70,70,70,70,70,70,70,70,70,70,70,70,70,70,70,70,70,70,70,70,70,70,70,70,70,70,70,70,70,70,70,70,70,70,70,70,70,70,70,70,70,70,70,70,70,70,70,70,70,70,70,70,70,70,70],"card_choices":[{"not_picked":["Concentrate","Blade Dance"],"picked":"Deflect","floor":1},{"not_picked":["Escape Plan","Flechettes"],"picked":"Acrobatics","floor":2},{"not_picked":["Underhanded Strike","Flechettes"],"picked":"Dagger Spray","floor":4},{"not_picked":["Concentrate","Finisher"],"picked":"Expertise","floor":5},{"not_picked":["Riddle With Holes","Dagger Throw"],"picked":"Poisoned Stab","floor":6},{"not_picked":["Caltrops","Acrobatics"],"picked":"Well Laid Plans","floor":7},{"not_picked":["Dodge and Roll","Heel Hook"],"picked":"Crippling Poison","floor":8},{"not_picked":["Deadly Poison","Infinite Blades"],"picked":"Noxious Fumes","floor":10},{"not_picked":["All Out Attack","Sucker Punch"],"picked":"Backflip","floor":11},{"not_picked":["Prepared","Slice"],"picked":"Well Laid Plans","floor":12},{"not_picked":["Slice","Dodge and Roll"],"picked":"Doppelganger","floor":14},{"not_picked":["Phantasmal Killer","Envenom"],"picked":"Die Die Die","floor":16},{"not_picked":["Flying Knee+1","Underhanded Strike+1"],"picked":"Bane","floor":18},{"not_picked":["Sucker Punch","Terror"],"picked":"Dagger Throw","floor":19},{"not_picked":["Calculated Gamble","Prepared+1"],"picked":"Escape Plan+1","floor":22},{"not_picked":["Escape Plan+1","Dagger Throw"],"picked":"After Image","floor":24},{"not_picked":["Flechettes","Endless Agony"],"picked":"Terror","floor":28},{"not_picked":["Dagger Spray","Reflex"],"picked":"Dodge and Roll","floor":29},{"not_picked":["Sucker Punch+1","Poisoned Stab"],"picked":"PiercingWail","floor":31},{"not_picked":["Grand Finale","Phantasmal Killer"],"picked":"After Image","floor":33},{"not_picked":["Blade Dance+1","Well Laid Plans"],"picked":"Backflip+1","floor":35},{"not_picked":["Flying Knee","Blade Dance+1"],"picked":"Backflip+1","floor":36},{"not_picked":["All Out Attack","Deadly Poison"],"picked":"Escape Plan+1","floor":37},{"not_picked":["Blade Dance+1","Dodge and Roll+1"],"picked":"Infinite Blades","floor":39},{"not_picked":["Bane+1","Eviscerate+1","Underhanded Strike"],"picked":"SKIP","floor":41},{"not_picked":["Distraction+1","Underhanded Strike+1"],"picked":"Burst","floor":44},{"not_picked":["Outmaneuver","Backstab"],"picked":"Masterful Stab","floor":46},{"not_picked":["Bane","Tactician+1"],"picked":"PiercingWail+1","floor":47},{"not_picked":["Caltrops","Noxious Fumes"],"picked":"Footwork","floor":47},{"not_picked":["Glass Knife","Caltrops+1","Slice"],"picked":"SKIP","floor":48},{"not_picked":["Masterful Stab+1","Tactician"],"picked":"Distraction","floor":54}],"player_experience":4976847,"relics_obtained":[{"floor":6,"key":"Bronze Scales"},{"floor":8,"key":"Letter Opener"},{"floor":9,"key":"Centennial Puzzle"},{"floor":10,"key":"Omamori"},{"floor":21,"key":"Matryoshka"},{"floor":24,"key":"MawBank"},{"floor":26,"key":"Ancient Tea Set"},{"floor":26,"key":"Orichalcum"},{"floor":29,"key":"Potion Belt"},{"floor":41,"key":"Art of War"},{"floor":41,"key":"Snake Skull"},{"floor":43,"key":"Anchor"},{"floor":46,"key":"Dream Catcher"},{"floor":46,"key":"Prayer Wheel"},{"floor":48,"key":"Juzu Bracelet"},{"floor":48,"key":"Gremlin Horn"},{"floor":54,"key":"Kunai"},{"floor":54,"key":"Ninja Scroll"}],"event_choices":[{"damage_healed":0,"gold_gain":0,"player_choice":"Upgraded","damage_taken":0,"max_hp_gain":0,"max_hp_loss":0,"event_name":"Upgrade Shrine","floor":3,"gold_loss":0,"cards_upgraded":["Neutralize"]},{"damage_healed":0,"gold_gain":0,"player_choice":"Opened","damage_taken":0,"relics_obtained":["PreservedInsect"],"max_hp_gain":0,"max_hp_loss":0,"event_name":"The Mausoleum","floor":20,"gold_loss":0,"cards_obtained":["Writhe"]}],"is_beta":true,"boss_relics":[{"not_picked":["Tiny House","Eternal Feather"],"picked":"Coffee Dripper"},{"not_picked":["Velvet Choker","HoveringKite"],"picked":"Black Star"}],"items_purged_floors":[],"is_endless":false,"potions_floor_spawned":[1,6,8,10,11,14,19,22,24,33,39,41,44,47],"ascension_level":1}