{"gold_per_floor":[119,294,17,35,48,73,73,98,98,98,124,136,147,164,164,164],"floor_reached":16,"playtime":1174,"items_purged":["Doubt"],"score":177,"play_id":"10d80575-0615-435e-8758-c106153e67e3","local_time":"20190304184126","is_ascension_mode":true,"campfire_choices":[{"data":"Glacier","floor":7.0,"key":"SMITH"},{"floor":15,"key":"REST"}],"neow_cost":"NONE","seed_source_timestamp":0,"circlet_count":0,"master_deck":["Strike_B","Strike_B","Strike_B","Defend_B","Defend_B","Defend_B","Defend_B","Zap","Dualcast","Glacier","Glacier+1","Sweeping Beam","Conserve Battery","Capacitor","Sweeping Beam","Echo Form","Blizzard","Ball Lightning","Creative AI"],"special_seed":0,"relics":["Cracked Core","DollysMirror","Dream Catcher","Girya","Mummified Hand","Matryoshka"],"potions_floor_usage":[14],"damage_taken":[{"damage":4.0,"enemies":"2 Louse","floor":1.0,"turns":3.0},{"damage":7.0,"enemies":"Jaw Worm","floor":4.0,"turns":3.0},{"damage":1.0,"enemies":"Cultist","floor":5.0,"turns":3.0},{"damage":28.0,"enemies":"Lagavulin","floor":6.0,"turns":12.0},{"damage":6.0,"enemies":"3 Sentries","floor":8.0,"turns":12.0},{"damage":8.0,"enemies":"Lagavulin","floor":11.0,"turns":8.0},{"damage":0.0,"enemies":"2 Fungi Beasts","floor":12.0,"turns":4.0},{"damage":8.0,"enemies":"3 Louse","floor":13.0,"turns":3.0},{"damage":0,"enemies":"Red Slaver","floor":14,"turns":3},{"damage":38,"enemies":"Slime Boss","floor":16,"turns":10}],"seed_played":"2022237994364753858","potions_obtained":[{"floor":0.0,"key":"FearPotion"},{"floor":0.0,"key":"Dexterity Potion"},{"floor":0.0,"key":"EntropicBrew"},{"floor":8.0,"key":"Regen Potion"},{"floor":12.0,"key":"AttackPotion"},{"floor":14,"key":"FearPotion"}],"is_trial":false,"path_per_floor":["M","?","$","M","M","E","R","E","T","?","E","M","M","M","R","B"],"character_chosen":"DEFECT","items_purchased":["DollysMirror"],"campfire_rested":1,"item_purchase_floors":[3],"current_hp_per_floor":[64,64,64,57,56,28,28,22,22,15,22,22,14,14,36,0],"gold":164,"neow_bonus":"THREE_SMALL_POTIONS","is_prod":false,"is_daily":false,"chose_seed":false,"campfire_upgraded":1,"win_rate":0,"timestamp":1551735686,"path_taken":["M","?","?","M","?","E","R","E","T","?","E","M","M","M","R","BOSS"],"build_version":"2019-01-23","purchased_purges":1,"victory":false,"max_hp_per_floor":[75,75,75,75,75,75,75,75,75,75,75,75,75,75,75,75],"card_choices":[{"not_picked":["Leap","Redo"],"picked":"Glacier","floor":1.0},{"not_picked":["Ball Lightning","Stack"],"picked":"Sweeping Beam","floor":4.0},{"not_picked":["Genetic Algorithm","Consume"],"picked":"Conserve Battery","floor":5.0},{"not_picked":["Compile Driver","Skim"],"picked":"Capacitor","floor":6.0},{"not_picked":["Beam Cell","All For One"],"picked":"Sweeping Beam","floor":8.0},{"not_picked":["Compile Driver","Barrage"],"picked":"Echo Form","floor":11.0},{"not_picked":["Darkness","Tempest"],"picked":"Blizzard","floor":12.0},{"not_picked":["Streamline","BootSequence"],"picked":"Ball Lightning","floor":13.0},{"not_picked":["Streamline","Hello World"],"picked":"Creative AI","floor":14}],"player_experience":891837,"relics_obtained":[{"floor":6.0,"key":"Dream Catcher"},{"floor":8.0,"key":"Girya"},{"floor":9.0,"key":"Mummified Hand"},{"floor":11.0,"key":"Matryoshka"}],"event_choices":[{"damage_healed":0.0,"max_hp_gain":0.0,"max_hp_loss":0.0,"gold_gain":175.0,"event_name":"Liars Game","player_choice":"AGREE","floor":2.0,"gold_loss":0.0,"damage_taken":0.0,"cards_obtained":["Doubt"]},{"cards_removed":["Strike_B"],"damage_healed":0.0,"max_hp_gain":0.0,"max_hp_loss":0.0,"gold_gain":0.0,"event_name":"Golden Wing","player_choice":"Card Removal","floor":10.0,"gold_loss":0.0,"damage_taken":7.0}],"is_beta":false,"boss_relics":[],"items_purged_floors":[3],"is_endless":false,"potions_floor_spawned":[1,5,8,12,14],"killed_by":"Slime Boss","ascension_level":9}