{"gold_per_floor":[112,17,17,17,17,58,58,77,77,112,135,135,135,151,151,282,282,298,47,47,47,47,47,47,88,88,88],"floor_reached":27,"playtime":7910,"items_purged":[],"score":377,"play_id":"8c10e166-dcb2-4c83-9c14-096227d490b8","local_time":"20190224021546","is_ascension_mode":true,"campfire_choices":[{"data":"Chaos","floor":13,"key":"SMITH"},{"data":"Redo","floor":15,"key":"SMITH"},{"floor":23,"key":"REST"}],"neow_cost":"NONE","seed_source_timestamp":815722888542632,"circlet_count":0,"master_deck":["Strike_B+1","Strike_B+1","Strike_B+1","Strike_B+1","Defend_B+1","Defend_B+1","Defend_B+1","Defend_B+1","Zap","Dualcast+1","Sweeping Beam","Self Repair+1","Turbo","Defragment","Chaos+1","Doom and Gloom","Cold Snap","Redo+1","Echo Form","Defragment","Glacier"],"relics":["Cracked Core","NeowsBlessing","Golden Idol","War Paint","Smiling Mask","Inserter","Bag of Preparation","Enchiridion","Bronze Scales","Mercury Hourglass"],"potions_floor_usage":[11,16],"damage_taken":[{"damage":0,"enemies":"2 Louse","floor":1,"turns":1},{"damage":0,"enemies":"3 Sentries","floor":6,"turns":1},{"damage":0,"enemies":"Small Slimes","floor":8,"turns":1},{"damage":39,"enemies":"Gremlin Nob","floor":10,"turns":5},{"damage":4,"enemies":"Cultist","floor":11,"turns":3},{"damage":7,"enemies":"Large Slime","floor":14,"turns":3},{"damage":12,"enemies":"Slime Boss","floor":16,"turns":8},{"damage":18,"enemies":"Spheric Guardian","floor":18,"turns":4},{"damage":30,"enemies":"Book of Stabbing","floor":25,"turns":5},{"damage":38,"enemies":"Slavers","floor":27,"turns":2}],"seed_played":"-1761318390902470633","potions_obtained":[{"floor":6,"key":"FocusPotion"},{"floor":8,"key":"Swift Potion"},{"floor":11,"key":"Ancient Potion"}],"is_trial":false,"path_per_floor":["M","$","?","$","?","E","?","M","T","E","M","?","R","M","R","B",null,"M","$","?","?","$","R","$","E","T","E"],"character_chosen":"DEFECT","items_purchased":["Self Repair","Turbo","Defragment","Glacier","Bag of Preparation"],"campfire_rested":1,"item_purchase_floors":[2,2,19,19,19],"current_hp_per_floor":[68,68,68,68,68,68,53,63,63,34,40,40,40,43,43,41,67,49,49,49,33,33,55,55,35,35,0],"gold":88,"neow_bonus":"THREE_ENEMY_KILL","is_prod":false,"is_daily":false,"chose_seed":false,"campfire_upgraded":2,"win_rate":0,"timestamp":1550985346,"path_taken":["M","$","?","$","?","E","?","M","T","E","M","?","R","M","R","BOSS","M","?","?","?","$","R","?","E","T","E"],"build_version":"2019-01-23","purchased_purges":0,"victory":false,"max_hp_per_floor":[75,75,75,75,75,75,75,75,75,75,75,75,75,75,75,75,75,75,75,75,75,75,75,75,75,75,75],"card_choices":[{"not_picked":["Stack","Barrage"],"picked":"Sweeping Beam","floor":1},{"not_picked":["Leap","Glacier"],"picked":"Defragment","floor":6},{"not_picked":["Barrage","Tempest"],"picked":"Chaos","floor":8},{"not_picked":["Lockon","Tempest"],"picked":"Doom and Gloom","floor":10},{"not_picked":["Redo","Leap"],"picked":"Cold Snap","floor":11},{"not_picked":["Gash","Capacitor"],"picked":"Redo","floor":14},{"not_picked":["Seek","All For One"],"picked":"Echo Form","floor":16},{"not_picked":["Go for the Eyes","Compile Driver","Rebound"],"picked":"SKIP","floor":18},{"not_picked":["Ball Lightning","Stack","Steam Power+1"],"picked":"SKIP","floor":25}],"player_experience":841697,"relics_obtained":[{"floor":6,"key":"War Paint"},{"floor":10,"key":"Smiling Mask"},{"floor":21,"key":"Enchiridion"},{"floor":25,"key":"Bronze Scales"},{"floor":26,"key":"Mercury Hourglass"}],"event_choices":[{"damage_healed":0,"gold_gain":0,"player_choice":"Take Wound","damage_taken":0,"relics_obtained":["Golden Idol"],"max_hp_gain":0,"max_hp_loss":0,"event_name":"Golden Idol","floor":3,"gold_loss":0,"cards_obtained":["Injury"]},{"damage_healed":0,"gold_gain":0,"player_choice":"Grow","damage_taken":0,"max_hp_gain":0,"max_hp_loss":0,"event_name":"Living Wall","floor":5,"gold_loss":0,"cards_upgraded":["Self Repair"]},{"damage_healed":0,"gold_gain":0,"player_choice":"Entered Light","damage_taken":15,"max_hp_gain":0,"max_hp_loss":0,"event_name":"Shining Light","floor":7,"gold_loss":0,"cards_upgraded":["Strike_B","Strike_B"]},{"cards_removed":["Injury"],"damage_healed":0,"gold_gain":0,"player_choice":"Removed Curses","damage_taken":0,"max_hp_gain":0,"max_hp_loss":0,"event_name":"Fountain of Cleansing","floor":12,"gold_loss":0},{"damage_healed":0,"gold_gain":0,"player_choice":"Simplicity","damage_taken":0,"max_hp_gain":0,"max_hp_loss":0,"event_name":"Back to Basics","floor":20,"gold_loss":0,"cards_upgraded":["Strike_B","Strike_B","Defend_B","Defend_B","Defend_B"]},{"damage_healed":0,"gold_gain":0,"player_choice":"Obtained Book","damage_taken":16,"max_hp_gain":0,"max_hp_loss":0,"event_name":"Cursed Tome","floor":21,"gold_loss":0}],"is_beta":false,"boss_relics":[{"not_picked":["Empty Cage","Orrery"],"picked":"Inserter"}],"items_purged_floors":[],"is_endless":false,"potions_floor_spawned":[6,8,11],"killed_by":"Slavers","ascension_level":9}