{"gold_per_floor":[367,385,399,399,574,574,909,909,909,940,970],"floor_reached":11,"playtime":387,"items_purged":[],"score":85,"play_id":"31922482-8d02-45b7-b596-f100bff3146b","local_time":"20190504025622","is_ascension_mode":true,"campfire_choices":[{"data":"Beam Cell","floor":6,"key":"SMITH"},{"data":"Zap","floor":8,"key":"SMITH"}],"neow_cost":"TEN_PERCENT_HP_LOSS","seed_source_timestamp":24935749233848,"circlet_count":0,"master_deck":["Strike_B","Strike_B","Strike_B","Strike_B","Defend_B","Defend_B","Defend_B","Defend_B","Zap+1","Dualcast","Rip and Tear","Beam Cell+1","Leap","Doubt","Coolheaded","Fusion"],"relics":["Cracked Core","Golden Idol","Old Coin","Frozen Egg 2","Shuriken"],"potions_floor_usage":[7,10],"damage_taken":[{"damage":2,"enemies":"Small Slimes","floor":1,"turns":4},{"damage":0,"enemies":"2 Louse","floor":2,"turns":1},{"damage":0,"enemies":"Cultist","floor":3,"turns":2},{"damage":14,"enemies":"Gremlin Nob","floor":7,"turns":4},{"damage":12,"enemies":"3 Sentries","floor":10,"turns":6},{"damage":51,"enemies":"Gremlin Nob","floor":11,"turns":4}],"seed_played":"7832826248527368027","potions_obtained":[{"floor":1,"key":"LiquidBronze"},{"floor":2,"key":"LiquidBronze"},{"floor":3,"key":"Block Potion"}],"is_trial":false,"path_per_floor":["M","M","M","?","?","R","E","R","T","E","?"],"character_chosen":"DEFECT","items_purchased":[],"campfire_rested":0,"item_purchase_floors":[],"current_hp_per_floor":[66,66,66,63,63,63,49,49,49,37,0],"gold":970,"neow_bonus":"TWO_FIFTY_GOLD","is_prod":false,"is_daily":false,"chose_seed":false,"campfire_upgraded":2,"win_rate":0,"timestamp":1556952982,"path_taken":["M","M","M","?","?","R","E","R","T","E","?"],"build_version":"2019-04-23","purchased_purges":0,"victory":false,"max_hp_per_floor":[68,68,68,63,63,63,63,63,63,63,63],"card_choices":[{"not_picked":["Skim","Turbo"],"picked":"Rip and Tear","floor":1},{"not_picked":["Stack","Sunder"],"picked":"Beam Cell","floor":2},{"not_picked":["Sweeping Beam","Static Discharge"],"picked":"Leap","floor":3},{"not_picked":["Creative AI","Fusion"],"picked":"Coolheaded","floor":7},{"not_picked":["Rebound","Barrage"],"picked":"Fusion","floor":10}],"player_experience":5623460,"relics_obtained":[{"floor":7,"key":"Old Coin"},{"floor":9,"key":"Frozen Egg 2"},{"floor":10,"key":"Shuriken"}],"event_choices":[{"damage_healed":0,"gold_gain":0,"player_choice":"Lose Max HP","damage_taken":0,"relics_obtained":["Golden Idol"],"max_hp_gain":0,"max_hp_loss":5,"event_name":"Golden Idol","floor":4,"gold_loss":0},{"damage_healed":0,"gold_gain":175,"player_choice":"AGREE","damage_taken":0,"max_hp_gain":0,"max_hp_loss":0,"event_name":"Liars Game","floor":5,"gold_loss":0,"cards_obtained":["Doubt"]},{"damage_healed":0,"gold_gain":30,"player_choice":"Searched \u00272\u0027 times","damage_taken":0,"max_hp_gain":0,"max_hp_loss":0,"event_name":"Dead Adventurer","floor":11,"gold_loss":0}],"is_beta":true,"boss_relics":[],"items_purged_floors":[],"is_endless":false,"potions_floor_spawned":[1,2,3],"killed_by":"Gremlin Nob","ascension_level":1}