{"gold_per_floor":[115,115,190,50,70,95,95,122,159,171,200,237,249,231,243,356,368,395,109,159,178,178,206,206,231,255,255,274,274,294,313,313,313],"floor_reached":33,"playtime":1061,"items_purged":[],"score":433,"play_id":"1a6af675-f5c4-4e7a-a956-99dd5e2d9143","local_time":"20190119181926","is_ascension_mode":true,"campfire_choices":[{"floor":7,"key":"REST"},{"data":"Inflame","floor":10,"key":"SMITH"},{"floor":13,"key":"REST"},{"data":"Exhume","floor":15,"key":"SMITH"},{"floor":24,"key":"REST"},{"floor":32,"key":"REST"}],"neow_cost":"PERCENT_DAMAGE","seed_source_timestamp":541211515122449,"circlet_count":0,"master_deck":["Strike_R","Strike_R","Strike_R","Strike_R","Strike_R+1","Defend_R","Defend_R","Defend_R","Defend_R","Bash","Fiend Fire+1","Pummel+1","Exhume+1","Clash","Shrug It Off","Inflame+1","Twin Strike","Carnage","Demon Form","Pommel Strike+1","Heavy Blade","Dual Wield+1","Anger","Havoc+1","Battle Trance","Inflame"],"relics":["Burning Blood","Ancient Tea Set","MawBank","Omamori","Mercury Hourglass","Mark of Pain","Lantern","Whetstone","Sundial","Darkstone Periapt","Blood Vial"],"potions_floor_usage":[12,12,16,23,29,29,29],"damage_taken":[{"damage":7,"enemies":"Jaw Worm","floor":1,"turns":2},{"damage":9,"enemies":"2 Louse","floor":5,"turns":3},{"damage":8,"enemies":"Gremlin Nob","floor":6,"turns":3},{"damage":20,"enemies":"3 Sentries","floor":8,"turns":8},{"damage":6,"enemies":"Cultist","floor":11,"turns":3},{"damage":12,"enemies":"Lagavulin","floor":12,"turns":3},{"damage":28,"enemies":"Slime Boss","floor":16,"turns":5},{"damage":5,"enemies":"3 Byrds","floor":18,"turns":4},{"damage":20,"enemies":"2 Thieves","floor":21,"turns":3},{"damage":46,"enemies":"Gremlin Leader","floor":23,"turns":6},{"damage":34,"enemies":"Slavers","floor":25,"turns":5},{"damage":0,"enemies":"Snecko","floor":28,"turns":2},{"damage":11,"enemies":"Gremlin Leader","floor":29,"turns":4},{"damage":13,"enemies":"Cultist and Chosen","floor":30,"turns":4},{"damage":21,"enemies":"Snake Plant","floor":31,"turns":3},{"damage":67,"enemies":"Collector","floor":33,"turns":5}],"seed_played":"-4242735637840533280","potions_obtained":[{"floor":1,"key":"EssenceOfSteel"},{"floor":6,"key":"AttackPotion"},{"floor":8,"key":"Strength Potion"},{"floor":14,"key":"Energy Potion"},{"floor":14,"key":"Poison Potion"},{"floor":16,"key":"SmokeBomb"},{"floor":18,"key":"Regen Potion"},{"floor":28,"key":"Weak Potion"}],"is_trial":false,"path_per_floor":["M","?","?","$","M","E","R","E","T","R","M","E","R","?","R","B",null,"M","$","?","M","?","E","R","E","T","?","M","E","M","M","R","B"],"character_chosen":"IRONCLAD","items_purchased":["Exhume","Lantern","Whetstone"],"campfire_rested":4,"item_purchase_floors":[4,19,19],"current_hp_per_floor":[50,50,39,39,36,34,58,44,44,44,44,38,62,62,62,40,70,71,71,71,57,57,17,41,13,13,13,21,30,25,12,36,0],"gold":313,"neow_bonus":"THREE_RARE_CARDS","is_prod":false,"is_daily":false,"chose_seed":false,"campfire_upgraded":2,"win_rate":0,"timestamp":1547932766,"path_taken":["M","?","?","$","M","E","R","E","T","R","M","E","R","?","R","BOSS","M","$","?","?","?","E","R","E","T","?","M","E","M","M","R","BOSS"],"build_version":"2019-01-17v2","purchased_purges":0,"victory":false,"max_hp_per_floor":[80,80,80,80,80,80,80,80,80,80,80,80,80,80,80,80,80,80,80,80,80,80,80,80,80,80,80,80,80,80,80,80,80],"card_choices":[{"not_picked":["Double Tap","Berserk"],"picked":"Fiend Fire","floor":0},{"not_picked":["Blood for Blood","Warcry"],"picked":"Pummel","floor":1},{"not_picked":["Wild Strike","Hemokinesis"],"picked":"Clash","floor":5},{"not_picked":["Evolve","Clothesline"],"picked":"Shrug It Off","floor":6},{"not_picked":["Sword Boomerang","Burning Pact"],"picked":"Inflame","floor":8},{"not_picked":["Perfected Strike","Wild Strike"],"picked":"Twin Strike","floor":11},{"not_picked":["Clash","Flex"],"picked":"Carnage","floor":12},{"not_picked":["Bludgeon","Brutality"],"picked":"Demon Form","floor":16},{"not_picked":["Thunderclap","Dual Wield"],"picked":"Pommel Strike+1","floor":18},{"not_picked":["Metallicize","True Grit"],"picked":"Heavy Blade","floor":21},{"not_picked":["Searing Blow","Uppercut"],"picked":"Dual Wield+1","floor":23},{"not_picked":["Havoc","Shockwave"],"picked":"Anger","floor":25},{"not_picked":["Searing Blow","Iron Wave+1"],"picked":"Havoc+1","floor":28},{"not_picked":["Burning Pact","Blood for Blood+1"],"picked":"Battle Trance","floor":30},{"not_picked":["Wild Strike","Headbutt"],"picked":"Inflame","floor":31}],"player_experience":658822,"relics_obtained":[{"floor":6,"key":"Ancient Tea Set"},{"floor":8,"key":"MawBank"},{"floor":9,"key":"Omamori"},{"floor":12,"key":"Mercury Hourglass"},{"floor":23,"key":"Sundial"},{"floor":25,"key":"Darkstone Periapt"}],"event_choices":[{"damage_healed":0,"gold_gain":0,"player_choice":"Grow","damage_taken":0,"max_hp_gain":0,"max_hp_loss":0,"event_name":"Living Wall","floor":2,"gold_loss":0,"cards_upgraded":["Fiend Fire"]},{"damage_healed":0,"gold_gain":75,"player_choice":"Gather Gold","damage_taken":11,"max_hp_gain":0,"max_hp_loss":0,"event_name":"World of Goop","floor":3,"gold_loss":0},{"damage_healed":0,"gold_gain":0,"player_choice":"Bought 2 Potions","damage_taken":0,"max_hp_gain":0,"max_hp_loss":0,"event_name":"The Woman in Blue","floor":14,"gold_loss":0},{"damage_healed":0,"gold_gain":100,"player_choice":"Bet on Murderer","damage_taken":0,"max_hp_gain":0,"max_hp_loss":0,"event_name":"The Joust","floor":20,"gold_loss":50},{"damage_healed":0,"gold_gain":0,"player_choice":"Ignored","damage_taken":0,"max_hp_gain":0,"max_hp_loss":0,"event_name":"Vampires","floor":22,"gold_loss":0},{"damage_healed":0,"gold_gain":0,"player_choice":"Opened","damage_taken":0,"relics_obtained":["Blood Vial"],"max_hp_gain":0,"max_hp_loss":0,"event_name":"The Mausoleum","floor":27,"gold_loss":0}],"is_beta":false,"boss_relics":[{"not_picked":["Sozu","Orrery"],"picked":"Mark of Pain"}],"items_purged_floors":[],"is_endless":false,"potions_floor_spawned":[1,6,8,16,18,28,29],"killed_by":"Collector","ascension_level":7}