{"gold_per_floor":[114,114,129,7,27,55,69,69,69,88,103,135,152,186,186,284,284,284,284,284,284,284,284,284,284,284,34,34,34,34,34,34,34,34,34,34,34,34,34,34,34,34,34,34,34,34,34,34,34,34,34,34,34,34,34],"floor_reached":55,"playtime":4210,"items_purged":["Strike_B"],"score":894,"play_id":"59b0ee31-957e-4d40-8afb-4bc23bbd7e46","local_time":"20190425180333","is_ascension_mode":true,"campfire_choices":[{"data":"Streamline","floor":8.0,"key":"SMITH"},{"floor":15.0,"key":"REST"},{"data":"Creative AI","floor":25.0,"key":"SMITH"},{"data":"Sweeping Beam","floor":29.0,"key":"SMITH"},{"data":"Machine Learning","floor":32.0,"key":"SMITH"},{"data":"Echo Form","floor":47,"key":"SMITH"},{"floor":49,"key":"RECALL"},{"data":"Chill","floor":52,"key":"SMITH"}],"neow_cost":"NONE","seed_source_timestamp":0,"circlet_count":0,"master_deck":["Strike_B","Strike_B","Strike_B","Defend_B","Defend_B","Defend_B","Defend_B","Zap","Dualcast","Sweeping Beam+1","Streamline+1","Go for the Eyes","Cold Snap","Doom and Gloom","Sunder","Leap","Recycle","Chill+1","BootSequence","Creative AI+1","Glacier","Ball Lightning","Capacitor+1","Machine Learning+1","Echo Form+1","Storm+1","Coolheaded+1","Consume+1","Compile Driver","Compile Driver","Storm+1","FTL","Leap"],"special_seed":0,"relics":["Cracked Core","Ornamental Fan","Torii","Bird Faced Urn","Mummified Hand","Bottled Flame","Ectoplasm","Letter Opener","Pantograph","Kunai","Strawberry","Sozu","Shuriken","Question Card","Regal Pillow","Vajra"],"potions_floor_usage":[55],"damage_taken":[{"damage":2.0,"enemies":"Jaw Worm","floor":1.0,"turns":5.0},{"damage":1.0,"enemies":"Cultist","floor":3.0,"turns":3.0},{"damage":1.0,"enemies":"2 Louse","floor":5.0,"turns":2.0},{"damage":9.0,"enemies":"Lagavulin","floor":6.0,"turns":6.0},{"damage":0.0,"enemies":"Gremlin Gang","floor":7.0,"turns":3.0},{"damage":1.0,"enemies":"3 Louse","floor":10.0,"turns":3.0},{"damage":22.0,"enemies":"Exordium Thugs","floor":11.0,"turns":5.0},{"damage":25.0,"enemies":"Gremlin Nob","floor":12.0,"turns":5.0},{"damage":1.0,"enemies":"Looter","floor":13.0,"turns":3.0},{"damage":1.0,"enemies":"3 Sentries","floor":14.0,"turns":5.0},{"damage":10.0,"enemies":"Slime Boss","floor":16.0,"turns":8.0},{"damage":12.0,"enemies":"Spheric Guardian","floor":18.0,"turns":4.0},{"damage":9.0,"enemies":"Shell Parasite","floor":19.0,"turns":9.0},{"damage":18.0,"enemies":"Centurion and Healer","floor":21.0,"turns":7.0},{"damage":23.0,"enemies":"3 Cultists","floor":22.0,"turns":7.0},{"damage":24.0,"enemies":"Gremlin Leader","floor":23.0,"turns":8.0},{"damage":10.0,"enemies":"Book of Stabbing","floor":28.0,"turns":6.0},{"damage":14.0,"enemies":"Snecko","floor":30.0,"turns":10.0},{"damage":8.0,"enemies":"Centurion and Healer","floor":31.0,"turns":10.0},{"damage":26.0,"enemies":"Champ","floor":33.0,"turns":12.0},{"damage":3.0,"enemies":"3 Shapes","floor":35.0,"turns":5.0},{"damage":20.0,"enemies":"3 Darklings","floor":37.0,"turns":6.0},{"damage":13.0,"enemies":"Spire Growth","floor":38.0,"turns":4.0},{"damage":0.0,"enemies":"Writhing Mass","floor":39.0,"turns":4.0},{"damage":1.0,"enemies":"Reptomancer","floor":40.0,"turns":5.0},{"damage":11.0,"enemies":"3 Darklings","floor":41.0,"turns":5.0},{"damage":18.0,"enemies":"Nemesis","floor":42.0,"turns":5.0},{"damage":17.0,"enemies":"Transient","floor":44.0,"turns":5.0},{"damage":0.0,"enemies":"Maw","floor":45.0,"turns":5.0},{"damage":43,"enemies":"Reptomancer","floor":46,"turns":4},{"damage":23,"enemies":"Jaw Worm Horde","floor":48,"turns":3},{"damage":45,"enemies":"Donu and Deca","floor":50,"turns":7},{"damage":61,"enemies":"Shield and Spear","floor":54,"turns":6},{"damage":105,"enemies":"The Heart","floor":55,"turns":8}],"seed_played":"7158647468218124165","potions_obtained":[{"floor":0.0,"key":"Poison Potion"},{"floor":0.0,"key":"Dexterity Potion"},{"floor":0.0,"key":"FocusPotion"},{"floor":3.0,"key":"EssenceOfSteel"},{"floor":7.0,"key":"SteroidPotion"},{"floor":12.0,"key":"EntropicBrew"},{"floor":13.0,"key":"Block Potion"},{"floor":16.0,"key":"FocusPotion"},{"floor":23.0,"key":"Regen Potion"},{"floor":30.0,"key":"Swift Potion"},{"floor":31.0,"key":"PowerPotion"}],"is_trial":false,"path_per_floor":["M","?","M","$","M","E","M","R","T","M","M","E","M","E","R","B",null,"M","M","?","M","M","E","?","R","T","$","E","R","M","M","R","B",null,"M","?","M","M","M","E","M","E","T","M","M","E","R","M","R","B",null,"R","$","E","B"],"character_chosen":"DEFECT","items_purchased":["Go for the Eyes","Kunai"],"campfire_rested":1,"item_purchase_floors":[4,27],"current_hp_per_floor":[73,73,72,72,71,62,62,62,62,61,39,14,13,12,34,24,75,65,66,59,61,52,36,36,36,36,36,41,41,75,82,82,78,82,79,79,82,74,82,82,75,71,71,66,82,47,47,32,32,38,82,82,82,35,0],"gold":34,"neow_bonus":"THREE_SMALL_POTIONS","is_prod":false,"is_daily":false,"chose_seed":false,"campfire_upgraded":6,"win_rate":1,"timestamp":1556211813,"path_taken":["M","?","M","$","M","E","?","R","T","M","M","E","M","E","R","BOSS","M","M","?","M","?","E","?","R","T","?","E","R","M","?","R","BOSS","M","?","M","?","M","E","M","E","T","M","?","E","R","M","R","BOSS","R","$","E","BOSS"],"build_version":"2019-04-23","purchased_purges":1,"victory":false,"max_hp_per_floor":[75,75,75,75,75,75,75,75,75,75,75,75,75,75,75,75,75,75,75,75,75,75,75,75,75,75,75,82,82,82,82,82,82,82,82,82,82,82,82,82,82,82,82,82,82,82,82,82,82,82,82,82,82,82,82],"card_choices":[{"not_picked":["Conserve Battery","Coolheaded"],"picked":"Sweeping Beam","floor":1.0},{"not_picked":["Double Energy","Rebound"],"picked":"Streamline","floor":3.0},{"not_picked":["Compile Driver","Scrape"],"picked":"Cold Snap","floor":5.0},{"not_picked":["Redo","White Noise"],"picked":"Doom and Gloom","floor":6.0},{"not_picked":["Heatsinks","Streamline"],"picked":"Sunder","floor":7.0},{"not_picked":["Turbo","Meteor Strike"],"picked":"Leap","floor":10.0},{"not_picked":["Fusion","Lockon","Hologram"],"picked":"SKIP","floor":11.0},{"not_picked":["Beam Cell","Doom and Gloom"],"picked":"Recycle","floor":12.0},{"not_picked":["Static Discharge","Leap"],"picked":"Chill","floor":13.0},{"not_picked":["Turbo","Aggregate"],"picked":"BootSequence","floor":14.0},{"not_picked":["Rainbow","Hyperbeam"],"picked":"Creative AI","floor":16.0},{"not_picked":["Streamline","Aggregate","Lockon"],"picked":"SKIP","floor":18.0},{"not_picked":["Go for the Eyes+1","Beam Cell"],"picked":"Glacier","floor":19.0},{"not_picked":["Auto Shields+1","Gash","Hologram"],"picked":"SKIP","floor":21.0},{"not_picked":["Sweeping Beam","Glacier","Double Energy+1"],"picked":"SKIP","floor":22.0},{"not_picked":["Turbo","Aggregate"],"picked":"Ball Lightning","floor":23.0},{"not_picked":["Gash","Hologram","Steam"],"picked":"SKIP","floor":28.0},{"not_picked":["Barrage","Gash+1"],"picked":"Capacitor+1","floor":30.0},{"not_picked":["Fusion","Leap"],"picked":"Machine Learning","floor":31.0},{"not_picked":["Creative AI","Seek"],"picked":"Echo Form","floor":33.0},{"not_picked":["Ball Lightning+1","Barrage","Streamline"],"picked":"SKIP","floor":35.0},{"not_picked":["Machine Learning","Recycle+1"],"picked":"Storm+1","floor":37.0},{"not_picked":["Gash+1","Ball Lightning"],"picked":"Coolheaded+1","floor":38.0},{"not_picked":["Melter+1","Go for the Eyes+1","Sweeping Beam"],"picked":"SKIP","floor":39.0},{"not_picked":["Cold Snap","Self Repair"],"picked":"Consume+1","floor":40.0},{"not_picked":["Streamline","Go for the Eyes+1"],"picked":"Compile Driver","floor":41.0},{"not_picked":["Storm+1","Multi-Cast"],"picked":"Compile Driver","floor":42.0},{"not_picked":["Hello World+1","Streamline","Reprogram"],"picked":"Storm+1","floor":44.0},{"not_picked":["Steam","Auto Shields+1","Fusion+1","Melter+1"],"picked":"SKIP","floor":45.0},{"not_picked":["Ball Lightning","Sunder+1","Turbo","Doom and Gloom+1"],"picked":"SKIP","floor":46},{"not_picked":["Stack+1","Sweeping Beam+1","Aggregate+1"],"picked":"FTL","floor":48},{"not_picked":["Darkness+1","Doom and Gloom","Sweeping Beam+1"],"picked":"Leap","floor":54}],"player_experience":35902,"relics_obtained":[{"floor":6.0,"key":"Torii"},{"floor":9.0,"key":"Bird Faced Urn"},{"floor":12.0,"key":"Mummified Hand"},{"floor":14.0,"key":"Bottled Flame"},{"floor":23.0,"key":"Letter Opener"},{"floor":26.0,"key":"Pantograph"},{"floor":28.0,"key":"Strawberry"},{"floor":40.0,"key":"Shuriken"},{"floor":42.0,"key":"Question Card"},{"floor":46,"key":"Regal Pillow"},{"floor":54,"key":"Vajra"}],"event_choices":[{"damage_healed":0.0,"max_hp_gain":0.0,"max_hp_loss":0.0,"gold_gain":0.0,"event_name":"WeMeetAgain","player_choice":"Gave Potion","floor":2.0,"gold_loss":0.0,"damage_taken":0.0,"relics_obtained":["Ornamental Fan"]},{"damage_healed":0.0,"max_hp_gain":0.0,"max_hp_loss":0.0,"gold_gain":0.0,"event_name":"Knowing Skull","player_choice":"","floor":20.0,"potions_obtained":[],"gold_loss":0.0,"damage_taken":7.0,"cards_obtained":[]},{"damage_healed":0.0,"max_hp_gain":0.0,"max_hp_loss":0.0,"gold_gain":0.0,"event_name":"Match and Keep!","player_choice":"0 cards matched","floor":24.0,"gold_loss":0.0,"damage_taken":0.0,"cards_obtained":[]},{"damage_healed":0.0,"max_hp_gain":0.0,"max_hp_loss":0.0,"gold_gain":0.0,"event_name":"Lab","player_choice":"Got Potions","floor":36.0,"gold_loss":0.0,"damage_taken":0.0}],"is_beta":true,"boss_relics":[{"not_picked":["Busted Crown","FrozenCore"],"picked":"Ectoplasm"},{"not_picked":["Velvet Choker","Calling Bell"],"picked":"Sozu"}],"items_purged_floors":[4],"is_endless":false,"potions_floor_spawned":[3,5,7,12,13,16,18,23,28,30,31,38,39,40,44,45,48],"killed_by":"The Heart","ascension_level":3}