{"gold_per_floor":[115,115,140,160,160,160,335,335,358,433,446,462,485,506,506,636,636,661,661],"floor_reached":19,"playtime":644,"items_purged":[],"score":233,"play_id":"50c72d0b-5d6d-4cb3-82c0-01b26116df40","local_time":"20190217021332","is_ascension_mode":true,"campfire_choices":[{"data":"Outmaneuver","floor":6,"key":"SMITH"},{"data":"Bouncing Flask","floor":8,"key":"SMITH"},{"floor":15,"key":"REST"}],"neow_cost":"NONE","seed_source_timestamp":218066649447773,"circlet_count":0,"master_deck":["Defend_G","Defend_G","Defend_G","Defend_G","Defend_G","Strike_G","Strike_G","Strike_G","Strike_G","Strike_G","Survivor","Neutralize","Riddle With Holes","Outmaneuver+1","Bouncing Flask+1","Doubt","Footwork","Predator","A Thousand Cuts","Skewer"],"relics":["Snecko Eye","Golden Idol","Tingsha","Smiling Mask","Black Star"],"potions_floor_usage":[13,14,16],"damage_taken":[{"damage":13,"enemies":"Cultist","floor":1,"turns":6},{"damage":3,"enemies":"Jaw Worm","floor":3,"turns":5},{"damage":4,"enemies":"Small Slimes","floor":4,"turns":3},{"damage":0,"enemies":"2 Fungi Beasts","floor":11,"turns":2},{"damage":2,"enemies":"Exordium Wildlife","floor":12,"turns":2},{"damage":0,"enemies":"Lots of Slimes","floor":13,"turns":2},{"damage":3,"enemies":"Blue Slaver","floor":14,"turns":4},{"damage":23,"enemies":"Slime Boss","floor":16,"turns":9},{"damage":32,"enemies":"Chosen","floor":18,"turns":6},{"damage":24,"enemies":"Shell Parasite","floor":19,"turns":6}],"seed_played":"-8322757335226267322","potions_obtained":[{"floor":1,"key":"Explosive Potion"},{"floor":3,"key":"Explosive Potion"},{"floor":4,"key":"Dexterity Potion"},{"floor":16,"key":"Ancient Potion"},{"floor":18,"key":"FearPotion"}],"is_trial":false,"path_per_floor":["M","?","M","M","?","R","?","R","T","?","M","M","M","M","R","B",null,"M","M"],"character_chosen":"THE_SILENT","items_purchased":[],"campfire_rested":1,"item_purchase_floors":[],"current_hp_per_floor":[50,50,47,43,25,25,25,25,25,14,14,12,12,9,28,5,50,18,0],"gold":661,"neow_bonus":"BOSS_RELIC","is_prod":false,"is_daily":false,"chose_seed":false,"campfire_upgraded":2,"win_rate":0,"timestamp":1550380412,"path_taken":["M","?","M","M","?","R","?","R","T","?","?","M","M","M","R","BOSS","M","M"],"build_version":"2019-01-23","purchased_purges":0,"victory":false,"max_hp_per_floor":[70,65,65,65,65,65,65,65,65,65,65,65,65,65,65,65,65,65,65],"card_choices":[{"not_picked":["Acrobatics","Prepared"],"picked":"Riddle With Holes","floor":1},{"not_picked":["Deadly Poison","Backflip"],"picked":"Outmaneuver","floor":3},{"not_picked":["Finisher","Flechettes"],"picked":"Bouncing Flask","floor":4},{"not_picked":["Well Laid Plans","Quick Slash","Dagger Throw"],"picked":"SKIP","floor":11},{"not_picked":["Dagger Spray","Backstab"],"picked":"Footwork","floor":12},{"not_picked":["Well Laid Plans","Slice"],"picked":"Predator","floor":13},{"not_picked":["Slice","Calculated Gamble","Venomology"],"picked":"SKIP","floor":14},{"not_picked":["Malaise","Unload"],"picked":"A Thousand Cuts","floor":16},{"not_picked":["Expertise","Deflect"],"picked":"Skewer","floor":18}],"player_experience":785866,"relics_obtained":[{"floor":9,"key":"Smiling Mask"}],"event_choices":[{"damage_healed":0,"gold_gain":0,"player_choice":"Lose Max HP","damage_taken":0,"relics_obtained":["Golden Idol"],"max_hp_gain":0,"max_hp_loss":5,"event_name":"Golden Idol","floor":2,"gold_loss":0},{"damage_healed":0,"gold_gain":0,"player_choice":"Success","damage_taken":18,"relics_obtained":["Tingsha"],"max_hp_gain":0,"max_hp_loss":0,"event_name":"Scrap Ooze","floor":5,"gold_loss":0},{"damage_healed":0,"gold_gain":175,"player_choice":"AGREE","damage_taken":0,"max_hp_gain":0,"max_hp_loss":0,"event_name":"Liars Game","floor":7,"gold_loss":0,"cards_obtained":["Doubt"]},{"damage_healed":0,"gold_gain":75,"player_choice":"Gather Gold","damage_taken":11,"max_hp_gain":0,"max_hp_loss":0,"event_name":"World of Goop","floor":10,"gold_loss":0}],"is_beta":false,"boss_relics":[{"not_picked":["Lizard Tail","Calling Bell"],"picked":"Black Star"}],"items_purged_floors":[],"is_endless":false,"potions_floor_spawned":[1,3,4,16,18],"killed_by":"Shell Parasite","ascension_level":9}