{"gold_per_floor":[119,69,69,69,244,244,274,274,274,305,324,106,120,171,171,266,316,333,432,442,24,42,76,91,105,131,131,131,131],"floor_reached":29,"playtime":784,"items_purged":["Regret"],"score":461,"play_id":"5b3ee829-0b70-49e0-9033-0457e6a682c7","local_time":"20190223001237","is_ascension_mode":true,"campfire_choices":[{"data":"Static Discharge","floor":6,"key":"SMITH"},{"data":"Coolheaded","floor":8,"key":"SMITH"},{"data":"Storm","floor":15,"key":"SMITH"},{"floor":27,"key":"REST"}],"neow_cost":"NONE","seed_source_timestamp":729099800588062,"circlet_count":0,"master_deck":["Strike_B","Strike_B+1","Strike_B","Defend_B","Defend_B+1","Defend_B","Defend_B+1","Zap","Dualcast","Static Discharge+1","Doubt","Coolheaded+1","Stack","Darkness","Storm+1","Electrodynamics","Cold Snap","Cold Snap","Defragment","Darkness+1","Doom and Gloom"],"relics":["Cracked Core","NeowsBlessing","Blue Candle","Bottled Flame","Gremlin Horn","The Courier","Membership Card","Tiny House","Lee\u0027s Waffle","Shuriken","Vajra","Kunai","Strawberry","Art of War","Blood Vial"],"potions_floor_usage":[16,18,22,23,24,25,28],"damage_taken":[{"damage":0,"enemies":"Small Slimes","floor":1,"turns":1},{"damage":0,"enemies":"3 Sentries","floor":7,"turns":1},{"damage":0,"enemies":"Lagavulin","floor":10,"turns":1},{"damage":2,"enemies":"2 Louse","floor":11,"turns":3},{"damage":2,"enemies":"Jaw Worm","floor":13,"turns":3},{"damage":32,"enemies":"Hexaghost","floor":16,"turns":9},{"damage":19,"enemies":"Chosen","floor":18,"turns":4},{"damage":16,"enemies":"Spheric Guardian","floor":20,"turns":3},{"damage":30,"enemies":"Shelled Parasite and Fungi","floor":22,"turns":5},{"damage":29,"enemies":"Slavers","floor":23,"turns":3},{"damage":18,"enemies":"3 Cultists","floor":24,"turns":4},{"damage":15,"enemies":"Centurion and Healer","floor":25,"turns":6},{"damage":12,"enemies":"Colosseum Slavers","floor":28,"turns":4},{"damage":29,"enemies":"Book of Stabbing","floor":29,"turns":2}],"seed_played":"1481722789452991263","potions_obtained":[{"floor":10,"key":"LiquidBronze"},{"floor":16,"key":"Regen Potion"},{"floor":17,"key":"PowerPotion"},{"floor":20,"key":"Block Potion"},{"floor":23,"key":"SkillPotion"},{"floor":24,"key":"FocusPotion"},{"floor":25,"key":"Block Potion"}],"is_trial":false,"path_per_floor":["M","?","?","?","?","R","E","R","T","E","M","$","M","T","R","B",null,"M","?","M","$","M","E","M","M","T","R","?","E"],"character_chosen":"DEFECT","items_purchased":["Membership Card","Lee\u0027s Waffle","Shuriken","Vajra","Kunai","Strawberry","Defragment"],"campfire_rested":1,"item_purchase_floors":[12,21,21,21,21,21,21],"current_hp_per_floor":[68,68,68,53,53,53,53,53,53,53,51,51,49,49,49,17,66,59,59,43,94,64,35,17,2,2,30,20,0],"gold":131,"neow_bonus":"THREE_ENEMY_KILL","is_prod":false,"is_daily":false,"chose_seed":false,"campfire_upgraded":3,"win_rate":0,"timestamp":1550891557,"path_taken":["M","?","?","?","?","R","E","R","T","E","?","?","M","?","R","BOSS","M","?","M","$","M","E","M","M","T","R","?","E"],"build_version":"2019-01-23","purchased_purges":1,"victory":false,"max_hp_per_floor":[75,75,75,75,75,75,75,75,75,75,75,75,75,75,75,75,80,80,80,80,94,94,94,94,94,94,94,94,94],"card_choices":[{"not_picked":["Turbo","Leap"],"picked":"Static Discharge","floor":1},{"not_picked":["BootSequence","Conserve Battery"],"picked":"Coolheaded","floor":7},{"not_picked":["Thunder Strike","Steam"],"picked":"Stack","floor":10},{"not_picked":["Stack","Turbo"],"picked":"Darkness","floor":11},{"not_picked":["Streamline","Heatsinks"],"picked":"Storm","floor":13},{"not_picked":["Amplify","Machine Learning"],"picked":"Electrodynamics","floor":16},{"not_picked":["Compile Driver","Lockon"],"picked":"Cold Snap","floor":17},{"not_picked":["Reprogram","Go for the Eyes","Aggregate"],"picked":"SKIP","floor":18},{"not_picked":["Undo","Go for the Eyes+1"],"picked":"Cold Snap","floor":20},{"not_picked":["Chaos","Barrage"],"picked":"Darkness+1","floor":22},{"not_picked":["Beam Cell","Gash+1"],"picked":"Doom and Gloom","floor":23},{"not_picked":["Hyperbeam","Cold Snap","Capacitor"],"picked":"SKIP","floor":24},{"not_picked":["Streamline+1","Sunder","Beam Cell"],"picked":"SKIP","floor":25}],"player_experience":826816,"relics_obtained":[{"floor":7,"key":"Bottled Flame"},{"floor":9,"key":"Gremlin Horn"},{"floor":10,"key":"The Courier"},{"floor":23,"key":"Art of War"},{"floor":26,"key":"Blood Vial"}],"event_choices":[{"cards_removed":["Strike_B"],"damage_healed":0,"gold_gain":0,"player_choice":"Card Removal","damage_taken":0,"max_hp_gain":0,"max_hp_loss":0,"event_name":"The Cleric","floor":2,"gold_loss":50},{"damage_healed":0,"gold_gain":0,"player_choice":"Box","damage_taken":0,"relics_obtained":["Blue Candle"],"max_hp_gain":0,"max_hp_loss":0,"event_name":"Big Fish","floor":3,"gold_loss":0,"cards_obtained":["Regret"]},{"damage_healed":0,"gold_gain":0,"player_choice":"Entered Light","damage_taken":15,"max_hp_gain":0,"max_hp_loss":0,"event_name":"Shining Light","floor":4,"gold_loss":0,"cards_upgraded":["Defend_B","Defend_B"]},{"damage_healed":0,"gold_gain":175,"player_choice":"AGREE","damage_taken":0,"max_hp_gain":0,"max_hp_loss":0,"event_name":"Liars Game","floor":5,"gold_loss":0,"cards_obtained":["Doubt"]},{"damage_healed":0,"gold_gain":99,"player_choice":"Stole From Cult","damage_taken":0,"max_hp_gain":0,"max_hp_loss":0,"event_name":"Nest","floor":19,"gold_loss":0},{"damage_healed":0,"gold_gain":0,"player_choice":"Fight","damage_taken":0,"max_hp_gain":0,"max_hp_loss":0,"event_name":"Colosseum","floor":28,"gold_loss":0},{"damage_healed":0,"gold_gain":0,"player_choice":"Fled From Nobs","damage_taken":0,"max_hp_gain":0,"max_hp_loss":0,"event_name":"Colosseum","floor":28,"gold_loss":0}],"is_beta":false,"boss_relics":[{"not_picked":["Velvet Choker","Empty Cage"],"picked":"Tiny House"}],"items_purged_floors":[12],"is_endless":false,"potions_floor_spawned":[10,16,20,23,24,25],"killed_by":"Book of Stabbing","ascension_level":9}