{"gold_per_floor":[116,116,116,177,192,192,226,226,253,303,303,335,260,293,293,367,367,379,429,489,51,16,16,43,93,93,93,143,143,155,221,221,297,297,310,329,379,429,304,304,335,363,386,414,414,513,525,575,575,575,575,575,575,110,140,140],"floor_reached":56,"playtime":9837,"items_purged":["Strike_R","Strike_R","Strike_R","Strike_R"],"score":2040,"play_id":"2a979483-70ba-414d-aedb-9a97131bcca0","local_time":"20181120205619","is_ascension_mode":true,"campfire_choices":[{"data":"Bash","floor":6,"key":"SMITH"},{"data":"Clothesline","floor":8,"key":"SMITH"},{"floor":11,"key":"REST"},{"floor":15,"key":"REST"},{"data":"Armaments","floor":23,"key":"SMITH"},{"data":"Demon Form","floor":27,"key":"SMITH"},{"floor":29,"key":"REST"},{"data":"True Grit","floor":32,"key":"SMITH"},{"data":"Disarm","floor":40,"key":"SMITH"},{"floor":45,"key":"RECALL"},{"floor":49,"key":"REST"},{"data":"Inflame","floor":53,"key":"SMITH"}],"neow_cost":"PERCENT_DAMAGE","seed_source_timestamp":513824071958678,"circlet_count":0,"master_deck":["AscendersBane","Strike_R","Defend_R","Defend_R","Defend_R","Defend_R","Bash+1","Anger","Pommel Strike","Clothesline+1","Thunderclap","Shrug It Off","Headbutt","Shrug It Off","Armaments+1","Inflame+1","Iron Wave+1","Demon Form+1","True Grit+1","Feed","Reaper","Disarm+1","Shrug It Off+1","Blind","True Grit+1","Heavy Blade+1","Feel No Pain+1"],"relics":["Burning Blood","WingedGreaves","SsserpentHead","Happy Flower","Bronze Scales","Self Forming Clay","Bag of Preparation","Orrery","Pocketwatch","Frozen Egg 2","Mercury Hourglass","Sozu","Vajra","Meat on the Bone","Bag of Marbles","Molten Egg 2","Turnip","Toy Ornithopter","The Courier"],"potions_floor_usage":[14,16,33,55,56],"damage_taken":[{"damage":18,"enemies":"Small Slimes","floor":1,"turns":6},{"damage":1,"enemies":"Cultist","floor":4,"turns":4},{"damage":3,"enemies":"2 Louse","floor":5,"turns":2},{"damage":24,"enemies":"Gremlin Nob","floor":7,"turns":4},{"damage":25,"enemies":"3 Sentries","floor":12,"turns":5},{"damage":7,"enemies":"Lagavulin","floor":14,"turns":6},{"damage":34,"enemies":"Slime Boss","floor":16,"turns":8},{"damage":7,"enemies":"Spheric Guardian","floor":18,"turns":4},{"damage":1,"enemies":"3 Byrds","floor":20,"turns":3},{"damage":29,"enemies":"Gremlin Leader","floor":24,"turns":7},{"damage":13,"enemies":"Shelled Parasite and Fungi","floor":30,"turns":6},{"damage":12,"enemies":"Sentry and Sphere","floor":31,"turns":6},{"damage":48,"enemies":"Automaton","floor":33,"turns":8},{"damage":0,"enemies":"3 Shapes","floor":35,"turns":7},{"damage":18,"enemies":"3 Darklings","floor":36,"turns":7},{"damage":14,"enemies":"Nemesis","floor":41,"turns":11},{"damage":64,"enemies":"Giant Head","floor":42,"turns":9},{"damage":28,"enemies":"Nemesis","floor":44,"turns":11},{"damage":40,"enemies":"2 Orb Walkers","floor":46,"turns":5},{"damage":27,"enemies":"Transient","floor":47,"turns":6},{"damage":78,"enemies":"Donu and Deca","floor":50,"turns":9},{"damage":27,"enemies":"Awakened One","floor":51,"turns":25},{"damage":88,"enemies":"Shield and Spear","floor":55,"turns":21},{"damage":97,"enemies":"The Heart","floor":56,"turns":6}],"seed_played":"-5734155612992963848","potions_obtained":[{"floor":4,"key":"Explosive Potion"},{"floor":5,"key":"SpeedPotion"},{"floor":14,"key":"Swift Potion"},{"floor":30,"key":"Energy Potion"},{"floor":33,"key":"EssenceOfSteel"}],"is_trial":false,"path_per_floor":["M","?","?","M","M","R","E","R","T","?","R","E","$","E","R","B",null,"M","?","M","$","?","R","E","?","T","R","?","R","M","M","R","B",null,"M","M","?","?","$","R","E","E","T","E","R","?","M","?","R","B","B",null,"R","$","E","B"],"character_chosen":"IRONCLAD","items_purchased":["Pocketwatch","Feel No Pain+1","Toy Ornithopter"],"campfire_rested":4,"item_purchase_floors":[21,54,54],"current_hp_per_floor":[38,38,38,43,46,46,28,28,28,28,50,31,31,30,52,24,62,61,85,85,85,85,85,62,62,62,62,50,75,68,62,62,20,69,88,88,88,78,78,78,73,69,69,59,59,49,40,40,68,53,97,97,97,97,59,0],"gold":140,"neow_bonus":"ONE_RARE_RELIC","is_prod":false,"is_daily":false,"chose_seed":false,"campfire_upgraded":7,"win_rate":0,"timestamp":1542765379,"path_taken":["M","?","?","?","M","R","E","R","T","?","R","E","$","E","R","BOSS","M","?","?","$","?","R","E","?","T","R","?","R","M","?","R","BOSS","M","M","?","?","$","R","E","E","T","E","R","?","M","?","R","BOSS","BOSS","R","$","E","BOSS"],"build_version":"2018-11-15","purchased_purges":4,"victory":false,"max_hp_per_floor":[75,75,75,75,75,75,75,75,75,75,75,75,75,75,75,75,75,75,85,85,85,85,85,85,85,85,85,85,85,85,85,85,85,85,88,88,88,88,88,88,91,91,91,91,91,94,94,94,94,94,97,97,97,97,101,101],"card_choices":[{"not_picked":["Flex","Rage"],"picked":"Anger","floor":1},{"not_picked":["True Grit","Clash"],"picked":"Pommel Strike","floor":4},{"not_picked":["Shockwave","Thunderclap"],"picked":"Clothesline","floor":5},{"not_picked":["Sentinel","Flex"],"picked":"Thunderclap","floor":7},{"not_picked":["True Grit","Headbutt"],"picked":"Shrug It Off","floor":12},{"not_picked":["Entrench","Sever Soul"],"picked":"Headbutt","floor":14},{"not_picked":["Juggernaut","Feed"],"picked":"Fiend Fire","floor":16},{"not_picked":["Armaments","Twin Strike"],"picked":"Shrug It Off","floor":17},{"not_picked":["Infernal Blade","Inflame"],"picked":"Armaments","floor":17},{"not_picked":["Body Slam","Clothesline"],"picked":"Inflame","floor":17},{"not_picked":["Clash","Burning Pact"],"picked":"Iron Wave+1","floor":18},{"not_picked":["True Grit","Infernal Blade"],"picked":"Demon Form","floor":20},{"not_picked":["Heavy Blade","Clash","Cleave"],"picked":"SKIP","floor":24},{"not_picked":["Havoc","Wild Strike"],"picked":"True Grit","floor":30},{"not_picked":["Dual Wield","Armaments"],"picked":"Feed","floor":31},{"not_picked":["Limit Break","Offering"],"picked":"Reaper","floor":33},{"not_picked":["Clash","Thunderclap"],"picked":"Disarm","floor":35},{"not_picked":["Infernal Blade","Sentinel"],"picked":"Shrug It Off+1","floor":36},{"not_picked":["Master of Strategy","Dramatic Entrance"],"picked":"Blind","floor":38},{"not_picked":["Twin Strike","Cleave","Sever Soul"],"picked":"SKIP","floor":41},{"not_picked":["Perfected Strike+1","Anger+1","Entrench"],"picked":"SKIP","floor":42},{"not_picked":["Clothesline","Sword Boomerang"],"picked":"True Grit+1","floor":44},{"not_picked":["Twin Strike+1","Pommel Strike+1"],"picked":"Heavy Blade+1","floor":46},{"not_picked":["Ghostly Armor","Heavy Blade+1","Havoc"],"picked":"SKIP","floor":47},{"not_picked":["Dropkick+1","Pommel Strike+1","Perfected Strike+1"],"picked":"SKIP","floor":55}],"player_experience":993752,"relics_obtained":[{"floor":7,"key":"Happy Flower"},{"floor":9,"key":"Bronze Scales"},{"floor":12,"key":"Self Forming Clay"},{"floor":14,"key":"Bag of Preparation"},{"floor":24,"key":"Mercury Hourglass"},{"floor":41,"key":"Vajra"},{"floor":42,"key":"Meat on the Bone"},{"floor":43,"key":"Bag of Marbles"},{"floor":44,"key":"Molten Egg 2"},{"floor":46,"key":"Turnip"},{"floor":55,"key":"The Courier"}],"event_choices":[{"damage_healed":0,"gold_gain":0,"player_choice":"Ignored","damage_taken":0,"max_hp_gain":0,"max_hp_loss":0,"event_name":"Shining Light","floor":2,"gold_loss":0},{"damage_healed":0,"gold_gain":0,"player_choice":"Trade","damage_taken":0,"relics_obtained":["SsserpentHead"],"max_hp_gain":0,"max_hp_loss":0,"event_name":"FaceTrader","floor":3,"gold_loss":0},{"damage_healed":0,"gold_gain":0,"player_choice":"Ignored","damage_taken":0,"max_hp_gain":0,"max_hp_loss":0,"event_name":"Liars Game","floor":10,"gold_loss":0},{"cards_removed":["Fiend Fire"],"damage_healed":14,"gold_gain":0,"player_choice":"Offered Rare","damage_taken":0,"max_hp_gain":10,"max_hp_loss":0,"event_name":"Bonfire Elementals","floor":19,"gold_loss":0},{"damage_healed":0,"gold_gain":0,"player_choice":"Obtained Relic","damage_taken":0,"relics_obtained":["Frozen Egg 2"],"max_hp_gain":0,"max_hp_loss":0,"event_name":"Addict","floor":22,"gold_loss":85},{"damage_healed":0,"gold_gain":0,"player_choice":"Ignored","damage_taken":0,"max_hp_gain":0,"max_hp_loss":0,"event_name":"Vampires","floor":25,"gold_loss":0},{"damage_healed":0,"gold_gain":0,"player_choice":"Damaged","damage_taken":12,"max_hp_gain":0,"max_hp_loss":0,"event_name":"Wheel of Change","floor":28,"gold_loss":0},{"damage_healed":0,"gold_gain":0,"player_choice":"Ignored","damage_taken":0,"max_hp_gain":0,"max_hp_loss":0,"event_name":"Tomb of Lord Red Mask","floor":37,"gold_loss":0},{"damage_healed":0,"gold_gain":0,"player_choice":"Memory 3","damage_taken":10,"max_hp_gain":0,"max_hp_loss":0,"event_name":"SensoryStone","floor":38,"gold_loss":0},{"damage_healed":0,"gold_gain":0,"player_choice":"Fight","damage_taken":0,"max_hp_gain":0,"max_hp_loss":0,"event_name":"Mysterious Sphere","floor":46,"gold_loss":0},{"damage_healed":0,"gold_gain":0,"player_choice":"0 cards matched","damage_taken":0,"max_hp_gain":0,"max_hp_loss":0,"event_name":"Match and Keep!","floor":48,"gold_loss":0,"cards_obtained":[]}],"is_beta":true,"boss_relics":[{"not_picked":["Coffee Dripper","Lizard Tail"],"picked":"Orrery"},{"not_picked":["Black Blood","Calling Bell"],"picked":"Sozu"}],"items_purged_floors":[13,21,39,54],"is_endless":false,"potions_floor_spawned":[4,5,14,30,31,33,35,41,55],"killed_by":"The Heart","ascension_level":20}