{"gold_per_floor":[112,59,59,69,30,62,75,75,75,91,106,139,50,78,78,78],"floor_reached":16,"playtime":515,"items_purged":[],"score":340,"play_id":"404df942-8b20-42a3-af03-5831b6e352ed","local_time":"20190330220910","daily_mods":["Insanity","Blue Cards","Lethality"],"is_ascension_mode":true,"campfire_choices":[{"data":"Heavy Blade","floor":8,"key":"SMITH"},{"data":"Corruption","floor":15,"key":"SMITH"}],"neow_cost":"","seed_source_timestamp":853014177824000,"circlet_count":0,"master_deck":["AscendersBane","Streamline","Stack","Steam","Turbo","Sweeping Beam","Stack","Iron Wave","Ball Lightning","Darkness","Iron Wave","Go for the Eyes","Doom and Gloom","Defragment","Anger","Clash","Ball Lightning","Undo","Hologram","Leap","Armaments","Beam Cell","True Grit","Chill","Heavy Blade+1","Clothesline","Flex","Aggregate","Second Wind","Rebound","Corruption+1","Conserve Battery","Clash","Defragment","Uppercut","Flex","Redo","Clash","Rebound","Pommel Strike","Hologram","Redo","Bloodletting","Dual Wield","Havoc","Sweeping Beam","Warcry","Sword Boomerang","Entrench","Shrug It Off","Flex","Armaments","Conserve Battery","Exhume","Headbutt","Fusion","Hologram+1","Leap+1","FTL+1","Genetic Algorithm+1","Skim+1","Auto Shields+1","All For One+1"],"relics":["Burning Blood","Toxic Egg 2","Molten Egg 2","Sundial","Juzu Bracelet"],"potions_floor_usage":[10],"damage_taken":[{"damage":6,"enemies":"Jaw Worm","floor":1,"turns":2},{"damage":14,"enemies":"Small Slimes","floor":4,"turns":2},{"damage":35,"enemies":"3 Sentries","floor":6,"turns":6},{"damage":0,"enemies":"Cultist","floor":7,"turns":2},{"damage":9,"enemies":"Red Slaver","floor":10,"turns":2},{"damage":5,"enemies":"Looter","floor":11,"turns":2},{"damage":0,"enemies":"Gremlin Nob","floor":12,"turns":2},{"damage":19,"enemies":"Lagavulin","floor":14,"turns":5},{"damage":46,"enemies":"Slime Boss","floor":16,"turns":6}],"seed_played":"-2400617119041710074","potions_obtained":[{"floor":4,"key":"LiquidBronze"},{"floor":10,"key":"Fruit Juice"},{"floor":11,"key":"LiquidBronze"}],"is_trial":true,"path_per_floor":["M","$","?","M","$","E","M","R","T","M","M","E","$","E","R","B"],"character_chosen":"IRONCLAD","items_purchased":["Conserve Battery","Fusion","Auto Shields+1"],"campfire_rested":0,"item_purchase_floors":[2,5,13],"current_hp_per_floor":[68,68,68,60,60,31,37,37,37,39,40,46,46,33,33,0],"gold":78,"neow_bonus":"","is_prod":false,"is_daily":false,"chose_seed":false,"campfire_upgraded":2,"win_rate":0,"timestamp":1553994550,"path_taken":["M","$","?","?","$","E","?","R","T","M","M","E","?","E","R","BOSS"],"build_version":"2019-01-23","purchased_purges":0,"victory":false,"max_hp_per_floor":[75,75,75,75,75,75,75,75,75,80,80,80,80,80,80,80],"card_choices":[{"not_picked":["Hologram","Cold Snap"],"picked":"Armaments","floor":1},{"not_picked":["Reprogram","Entrench"],"picked":"Headbutt","floor":4},{"not_picked":["Beam Cell","Second Wind"],"picked":"Hologram","floor":6},{"not_picked":["Juggernaut","Beam Cell"],"picked":"Leap+1","floor":7},{"not_picked":["Pummel+1","Compile Driver+1"],"picked":"FTL+1","floor":10},{"not_picked":["Beam Cell+1","Conserve Battery+1"],"picked":"Genetic Algorithm+1","floor":11},{"not_picked":["Sweeping Beam+1","Stack+1"],"picked":"Skim+1","floor":12},{"not_picked":["Wild Strike+1","Blizzard+1"],"picked":"All For One+1","floor":14}],"player_experience":1020744,"relics_obtained":[{"floor":6,"key":"Toxic Egg 2"},{"floor":9,"key":"Molten Egg 2"},{"floor":12,"key":"Sundial"},{"floor":14,"key":"Juzu Bracelet"}],"event_choices":[{"damage_healed":0,"gold_gain":0,"player_choice":"1 cards matched","damage_taken":0,"max_hp_gain":0,"max_hp_loss":0,"event_name":"Match and Keep!","floor":3,"gold_loss":0,"cards_obtained":["Exhume"]}],"is_beta":false,"boss_relics":[],"items_purged_floors":[],"is_endless":false,"potions_floor_spawned":[4,10,11],"killed_by":"Slime Boss","ascension_level":20}