{"gold_per_floor":[115,115,128,53,67,67,105,105,159,189,227,227,270,270,270,270],"floor_reached":16,"playtime":1378,"items_purged":["Strike_G"],"score":139,"play_id":"887d97fb-8c79-4570-9e78-70fb896c6562","local_time":"20190515004035","is_ascension_mode":true,"campfire_choices":[{"data":"Cloak And Dagger","floor":6,"key":"SMITH"},{"data":"Dash","floor":8,"key":"SMITH"},{"floor":12,"key":"REST"},{"floor":15,"key":"REST"}],"neow_cost":"NONE","seed_source_timestamp":1656542618706,"circlet_count":0,"master_deck":["Defend_G","Defend_G","Defend_G","Defend_G","Defend_G","Strike_G","Strike_G","Strike_G+1","Strike_G+1","Survivor","Neutralize+1","Dodge and Roll","Cloak And Dagger+1","Dash+1","Blur","Well Laid Plans","Glass Knife"],"relics":["Ring of the Snake","Golden Idol","Whetstone","Strawberry","Darkstone Periapt","Smiling Mask"],"potions_floor_usage":[13,16],"damage_taken":[{"damage":4,"enemies":"Cultist","floor":1,"turns":6},{"damage":1,"enemies":"Jaw Worm","floor":3,"turns":7},{"damage":0,"enemies":"2 Louse","floor":5,"turns":3},{"damage":20,"enemies":"3 Sentries","floor":7,"turns":11},{"damage":27,"enemies":"Gremlin Nob","floor":11,"turns":6},{"damage":30,"enemies":"Lagavulin","floor":13,"turns":12},{"damage":51,"enemies":"Hexaghost","floor":16,"turns":15}],"seed_played":"7452928111675891797","potions_obtained":[{"floor":7,"key":"SmokeBomb"},{"floor":11,"key":"Regen Potion"},{"floor":13,"key":"AttackPotion"}],"is_trial":false,"path_per_floor":["M","?","M","$","M","R","E","R","T","?","E","R","E","?","R","B"],"character_chosen":"THE_SILENT","items_purchased":[],"campfire_rested":2,"item_purchase_floors":[],"current_hp_per_floor":[66,65,64,64,64,64,44,44,51,51,24,45,30,30,51,0],"gold":270,"neow_bonus":"UPGRADE_CARD","is_prod":false,"is_daily":false,"chose_seed":false,"campfire_upgraded":2,"win_rate":0,"timestamp":1557898835,"path_taken":["M","?","M","?","M","R","E","R","T","?","E","R","E","?","R","BOSS"],"build_version":"2019-01-23","purchased_purges":1,"victory":false,"max_hp_per_floor":[70,65,65,65,65,65,65,65,72,72,72,72,72,72,72,72],"card_choices":[{"not_picked":["Dagger Throw","Outmaneuver"],"picked":"Dodge and Roll","floor":1},{"not_picked":["Deadly Poison","Deflect"],"picked":"Cloak And Dagger","floor":3},{"not_picked":["Deadly Poison","Flying Knee"],"picked":"Dash","floor":5},{"not_picked":["Slice","Acrobatics"],"picked":"Blur","floor":7},{"not_picked":["Adrenaline","Slice"],"picked":"Well Laid Plans","floor":11},{"not_picked":["PiercingWail","Bouncing Flask"],"picked":"Glass Knife","floor":13}],"player_experience":523999,"relics_obtained":[{"floor":7,"key":"Whetstone"},{"floor":9,"key":"Strawberry"},{"floor":11,"key":"Darkstone Periapt"},{"floor":13,"key":"Smiling Mask"}],"event_choices":[{"damage_healed":0,"gold_gain":0,"player_choice":"Lose Max HP","damage_taken":0,"relics_obtained":["Golden Idol"],"max_hp_gain":0,"max_hp_loss":5,"event_name":"Golden Idol","floor":2,"gold_loss":0},{"damage_healed":0,"gold_gain":30,"player_choice":"Searched \u00272\u0027 times","damage_taken":0,"max_hp_gain":0,"max_hp_loss":0,"event_name":"Dead Adventurer","floor":10,"gold_loss":0},{"damage_healed":0,"gold_gain":0,"player_choice":"Ignored","damage_taken":0,"max_hp_gain":0,"max_hp_loss":0,"event_name":"Shining Light","floor":14,"gold_loss":0}],"is_beta":false,"boss_relics":[],"items_purged_floors":[4],"is_endless":false,"potions_floor_spawned":[7,11,13],"killed_by":"Hexaghost","ascension_level":4}