{"gold_per_floor":[114,131,81,98,110,141,141,170,170,226,226,252,262,77,77,179,229,248,259,293,293,293,322,322,322,322,341,37,37,47,47],"floor_reached":31,"playtime":868,"items_purged":[],"score":396,"play_id":"2043ef37-a044-41ed-a0e2-646a1112c72a","local_time":"20190211153653","is_ascension_mode":true,"campfire_choices":[{"data":"Hyperbeam","floor":7,"key":"SMITH"},{"floor":11,"key":"REST"},{"floor":15,"key":"REST"},{"floor":24,"key":"REST"}],"neow_cost":"NONE","seed_source_timestamp":508935403906051,"circlet_count":0,"master_deck":["Strike_B+1","Strike_B+1","Strike_B+1","Defend_B+1","Defend_B+1","Defend_B+1","Defend_B+1","Zap","Dualcast","Ball Lightning","Conserve Battery","Reinforced Body+1","White Noise","Hyperbeam+1","Hyperbeam","Doom and Gloom","Panache","Creative AI","Capacitor","Streamline","Storm","Turbo","Buffer","Double Energy+1"],"relics":["Snecko Eye","DataDisk","Happy Flower","Matryoshka","Peace Pipe","Tiny House","Red Mask","Nilry\u0027s Codex","Pen Nib","Sundial","Bottled Flame","Strawberry","Regal Pillow"],"potions_floor_usage":[12,16,30,30,30],"damage_taken":[{"damage":0,"enemies":"2 Louse","floor":1,"turns":3},{"damage":4,"enemies":"Small Slimes","floor":2,"turns":3},{"damage":0,"enemies":"Jaw Worm","floor":4,"turns":2},{"damage":10,"enemies":"2 Fungi Beasts","floor":5,"turns":5},{"damage":9,"enemies":"Lagavulin","floor":6,"turns":5},{"damage":23,"enemies":"3 Sentries","floor":8,"turns":3},{"damage":18,"enemies":"Gremlin Nob","floor":12,"turns":3},{"damage":0,"enemies":"Large Slime","floor":13,"turns":3},{"damage":26,"enemies":"The Guardian","floor":16,"turns":10},{"damage":0,"enemies":"Spheric Guardian","floor":18,"turns":3},{"damage":2,"enemies":"Chosen","floor":19,"turns":3},{"damage":0,"enemies":"Masked Bandits","floor":20,"turns":1},{"damage":15,"enemies":"Gremlin Leader","floor":23,"turns":5},{"damage":25,"enemies":"Sentry and Sphere","floor":27,"turns":4},{"damage":30,"enemies":"Centurion and Healer","floor":30,"turns":5},{"damage":15,"enemies":"Slavers","floor":31,"turns":1}],"seed_played":"7775699427507561340","potions_obtained":[{"floor":2,"key":"GamblersBrew"},{"floor":4,"key":"GamblersBrew"},{"floor":17,"key":"Fire Potion"},{"floor":20,"key":"Energy Potion"},{"floor":23,"key":"AttackPotion"},{"floor":30,"key":"SkillPotion"}],"is_trial":false,"path_per_floor":["M","M","?","M","M","E","R","E","T","?","R","E","M","$","R","B",null,"M","M","?","?","?","E","R","?","T","M","$","?","M","E"],"character_chosen":"DEFECT","items_purchased":["Panache","Strawberry","Regal Pillow"],"campfire_rested":3,"item_purchase_floors":[14,28,28],"current_hp_per_floor":[68,64,64,64,54,45,45,22,22,22,44,26,26,26,48,22,67,67,65,65,65,49,34,58,58,58,33,40,40,10,0],"gold":47,"neow_bonus":"BOSS_RELIC","is_prod":false,"is_daily":false,"chose_seed":false,"campfire_upgraded":1,"win_rate":0,"timestamp":1549910213,"path_taken":["M","M","?","M","M","E","R","E","T","?","R","E","M","?","R","BOSS","M","M","?","?","?","E","R","?","T","M","$","?","?","E"],"build_version":"2019-01-23","purchased_purges":0,"victory":false,"max_hp_per_floor":[75,75,75,75,75,75,75,75,75,75,75,75,75,75,75,75,80,80,80,80,80,80,80,80,80,80,80,87,87,87,87],"card_choices":[{"not_picked":["Coolheaded","Rebound"],"picked":"Ball Lightning","floor":1},{"not_picked":["Rebound","Beam Cell"],"picked":"Conserve Battery","floor":2},{"not_picked":["Stack","Redo"],"picked":"Reinforced Body","floor":4},{"not_picked":["Chaos","Rebound"],"picked":"White Noise","floor":5},{"not_picked":["Leap","Sweeping Beam"],"picked":"Hyperbeam","floor":6},{"not_picked":["Beam Cell","Hologram","Coolheaded"],"picked":"SKIP","floor":8},{"not_picked":["Reinforced Body","Hello World"],"picked":"Hyperbeam","floor":12},{"not_picked":["Turbo","Conserve Battery"],"picked":"Doom and Gloom","floor":13},{"not_picked":["Fission","Electrodynamics"],"picked":"Creative AI","floor":16},{"not_picked":["White Noise","Self Repair"],"picked":"Capacitor","floor":17},{"not_picked":["Hologram","BootSequence","Rebound"],"picked":"SKIP","floor":18},{"not_picked":["Cold Snap","Force Field"],"picked":"Streamline","floor":19},{"not_picked":["Melter","Ball Lightning"],"picked":"Storm","floor":20},{"not_picked":["Go for the Eyes","Genetic Algorithm+1"],"picked":"Turbo","floor":23},{"not_picked":["Rip and Tear+1","Beam Cell"],"picked":"Buffer","floor":27},{"not_picked":["Go for the Eyes","Ball Lightning+1"],"picked":"Double Energy+1","floor":30}],"player_experience":757393,"relics_obtained":[{"floor":6,"key":"DataDisk"},{"floor":8,"key":"Happy Flower"},{"floor":9,"key":"Matryoshka"},{"floor":12,"key":"Peace Pipe"},{"floor":20,"key":"Red Mask"},{"floor":22,"key":"Nilry\u0027s Codex"},{"floor":23,"key":"Pen Nib"},{"floor":26,"key":"Bottled Flame"}],"event_choices":[{"cards_removed":["Strike_B"],"damage_healed":0,"gold_gain":0,"player_choice":"Card Removal","damage_taken":0,"max_hp_gain":0,"max_hp_loss":0,"event_name":"The Cleric","floor":3,"gold_loss":50},{"damage_healed":0,"gold_gain":56,"player_choice":"Gained Gold","damage_taken":0,"max_hp_gain":0,"max_hp_loss":0,"event_name":"Golden Wing","floor":10,"gold_loss":0},{"damage_healed":0,"gold_gain":0,"player_choice":"Fought Bandits","damage_taken":0,"max_hp_gain":0,"max_hp_loss":0,"event_name":"Masked Bandits","floor":20,"gold_loss":0},{"damage_healed":0,"gold_gain":0,"player_choice":"Simplicity","damage_taken":0,"max_hp_gain":0,"max_hp_loss":0,"event_name":"Back to Basics","floor":21,"gold_loss":0,"cards_upgraded":["Strike_B","Strike_B","Strike_B","Defend_B","Defend_B","Defend_B","Defend_B"]},{"damage_healed":0,"gold_gain":0,"player_choice":"Obtained Book","damage_taken":16,"max_hp_gain":0,"max_hp_loss":0,"event_name":"Cursed Tome","floor":22,"gold_loss":0},{"damage_healed":0,"gold_gain":0,"player_choice":"Opened","damage_taken":0,"relics_obtained":["Sundial"],"max_hp_gain":0,"max_hp_loss":0,"event_name":"The Mausoleum","floor":25,"gold_loss":0},{"damage_healed":0,"gold_gain":0,"player_choice":"Ignored","damage_taken":0,"max_hp_gain":0,"max_hp_loss":0,"event_name":"Ghosts","floor":29,"gold_loss":0}],"is_beta":false,"boss_relics":[{"not_picked":["Fusion Hammer","Empty Cage"],"picked":"Tiny House"}],"items_purged_floors":[],"is_endless":false,"potions_floor_spawned":[2,4,20,23,30],"killed_by":"Slavers","ascension_level":9}