{"gold_per_floor":[117,267,267,142,165,165,209,209,209,250,270,349,365,365,365,455,455,473,494,494,519,532,565,565,565],"floor_reached":25,"playtime":726,"items_purged":["Doubt"],"score":416,"play_id":"ee062859-94ee-426b-bf3e-8fd04b30075c","local_time":"20190511114151","is_ascension_mode":true,"campfire_choices":[{"data":"Defragment","floor":6,"key":"SMITH"},{"data":"Redo","floor":8,"key":"SMITH"},{"data":"Redo","floor":15,"key":"SMITH"},{"floor":24,"key":"REST"}],"neow_cost":"NONE","seed_source_timestamp":2584291437049667,"circlet_count":0,"master_deck":["AscendersBane","Strike_B","Strike_B","Strike_B","Strike_B","Defend_B","Defend_B","Defend_B","Defend_B","Zap+1","Dualcast","Redo+1","Defragment+1","Hologram","Go for the Eyes","Sweeping Beam","Ball Lightning","Rebound","Redo+1","FTL","Biased Cognition","Tempest"],"relics":["Cracked Core","Golden Idol","Letter Opener","Cables","Calipers","Smiling Mask","Busted Crown","Happy Flower"],"potions_floor_usage":[10,12,21,23],"damage_taken":[{"damage":0,"enemies":"Cultist","floor":1,"turns":3},{"damage":3,"enemies":"2 Louse","floor":5,"turns":3},{"damage":34,"enemies":"Lagavulin","floor":7,"turns":6},{"damage":10,"enemies":"3 Sentries","floor":10,"turns":3},{"damage":2,"enemies":"Jaw Worm","floor":11,"turns":2},{"damage":10,"enemies":"3 Sentries","floor":12,"turns":4},{"damage":4,"enemies":"Lots of Slimes","floor":13,"turns":2},{"damage":18,"enemies":"The Guardian","floor":16,"turns":7},{"damage":18,"enemies":"Shell Parasite","floor":18,"turns":3},{"damage":0,"enemies":"Spheric Guardian","floor":19,"turns":2},{"damage":14,"enemies":"Chosen and Byrds","floor":21,"turns":4},{"damage":9,"enemies":"Cultist and Chosen","floor":22,"turns":4},{"damage":13,"enemies":"Gremlin Leader","floor":23,"turns":4},{"damage":27,"enemies":"Slavers","floor":25,"turns":2}],"seed_played":"2869830918494735900","potions_obtained":[{"floor":7,"key":"Block Potion"},{"floor":11,"key":"Block Potion"},{"floor":13,"key":"SkillPotion"},{"floor":16,"key":"SmokeBomb"},{"floor":18,"key":"FocusPotion"},{"floor":23,"key":"Weak Potion"}],"is_trial":false,"path_per_floor":["M","?","?","$","M","R","E","R","T","E","M","?","M","?","R","B",null,"M","M","?","M","M","E","R","E"],"character_chosen":"DEFECT","items_purchased":["Hologram"],"campfire_rested":1,"item_purchase_floors":[4],"current_hp_per_floor":[64,64,64,64,61,61,27,27,27,17,15,5,1,64,64,46,60,42,42,42,28,19,6,25,0],"gold":565,"neow_bonus":"THREE_CARDS","is_prod":false,"is_daily":false,"chose_seed":false,"campfire_upgraded":3,"win_rate":0,"timestamp":1557585711,"path_taken":["M","?","?","$","?","R","E","R","T","E","?","?","M","?","R","BOSS","M","?","?","?","M","E","R","E"],"build_version":"2019-01-23","purchased_purges":1,"victory":false,"max_hp_per_floor":[71,71,64,64,64,64,64,64,64,64,64,64,64,64,64,64,64,64,64,64,64,64,64,64,64],"card_choices":[{"not_picked":["Streamline","Go for the Eyes"],"picked":"Redo","floor":0},{"not_picked":["Streamline","Compile Driver"],"picked":"Defragment","floor":1},{"not_picked":["Static Discharge","Stack"],"picked":"Go for the Eyes","floor":5},{"not_picked":["Hyperbeam","Heatsinks"],"picked":"Sweeping Beam","floor":7},{"not_picked":["Rebound","Stack"],"picked":"Ball Lightning","floor":10},{"not_picked":["Recycle","Storm"],"picked":"Rebound","floor":11},{"not_picked":["Genetic Algorithm","Recycle"],"picked":"Redo","floor":12},{"not_picked":["Streamline","Recycle"],"picked":"FTL","floor":13},{"not_picked":["Creative AI","Core Surge"],"picked":"Biased Cognition","floor":16},{"not_picked":["Genetic Algorithm"],"picked":"SKIP","floor":18},{"not_picked":["Reprogram"],"picked":"SKIP","floor":19},{"not_picked":[],"picked":"Tempest","floor":21},{"not_picked":["Gash"],"picked":"SKIP","floor":22},{"not_picked":["Compile Driver"],"picked":"SKIP","floor":23}],"player_experience":1329810,"relics_obtained":[{"floor":7,"key":"Letter Opener"},{"floor":9,"key":"Cables"},{"floor":10,"key":"Calipers"},{"floor":12,"key":"Smiling Mask"},{"floor":23,"key":"Happy Flower"}],"event_choices":[{"damage_healed":0,"gold_gain":150,"player_choice":"AGREE","damage_taken":0,"max_hp_gain":0,"max_hp_loss":0,"event_name":"Liars Game","floor":2,"gold_loss":0,"cards_obtained":["Doubt"]},{"damage_healed":0,"gold_gain":0,"player_choice":"Lose Max HP","damage_taken":0,"relics_obtained":["Golden Idol"],"max_hp_gain":0,"max_hp_loss":7,"event_name":"Golden Idol","floor":3,"gold_loss":0},{"damage_healed":0,"gold_gain":0,"player_choice":"Searched \u00271\u0027 times","damage_taken":0,"max_hp_gain":0,"max_hp_loss":0,"event_name":"Dead Adventurer","floor":12,"gold_loss":0},{"damage_healed":63,"gold_gain":0,"player_choice":"Full Heal","damage_taken":0,"max_hp_gain":0,"max_hp_loss":0,"event_name":"Wheel of Change","floor":14,"gold_loss":0},{"damage_healed":0,"gold_gain":0,"player_choice":"Upgraded","damage_taken":0,"max_hp_gain":0,"max_hp_loss":0,"event_name":"Upgrade Shrine","floor":20,"gold_loss":0,"cards_upgraded":["Zap"]}],"is_beta":false,"boss_relics":[{"not_picked":["Empty Cage","Pandora\u0027s Box"],"picked":"Busted Crown"}],"items_purged_floors":[4],"is_endless":false,"potions_floor_spawned":[7,11,13,16,18,23],"killed_by":"Slavers","ascension_level":16}