{"path_per_floor":["M","M","?","M","$","R","E","R","T","M","?","M","M","M","R","B",null,"M","?","M","M","$","R","$","M","T","M","R","?","$","M","R"],"character_chosen":"IRONCLAD","items_purchased":["Pummel","Seeing Red","Ghostly Armor","Armaments"],"gold_per_floor":[12,28,28,42,4,4,40,40,40,55,55,25,41,65,65,195,195,209,209,227,250,94,94,24,39,64,78,78,78,27,47,47,47],"floor_reached":33,"campfire_rested":4,"playtime":2971,"item_purchase_floors":[5,22,24,30],"current_hp_per_floor":[80,80,80,77,77,77,21,45,45,19,45,50,55,38,62,12,80,60,80,80,74,74,74,74,53,53,35,59,59,59,26,50,0],"items_purged":["Injury"],"gold":47,"score":299,"play_id":"9945bb02-4ee4-49d7-b97c-4274d9f544e5","local_time":"20180622044400","is_prod":false,"is_daily":false,"chose_seed":false,"is_ascension_mode":true,"campfire_upgraded":0,"win_rate":0,"timestamp":1529653440,"campfire_choices":[{"floor":6,"key":"DIG"},{"floor":8,"key":"REST"},{"floor":15,"key":"REST"},{"floor":23,"key":"DIG"},{"floor":28,"key":"REST"},{"floor":32,"key":"REST"}],"path_taken":["M","M","?","M","?","R","E","R","T","M","?","M","?","M","R","BOSS","M","?","M","M","?","R","$","M","T","?","R","?","$","M","R","BOSS"],"build_version":"2018-06-21","seed_source_timestamp":22639614804482,"purchased_purges":1,"circlet_count":0,"victory":false,"master_deck":["Strike_R","Strike_R","Strike_R","Strike_R","Strike_R","Defend_R","Defend_R","Defend_R","Defend_R","Bash","True Grit","Warcry","Shrug It Off","Pummel","Dropkick","Rage","Ghostly Armor","Clothesline","Offering","Cleave","Iron Wave","Rage","Iron Wave","Inflame","Clothesline+1","Second Wind","Dropkick","Seeing Red","Ghostly Armor","Shockwave+1","Thunderclap","Armaments","Metallicize+1"],"max_hp_per_floor":[80,80,80,80,80,80,80,80,80,80,80,80,80,80,80,80,80,80,80,80,80,80,80,80,80,80,80,80,80,80,80,80,80],"relics":["Burning Blood","Shovel","Golden Idol","Lantern","Incense Burner","Dodecahedron","Orrery","Ancient Tea Set","Happy Flower"],"card_choices":[{"not_picked":["Heavy Blade","Body Slam"],"picked":"True Grit","floor":1},{"not_picked":["Heavy Blade","Evolve"],"picked":"Warcry","floor":2},{"not_picked":["Dropkick","Hemokinesis"],"picked":"Shrug It Off","floor":4},{"not_picked":["Warcry","Dark Embrace"],"picked":"Dropkick","floor":7},{"not_picked":["Sever Soul","Intimidate"],"picked":"Rage","floor":10},{"not_picked":["Heavy Blade","Dual Wield"],"picked":"Ghostly Armor","floor":12},{"not_picked":["Clash","Bloodletting"],"picked":"Pummel","floor":13},{"not_picked":["Intimidate","Cleave"],"picked":"Clothesline","floor":14},{"not_picked":["Reaper","Feed"],"picked":"Offering","floor":16},{"not_picked":["Wild Strike","Power Through"],"picked":"Cleave","floor":17},{"not_picked":["Headbutt","Blood for Blood"],"picked":"Iron Wave","floor":17},{"not_picked":["Fire Breathing","Pommel Strike"],"picked":"Rage","floor":17},{"not_picked":["Exhume","Twin Strike"],"picked":"Iron Wave","floor":17},{"not_picked":["Iron Wave","Heavy Blade"],"picked":"Inflame","floor":17},{"not_picked":["Heavy Blade","Impervious"],"picked":"Clothesline+1","floor":18},{"not_picked":["Carnage","Cleave"],"picked":"Second Wind","floor":20},{"not_picked":["Ghostly Armor","Twin Strike"],"picked":"Dropkick","floor":21},{"not_picked":["Flex+1","Infernal Blade"],"picked":"Shockwave+1","floor":25},{"not_picked":["Body Slam","Twin Strike"],"picked":"Thunderclap","floor":27},{"not_picked":["Wild Strike+1","Twin Strike"],"picked":"Metallicize+1","floor":31}],"player_experience":380636,"potions_floor_usage":[16,16,18,21,25,25,33],"damage_taken":[{"damage":0,"enemies":"Small Slimes","floor":1,"turns":3},{"damage":2,"enemies":"2 Louse","floor":2,"turns":3},{"damage":9,"enemies":"Jaw Worm","floor":4,"turns":6},{"damage":62,"enemies":"3 Sentries","floor":7,"turns":14},{"damage":32,"enemies":"Exordium Thugs","floor":10,"turns":6},{"damage":1,"enemies":"Looter","floor":12,"turns":4},{"damage":1,"enemies":"2 Fungi Beasts","floor":13,"turns":3},{"damage":23,"enemies":"Exordium Thugs","floor":14,"turns":7},{"damage":56,"enemies":"Hexaghost","floor":16,"turns":14},{"damage":26,"enemies":"Chosen","floor":18,"turns":7},{"damage":4,"enemies":"Shell Parasite","floor":20,"turns":4},{"damage":12,"enemies":"Centurion and Healer","floor":21,"turns":7},{"damage":27,"enemies":"Slaver and Parasite","floor":25,"turns":10},{"damage":24,"enemies":"Snecko","floor":27,"turns":5},{"damage":39,"enemies":"Centurion and Healer","floor":31,"turns":8},{"damage":50,"enemies":"Collector","floor":33,"turns":7}],"relics_obtained":[{"floor":6,"key":"Lantern"},{"floor":7,"key":"Incense Burner"},{"floor":9,"key":"Dodecahedron"},{"floor":23,"key":"Ancient Tea Set"},{"floor":26,"key":"Happy Flower"}],"event_choices":[{"event_name":"Golden Idol","player_choice":"Take Wound","floor":3,"damage_taken":0},{"event_name":"Big Fish","player_choice":"Banana","floor":11,"damage_taken":0},{"event_name":"Bonfire Elementals","player_choice":"UNCOMMON","floor":19,"damage_taken":0},{"event_name":"Vampires","player_choice":"Ignored","floor":29,"damage_taken":0}],"boss_relics":[{"not_picked":["Black Star","Eternal Feather"],"picked":"Orrery"}],"items_purged_floors":[22],"is_endless":false,"potions_floor_spawned":[7,10,13,16,20,21,27],"seed_played":"-5887857240626271513","killed_by":"Collector","ascension_level":4,"potions_obtained":[{"floor":7,"key":"PowerPotion"},{"floor":10,"key":"LiquidBronze"},{"floor":13,"key":"Ancient Potion"},{"floor":16,"key":"Weak Potion"},{"floor":20,"key":"SkillPotion"},{"floor":21,"key":"GamblersBrew"},{"floor":27,"key":"PowerPotion"}],"is_trial":false}