{"gold_per_floor":[216,149,164,11,23,23,58,76,146,159,159,185,205,23,23,23],"floor_reached":16,"playtime":1785,"items_purged":["Strike_G"],"score":224,"play_id":"4b9f0c8a-279a-4644-8311-9f4a64e2c84d","local_time":"20190505195542","is_ascension_mode":true,"campfire_choices":[{"floor":6,"key":"REST"},{"floor":11,"key":"REST"},{"data":"A Thousand Cuts","floor":15,"key":"SMITH"}],"neow_cost":"NONE","seed_source_timestamp":635412647370760,"circlet_count":0,"master_deck":["AscendersBane","Defend_G","Defend_G","Defend_G","Defend_G","Defend_G","Strike_G","Strike_G","Strike_G","Strike_G","Survivor","Neutralize","Predator","Infinite Blades","Footwork","Noxious Fumes","Deadly Poison","Well Laid Plans","Deadly Poison","A Thousand Cuts+1","Deflect","Finisher"],"relics":["Ring of the Snake","Ginger","Oddly Smooth Stone","Sundial","Boot"],"potions_floor_usage":[12,16,16],"damage_taken":[{"damage":21,"enemies":"Jaw Worm","floor":1,"turns":9},{"damage":4,"enemies":"Cultist","floor":3,"turns":4},{"damage":0,"enemies":"Small Slimes","floor":5,"turns":4},{"damage":47,"enemies":"Gremlin Nob","floor":7,"turns":6},{"damage":0,"enemies":"Exordium Thugs","floor":8,"turns":7},{"damage":0,"enemies":"Large Slime","floor":10,"turns":5},{"damage":7,"enemies":"3 Sentries","floor":12,"turns":8},{"damage":14,"enemies":"Red Slaver","floor":13,"turns":4},{"damage":28,"enemies":"Slime Boss","floor":16,"turns":3}],"seed_played":"6637693107995454099","potions_obtained":[{"floor":8,"key":"Poison Potion"},{"floor":10,"key":"Dexterity Potion"},{"floor":13,"key":"Ancient Potion"}],"is_trial":false,"path_per_floor":["M","?","M","$","M","R","E","M","T","M","R","E","M","$","R","B"],"character_chosen":"THE_SILENT","items_purchased":["Footwork","Deflect","SteroidPotion","Finisher"],"campfire_rested":2,"item_purchase_floors":[4,14,14,14],"current_hp_per_floor":[38,38,34,34,34,53,6,6,6,6,25,18,4,4,4,0],"gold":23,"neow_bonus":"HUNDRED_GOLD","is_prod":false,"is_daily":false,"chose_seed":false,"campfire_upgraded":1,"win_rate":0,"timestamp":1557082542,"path_taken":["M","?","M","$","M","R","E","?","T","M","R","E","M","$","R","BOSS"],"build_version":"2019-04-23","purchased_purges":1,"victory":false,"max_hp_per_floor":[66,66,66,66,66,66,66,66,66,66,66,66,66,66,66,66],"card_choices":[{"not_picked":["PiercingWail","Dagger Spray"],"picked":"Predator","floor":1},{"not_picked":["Backflip","Blade Dance"],"picked":"Infinite Blades","floor":3},{"not_picked":["Footwork","Deflect"],"picked":"Noxious Fumes","floor":5},{"not_picked":["Prepared","Finisher"],"picked":"Deadly Poison","floor":7},{"not_picked":["Eviscerate","Deadly Poison"],"picked":"Well Laid Plans","floor":8},{"not_picked":["Prepared","Poisoned Stab"],"picked":"Deadly Poison","floor":10},{"not_picked":["Blade Dance","Accuracy"],"picked":"A Thousand Cuts","floor":12},{"not_picked":["Quick Slash","Sucker Punch","Blade Dance"],"picked":"SKIP","floor":13}],"player_experience":1310404,"relics_obtained":[{"floor":7,"key":"Oddly Smooth Stone"},{"floor":9,"key":"Sundial"},{"floor":12,"key":"Boot"}],"event_choices":[{"damage_healed":0,"gold_gain":0,"player_choice":"Paid Gold","damage_taken":0,"relics_obtained":["Ginger"],"max_hp_gain":0,"max_hp_loss":0,"event_name":"WeMeetAgain","floor":2,"gold_loss":67}],"is_beta":true,"boss_relics":[],"items_purged_floors":[4],"is_endless":false,"potions_floor_spawned":[8,10,13],"killed_by":"Slime Boss","ascension_level":20}