{"gold_per_floor":[118,135,145,157,169,169,51,51,77,77,77,109,119,119,119,119],"floor_reached":16,"playtime":812,"items_purged":["Strike_R"],"score":204,"play_id":"52afb573-32ca-4d7f-ac63-4cf18f410076","local_time":"20190308191803","is_ascension_mode":true,"campfire_choices":[{"data":"Anger","floor":6,"key":"SMITH"},{"data":"Shockwave","floor":8,"key":"SMITH"},{"data":"Body Slam","floor":10,"key":"SMITH"},{"data":"Clothesline","floor":15,"key":"SMITH"}],"neow_cost":"NONE","seed_source_timestamp":756653522521437,"circlet_count":0,"master_deck":["AscendersBane","Strike_R","Strike_R","Strike_R","Defend_R","Defend_R","Defend_R","Defend_R","Bash+1","Clothesline+1","Body Slam+1","Anger+1","Thunderclap","Shockwave+1","Intimidate","Rampage"],"relics":["Burning Blood","Oddly Smooth Stone","Red Skull","PreservedInsect"],"potions_floor_usage":[4,5,16],"damage_taken":[{"damage":9,"enemies":"Jaw Worm","floor":1,"turns":4},{"damage":0,"enemies":"Cultist","floor":2,"turns":3},{"damage":2,"enemies":"2 Louse","floor":3,"turns":4},{"damage":15,"enemies":"Exordium Thugs","floor":4,"turns":4},{"damage":1,"enemies":"2 Fungi Beasts","floor":5,"turns":3},{"damage":48,"enemies":"3 Sentries","floor":12,"turns":7},{"damage":2,"enemies":"Looter","floor":13,"turns":2},{"damage":34,"enemies":"Hexaghost","floor":16,"turns":7}],"seed_played":"3766695437938437542","potions_obtained":[{"floor":1,"key":"AttackPotion"},{"floor":4,"key":"AttackPotion"},{"floor":12,"key":"Dexterity Potion"}],"is_trial":false,"path_per_floor":["M","M","M","M","M","R","$","R","T","R","?","E","M","?","R","B"],"character_chosen":"IRONCLAD","items_purchased":["Shockwave"],"campfire_rested":0,"item_purchase_floors":[7],"current_hp_per_floor":[65,71,75,66,71,71,71,71,71,71,71,29,33,33,33,0],"gold":119,"neow_bonus":"UPGRADE_CARD","is_prod":false,"is_daily":false,"chose_seed":false,"campfire_upgraded":4,"win_rate":0,"timestamp":1552072683,"path_taken":["M","M","M","M","M","R","$","R","T","R","?","E","?","?","R","BOSS"],"build_version":"2019-02-06","purchased_purges":1,"victory":false,"max_hp_per_floor":[75,75,75,75,75,75,75,75,75,75,75,75,75,75,75,75],"card_choices":[{"not_picked":["Intimidate","Warcry"],"picked":"Clothesline","floor":1},{"not_picked":["Clash","Fire Breathing"],"picked":"Body Slam","floor":2},{"not_picked":["Clothesline","Wild Strike"],"picked":"Anger","floor":3},{"not_picked":["Dropkick","Anger"],"picked":"Thunderclap","floor":4},{"not_picked":["Cleave","Wild Strike","Flex"],"picked":"SKIP","floor":5},{"not_picked":["Corruption","Flex"],"picked":"Rampage","floor":12},{"not_picked":["Power Through","Twin Strike","Perfected Strike"],"picked":"SKIP","floor":13}],"player_experience":1056735,"relics_obtained":[{"floor":9,"key":"Oddly Smooth Stone"},{"floor":12,"key":"Red Skull"}],"event_choices":[{"damage_healed":0,"gold_gain":0,"cards_transformed":["Strike_R"],"player_choice":"Transformed","damage_taken":0,"max_hp_gain":0,"max_hp_loss":0,"event_name":"Transmorgrifier","floor":11,"gold_loss":0,"cards_obtained":["Intimidate"]},{"damage_healed":0,"gold_gain":0,"player_choice":"Searched \u00272\u0027 times","damage_taken":0,"relics_obtained":["PreservedInsect"],"max_hp_gain":0,"max_hp_loss":0,"event_name":"Dead Adventurer","floor":14,"gold_loss":0}],"is_beta":true,"boss_relics":[],"items_purged_floors":[7],"is_endless":false,"potions_floor_spawned":[1,4,12],"killed_by":"Hexaghost","ascension_level":20}