{"gold_per_floor":[10,10,25,38,52,52,72,104,178,178,189,223,243,253,253,357,357,375,167,82,82,82,108,121,121,121,41,60,80,80,80,80,179,179,195,37,37,0,12,12,44,63,110,110,121,121,140,171,171,171,171,171,73,105,105],"floor_reached":56,"playtime":3290,"items_purged":["Strike_R","Strike_R","Strike_R"],"score":1339,"play_id":"ef4117f9-9d2f-48f9-a9a6-0161c92cfa03","local_time":"20190504123110","is_ascension_mode":false,"campfire_choices":[{"data":"Bash","floor":6,"key":"SMITH"},{"data":"True Grit","floor":15,"key":"SMITH"},{"floor":25,"key":"REST"},{"data":"Metallicize","floor":30,"key":"SMITH"},{"data":"Apotheosis","floor":32,"key":"SMITH"},{"data":"Burning Pact","floor":40,"key":"SMITH"},{"floor":44,"key":"RECALL"},{"data":"Pommel Strike","floor":46,"key":"SMITH"},{"data":"Barricade","floor":49,"key":"SMITH"},{"data":"Shrug It Off","floor":52,"key":"SMITH"}],"neow_cost":"NO_GOLD","seed_source_timestamp":520818465083405,"circlet_count":0,"master_deck":["Defend_R","Defend_R","Defend_R","Defend_R","Bash+1","Pommel Strike+1","Twin Strike","Iron Wave","Metallicize+1","Carnage","True Grit+1","Dropkick","Shrug It Off+1","Fiend Fire","Feed","Burning Pact+1","Apotheosis+1","Rampage+1","Headbutt+1","Dual Wield+1","Barricade+1","Flame Barrier","Uppercut+1","Thunderclap+1","Bludgeon+1"],"relics":["Burning Blood","Bronze Scales","The Courier","Torii","Champion Belt","Sozu","Omamori","Ornamental Fan","Shuriken","Busted Crown","Red Mask","Molten Egg 2","Calipers","Bag of Marbles"],"potions_floor_usage":[11,23,55,55],"damage_taken":[{"damage":6,"enemies":"Cultist","floor":1,"turns":3},{"damage":6,"enemies":"Jaw Worm","floor":3,"turns":3},{"damage":0,"enemies":"Small Slimes","floor":4,"turns":2},{"damage":13,"enemies":"3 Louse","floor":5,"turns":3},{"damage":9,"enemies":"Large Slime","floor":7,"turns":7},{"damage":16,"enemies":"Gremlin Nob","floor":8,"turns":4},{"damage":1,"enemies":"Blue Slaver","floor":11,"turns":3},{"damage":22,"enemies":"3 Sentries","floor":12,"turns":7},{"damage":13,"enemies":"Exordium Wildlife","floor":13,"turns":4},{"damage":2,"enemies":"Looter","floor":14,"turns":3},{"damage":22,"enemies":"Hexaghost","floor":16,"turns":9},{"damage":18,"enemies":"Spheric Guardian","floor":18,"turns":5},{"damage":29,"enemies":"Slavers","floor":23,"turns":5},{"damage":17,"enemies":"2 Thieves","floor":24,"turns":3},{"damage":7,"enemies":"Centurion and Healer","floor":28,"turns":4},{"damage":12,"enemies":"Shelled Parasite and Fungi","floor":29,"turns":5},{"damage":8,"enemies":"Collector","floor":33,"turns":12},{"damage":7,"enemies":"3 Darklings","floor":35,"turns":8},{"damage":7,"enemies":"3 Shapes","floor":39,"turns":5},{"damage":23,"enemies":"Nemesis","floor":41,"turns":11},{"damage":11,"enemies":"Jaw Worm Horde","floor":42,"turns":6},{"damage":0,"enemies":"3 Darklings","floor":45,"turns":6},{"damage":3,"enemies":"Writhing Mass","floor":47,"turns":11},{"damage":25,"enemies":"Reptomancer","floor":48,"turns":9},{"damage":48,"enemies":"Donu and Deca","floor":50,"turns":15},{"damage":46,"enemies":"Shield and Spear","floor":54,"turns":8},{"damage":90,"enemies":"The Heart","floor":55,"turns":11}],"seed_played":"2661178086504639260","potions_obtained":[{"floor":4,"key":"FairyPotion"},{"floor":5,"key":"GamblersBrew"},{"floor":12,"key":"Block Potion"},{"floor":13,"key":"Dexterity Potion"},{"floor":14,"key":"EssenceOfSteel"},{"floor":16,"key":"Poison Potion"}],"is_trial":false,"path_per_floor":["M","?","M","M","M","R","M","E","T","T","M","E","M","M","R","B",null,"M","$","?","?","?","E","M","R","T","$","M","M","R","?","R","B",null,"M","$","?","?","M","R","E","M","T","R","M","R","M","E","R","B",null,"R","$","E","B",null],"character_chosen":"IRONCLAD","items_purchased":["Apotheosis","Flame Barrier","Uppercut+1","Thunderclap+1"],"campfire_rested":1,"item_purchase_floors":[19,36,53,53],"current_hp_per_floor":[80,80,80,80,73,73,70,60,60,60,65,49,42,46,46,30,80,71,71,71,71,55,36,29,57,57,57,60,54,54,54,54,56,104,107,107,107,107,114,114,101,104,104,104,114,114,121,106,106,68,144,144,144,104,24],"gold":105,"neow_bonus":"REMOVE_TWO","is_prod":false,"is_daily":false,"chose_seed":false,"campfire_upgraded":8,"win_rate":0,"timestamp":1556969470,"path_taken":["M","?","M","M","M","R","M","E","T","?","M","E","?","M","R","BOSS","M","$","?","?","?","E","M","R","T","$","M","M","R","?","R","BOSS","M","$","?","?","M","R","E","M","T","R","M","R","M","E","R","BOSS","R","$","E","BOSS"],"build_version":"2019-04-23","purchased_purges":3,"victory":true,"max_hp_per_floor":[80,80,80,80,80,80,80,80,80,80,80,80,80,80,80,80,80,83,83,83,83,88,92,96,96,96,96,100,100,100,100,100,104,104,108,108,108,108,116,116,120,128,128,128,132,132,136,140,140,144,144,144,144,144,148],"card_choices":[{"not_picked":["Wild Strike","Perfected Strike"],"picked":"Pommel Strike","floor":1},{"not_picked":["Clash","Rage"],"picked":"Twin Strike","floor":3},{"not_picked":["Cleave","Heavy Blade"],"picked":"Iron Wave","floor":4},{"not_picked":["Rupture","Pummel"],"picked":"Metallicize","floor":5},{"not_picked":["Combust","Perfected Strike"],"picked":"Carnage","floor":7},{"not_picked":["Armaments","Dropkick"],"picked":"Offering","floor":8},{"not_picked":["Thunderclap","Anger"],"picked":"True Grit","floor":11},{"not_picked":["Thunderclap","Sentinel"],"picked":"Dropkick","floor":12},{"not_picked":["True Grit","Iron Wave"],"picked":"Shrug It Off","floor":13},{"not_picked":["Corruption","Iron Wave"],"picked":"Fiend Fire","floor":14},{"not_picked":["Offering","Bludgeon"],"picked":"Feed","floor":16},{"not_picked":["Corruption","Armaments"],"picked":"Burning Pact","floor":18},{"not_picked":["Clash+1","Burning Pact","Iron Wave+1"],"picked":"SKIP","floor":23},{"not_picked":["Infernal Blade+1","Pummel+1"],"picked":"Rampage+1","floor":24},{"not_picked":["Dropkick+1","True Grit+1"],"picked":"Headbutt+1","floor":28},{"not_picked":["Thunderclap","Heavy Blade"],"picked":"Dual Wield+1","floor":29},{"not_picked":["Hemokinesis+1"],"picked":"SKIP","floor":35},{"not_picked":["Second Wind"],"picked":"SKIP","floor":39},{"not_picked":["Dropkick+1"],"picked":"SKIP","floor":41},{"not_picked":["Wild Strike+1"],"picked":"SKIP","floor":42},{"not_picked":["Searing Blow+1"],"picked":"SKIP","floor":45},{"not_picked":["Clash+1"],"picked":"SKIP","floor":47},{"not_picked":["Rupture"],"picked":"SKIP","floor":48},{"not_picked":[],"picked":"Bludgeon+1","floor":54}],"player_experience":1297195,"relics_obtained":[{"floor":8,"key":"Bronze Scales"},{"floor":9,"key":"The Courier"},{"floor":10,"key":"Torii"},{"floor":12,"key":"Champion Belt"},{"floor":23,"key":"Ornamental Fan"},{"floor":26,"key":"Shuriken"},{"floor":41,"key":"Molten Egg 2"},{"floor":48,"key":"Calipers"},{"floor":54,"key":"Bag of Marbles"}],"event_choices":[{"damage_healed":0,"gold_gain":0,"player_choice":"Leave","damage_taken":0,"max_hp_gain":0,"max_hp_loss":0,"event_name":"The Cleric","floor":2,"gold_loss":0},{"damage_healed":0,"gold_gain":0,"player_choice":"Obtained Relic","damage_taken":0,"relics_obtained":["Omamori"],"max_hp_gain":0,"max_hp_loss":0,"event_name":"Addict","floor":20,"gold_loss":85},{"damage_healed":0,"gold_gain":0,"player_choice":"Ignored","damage_taken":0,"max_hp_gain":0,"max_hp_loss":0,"event_name":"Vampires","floor":21,"gold_loss":0},{"damage_healed":0,"gold_gain":0,"player_choice":"Shed Blood","damage_taken":21,"max_hp_gain":5,"max_hp_loss":0,"event_name":"Forgotten Altar","floor":22,"gold_loss":0},{"damage_healed":0,"gold_gain":0,"player_choice":"Read","damage_taken":0,"max_hp_gain":0,"max_hp_loss":0,"event_name":"The Library","floor":31,"gold_loss":0,"cards_obtained":["Barricade"]},{"cards_removed":["Offering"],"damage_healed":0,"gold_gain":0,"player_choice":"Removed Skill","damage_taken":0,"max_hp_gain":0,"max_hp_loss":0,"event_name":"Falling","floor":37,"gold_loss":0},{"damage_healed":0,"gold_gain":0,"player_choice":"Paid","damage_taken":0,"relics_obtained":["Red Mask"],"max_hp_gain":0,"max_hp_loss":0,"event_name":"Tomb of Lord Red Mask","floor":38,"gold_loss":37}],"is_beta":true,"boss_relics":[{"not_picked":["Mark of Pain","Empty Cage"],"picked":"Sozu"},{"not_picked":["Eternal Feather","Coffee Dripper"],"picked":"Busted Crown"}],"items_purged_floors":[19,27,36],"is_endless":false,"potions_floor_spawned":[4,5,12,13,14,16,18,28,33,39,42,45,47],"ascension_level":0}