{"gold_per_floor":[110,128,203,203,203,218,247,262,277,306,321,352,377,405,420,532,547,585,15,43,58,100,161,176,191,287,354,369,417,452,34,49,162,177,217,249,29,84,99,114,163,178,271,286,332,347,362,415,430,465],"floor_reached":50,"playtime":1754,"items_purged":[],"score":834,"play_id":"7c3fe12c-7cad-4146-a7a4-8b1c22be7e52","local_time":"20190412163430","is_ascension_mode":true,"campfire_choices":[{"data":"Zap","floor":6,"key":"SMITH"},{"data":"Cold Snap","floor":8,"key":"SMITH"},{"data":"Ball Lightning","floor":11,"key":"SMITH"},{"data":"vexMod:GoldenLightningCard","floor":15,"key":"SMITH"},{"floor":25,"key":"REST"},{"floor":28,"key":"REST"},{"floor":32,"key":"REST"},{"data":"Redo","floor":40,"key":"SMITH"},{"data":"Chaos","floor":42,"key":"SMITH"},{"data":"Seek","floor":44,"key":"SMITH"},{"floor":46,"key":"REST"},{"floor":47,"key":"REST"},{"floor":49,"key":"REST"}],"neow_cost":"TEN_PERCENT_HP_LOSS","seed_source_timestamp":95020604845700,"circlet_count":0,"master_deck":["AscendersBane","Strike_B+1","Strike_B+1","Strike_B+1","Strike_B+1","Defend_B+1","Defend_B+1","Defend_B+1","Defend_B+1","Zap+1","Dualcast","hubris:PowerSurge+1","Cold Snap+1","Ball Lightning+1","Cold Snap","Ball Lightning","vexMod:GoldenLightningCard+1","Seek+1","Ball Lightning+1","hubris:PowerSurge+1","Loop+1","Fission","Chaos+1","Corruption+1","Coolheaded","Defragment+1","Self Repair+1","Thinking Ahead","Buffer+1","Redo+1","White Noise+1","hubris:DuctTapeCard"],"relics":["Cracked Core","WingedGreaves","vexMod:GoldFlippers","Frozen Egg 2","Runic Dome","DollysMirror","Potion Belt","vexMod:ThirteenHourStone","vexMod:FallenStar","hubris:Potato","Ancient Tea Set","Nuclear Battery","ClockworkSouvenir","hubris:DuctTape"],"potions_floor_usage":[16,16,33,50,50,50,50],"damage_taken":[{"damage":8,"enemies":"2 Louse","floor":1,"turns":2},{"damage":2,"enemies":"Jaw Worm","floor":2,"turns":2},{"damage":0,"enemies":"Cultist","floor":7,"turns":2},{"damage":2,"enemies":"3 Louse","floor":10,"turns":2},{"damage":0,"enemies":"Looter","floor":12,"turns":1},{"damage":2,"enemies":"Lots of Slimes","floor":13,"turns":3},{"damage":2,"enemies":"Exordium Wildlife","floor":14,"turns":3},{"damage":17,"enemies":"Hexaghost","floor":16,"turns":8},{"damage":12,"enemies":"Chosen","floor":18,"turns":3},{"damage":0,"enemies":"Spheric Guardian","floor":20,"turns":2},{"damage":2,"enemies":"3 Cultists","floor":22,"turns":4},{"damage":22,"enemies":"Book of Stabbing","floor":23,"turns":4},{"damage":2,"enemies":"Gremlin Leader","floor":27,"turns":5},{"damage":24,"enemies":"Snake Plant","floor":29,"turns":3},{"damage":4,"enemies":"Shelled Parasite and Fungi","floor":30,"turns":3},{"damage":18,"enemies":"Champ","floor":33,"turns":9},{"damage":13,"enemies":"3 Shapes","floor":35,"turns":3},{"damage":0,"enemies":"Orb Walker","floor":36,"turns":3},{"damage":17,"enemies":"Writhing Mass","floor":38,"turns":5},{"damage":0,"enemies":"Sphere and 2 Shapes","floor":41,"turns":3},{"damage":46,"enemies":"Jaw Worm Horde","floor":45,"turns":4},{"damage":0,"enemies":"Maw","floor":48,"turns":5},{"damage":81,"enemies":"hubris:GrandSnecko","floor":50,"turns":9}],"seed_played":"-819505846276617954","potions_obtained":[{"floor":7,"key":"AttackPotion"},{"floor":12,"key":"Regen Potion"},{"floor":14,"key":"vexMod:BlazePotion"},{"floor":22,"key":"SmokeBomb"},{"floor":27,"key":"Strength Potion"},{"floor":33,"key":"Poison Potion"},{"floor":48,"key":"vexMod:BlazePotion"}],"is_trial":false,"path_per_floor":["M","M","?","?","?","R","M","R","T","M","R","M","M","M","R","B",null,"M","$","M","?","M","E","?","R","T","E","R","M","M","$","R","B",null,"M","M","$","M","?","R","M","R","T","R","M","R","R","M","R","B"],"character_chosen":"DEFECT","items_purchased":["DollysMirror","Loop+1","Fission","Potion Belt","LiquidBronze","Defragment+1","Thinking Ahead","Ancient Tea Set","Dexterity Potion","ClockworkSouvenir","Redo"],"campfire_rested":6,"item_purchase_floors":[19,19,19,19,19,31,31,31,31,37,37],"current_hp_per_floor":[56,54,43,43,35,35,35,35,35,33,33,33,31,29,29,27,55,43,43,37,37,35,13,13,32,32,32,51,28,36,36,46,40,58,57,57,57,44,44,44,54,54,54,54,8,27,46,58,64,0],"gold":465,"neow_bonus":"ONE_RARE_RELIC","is_prod":false,"is_daily":false,"chose_seed":false,"campfire_upgraded":7,"win_rate":0,"timestamp":1555097670,"path_taken":["M","M","?","?","?","R","M","R","T","?","R","M","M","M","R","BOSS","M","$","M","?","M","E","?","R","T","E","R","M","M","$","R","BOSS","M","M","$","M","?","R","M","R","T","R","M","R","R","?","R","BOSS"],"build_version":"2019-01-23","purchased_purges":0,"victory":false,"max_hp_per_floor":[64,64,64,64,64,64,64,64,64,64,64,64,64,64,64,64,64,64,64,64,64,64,64,64,64,64,64,64,64,64,64,64,64,64,64,64,64,64,64,64,64,64,64,64,64,64,64,64,64,64],"card_choices":[{"not_picked":["vexMod:OrbBoomerang","Stack"],"picked":"hubris:PowerSurge","floor":1},{"not_picked":["Double Energy","Compile Driver","Hologram"],"picked":"SKIP","floor":2},{"not_picked":["Go for the Eyes","vexMod:DiverseOrb"],"picked":"Cold Snap","floor":7},{"not_picked":["Consume","vexMod:ChargeBeam"],"picked":"Ball Lightning","floor":10},{"not_picked":["Compile Driver","Sweeping Beam"],"picked":"Cold Snap","floor":12},{"not_picked":["vexMod:RocketPunch","Redo"],"picked":"Ball Lightning","floor":13},{"not_picked":["Hologram","vexMod:ReflexChannel"],"picked":"vexMod:GoldenLightningCard","floor":14},{"not_picked":["hubris:SpecializedCircuitry+1","vexMod:DarkConflux"],"picked":"Seek","floor":16},{"not_picked":["Storm+1","Barrage"],"picked":"Ball Lightning+1","floor":18},{"not_picked":["Beam Cell","Gash"],"picked":"Chaos","floor":20},{"not_picked":["Barrage","vexMod:OrbBoomerang"],"picked":"Coolheaded","floor":22},{"not_picked":["Static Discharge+1","Compile Driver"],"picked":"Defragment+1","floor":23},{"not_picked":["Steam Power","Melter","Sweeping Beam"],"picked":"SKIP","floor":27},{"not_picked":["Genetic Algorithm","Rip and Tear"],"picked":"Self Repair+1","floor":29},{"not_picked":["Redo","Turbo"],"picked":"Defragment+1","floor":30},{"not_picked":["Multi-Cast","Core Surge"],"picked":"Buffer+1","floor":33},{"not_picked":["Sweeping Beam","vexMod:BeamPop","Heatsinks+1"],"picked":"SKIP","floor":35},{"not_picked":["Leap","Hologram","Genetic Algorithm"],"picked":"SKIP","floor":36},{"not_picked":["Auto Shields","Turbo","vexMod:ChargeBeam"],"picked":"SKIP","floor":38},{"not_picked":["vexMod:BeamPop","vexMod:OrbBoomerang","Turbo"],"picked":"SKIP","floor":41},{"not_picked":["Redo","Fusion","vexMod:DiverseOrb"],"picked":"SKIP","floor":45},{"not_picked":["vexMod:DiverseOrb","Steam+1","Coolheaded"],"picked":"SKIP","floor":48}],"player_experience":1103544,"relics_obtained":[{"floor":5,"key":"vexMod:GoldFlippers"},{"floor":9,"key":"Frozen Egg 2"},{"floor":23,"key":"vexMod:ThirteenHourStone"},{"floor":26,"key":"vexMod:FallenStar"},{"floor":27,"key":"hubris:Potato"},{"floor":43,"key":"hubris:DuctTape"}],"event_choices":[{"damage_healed":0,"gold_gain":75,"player_choice":"Gather Gold","damage_taken":11,"max_hp_gain":0,"max_hp_loss":0,"event_name":"World of Goop","floor":3,"gold_loss":0},{"damage_healed":0,"gold_gain":0,"player_choice":"Grow","damage_taken":0,"max_hp_gain":0,"max_hp_loss":0,"event_name":"Living Wall","floor":4,"gold_loss":0,"cards_upgraded":["hubris:PowerSurge"]},{"damage_healed":0,"gold_gain":0,"player_choice":"Read","damage_taken":0,"max_hp_gain":0,"max_hp_loss":0,"event_name":"The Library","floor":21,"gold_loss":0,"cards_obtained":["Corruption"]},{"damage_healed":0,"gold_gain":0,"player_choice":"Simplicity","damage_taken":0,"max_hp_gain":0,"max_hp_loss":0,"event_name":"Back to Basics","floor":24,"gold_loss":0,"cards_upgraded":["Strike_B","Strike_B","Strike_B","Strike_B","Defend_B","Defend_B","Defend_B","Defend_B"]}],"is_beta":false,"boss_relics":[{"not_picked":["hubris:CrackedHourglass","vexMod:TanglingVine"],"picked":"Runic Dome"},{"not_picked":["hubris:RunicObelisk","vexMod:EndlessSickness"],"picked":"Nuclear Battery"}],"items_purged_floors":[],"is_endless":false,"potions_floor_spawned":[7,12,14,22,27,33,38,41,48],"killed_by":"hubris:GrandSnecko","ascension_level":14}