{"gold_per_floor":[118,118,43,43,57,57,91,91,162,162,75,104,104,117,117,188,188,203,253,268,288,40,40,53,84,111,136,136,153,153,163,163,242,242,262,0,0,0,0,0,28,28,107,141,141],"floor_reached":45,"playtime":2556,"items_purged":["Strike_B","Zap"],"score":1040,"play_id":"990bbf3f-2628-49b9-bebd-82bd83c87198","local_time":"20190327171146","is_ascension_mode":true,"campfire_choices":[{"data":"Go for the Eyes","floor":6,"key":"SMITH"},{"floor":10,"key":"REST"},{"data":"Defragment","floor":13,"key":"SMITH"},{"data":"Hologram","floor":15,"key":"SMITH"},{"data":"Defragment","floor":23,"key":"SMITH"},{"floor":28,"key":"REST"},{"data":"Loop","floor":30,"key":"SMITH"},{"data":"Coolheaded","floor":32,"key":"SMITH"},{"data":"Amplify","floor":40,"key":"SMITH"},{"floor":42,"key":"REST"}],"neow_cost":"NONE","seed_source_timestamp":542276693289879,"circlet_count":0,"master_deck":["AscendersBane","Defend_B","Defend_B","Defend_B","Ball Lightning","Go for the Eyes+1","Hologram+1","Defragment+1","Cold Snap","Creative AI","Electrodynamics","Ball Lightning","Coolheaded+1","Self Repair","Defragment+1","Leap","Heatsinks+1","Loop+1","Amplify+1","Echo Form+1","Machine Learning+1","Buffer"],"relics":["Cracked Core","Strawberry","Thread and Needle","Dodecahedron","Ancient Tea Set","Runic Dome","Bag of Preparation","Red Mask","Molten Egg 2","Astrolabe","Art of War","Lantern","Letter Opener","Anchor"],"potions_floor_usage":[25,27,33],"damage_taken":[{"damage":15,"enemies":"Small Slimes","floor":1,"turns":3},{"damage":3,"enemies":"2 Louse","floor":5,"turns":3},{"damage":24,"enemies":"Gremlin Nob","floor":7,"turns":4},{"damage":2,"enemies":"Lagavulin","floor":12,"turns":6},{"damage":0,"enemies":"Jaw Worm","floor":14,"turns":2},{"damage":14,"enemies":"Slime Boss","floor":16,"turns":9},{"damage":7,"enemies":"Shell Parasite","floor":18,"turns":5},{"damage":5,"enemies":"2 Thieves","floor":20,"turns":3},{"damage":0,"enemies":"3 Cultists","floor":21,"turns":3},{"damage":20,"enemies":"Snake Plant","floor":24,"turns":3},{"damage":16,"enemies":"Masked Bandits","floor":25,"turns":3},{"damage":11,"enemies":"Book of Stabbing","floor":27,"turns":5},{"damage":2,"enemies":"Sentry and Sphere","floor":29,"turns":6},{"damage":2,"enemies":"Chosen and Byrds","floor":31,"turns":4},{"damage":18,"enemies":"Collector","floor":33,"turns":8},{"damage":5,"enemies":"3 Shapes","floor":35,"turns":3},{"damage":48,"enemies":"Nemesis","floor":41,"turns":11},{"damage":0,"enemies":"Giant Head","floor":44,"turns":10},{"damage":68,"enemies":"2 Orb Walkers","floor":45,"turns":5}],"seed_played":"8358997129996512988","potions_obtained":[{"floor":7,"key":"Dexterity Potion"},{"floor":12,"key":"SpeedPotion"},{"floor":25,"key":"LiquidBronze"},{"floor":27,"key":"SmokeBomb"},{"floor":29,"key":"Weak Potion"}],"is_trial":false,"path_per_floor":["M","?","$","?","M","R","E","?","T","R","$","E","R","M","R","B",null,"M","?","M","M","$","R","M","?","T","E","R","M","R","M","R","B",null,"M","$","?","$","?","R","E","R","T","E","?"],"character_chosen":"DEFECT","items_purchased":["Defragment","Bag of Preparation","Defragment","Art of War"],"campfire_rested":3,"item_purchase_floors":[11,22,22,36],"current_hp_per_floor":[56,56,56,49,46,46,22,22,22,45,45,43,43,43,43,29,66,59,52,47,47,47,47,34,25,25,21,44,49,49,54,54,43,69,64,64,64,64,64,64,30,53,53,67,0],"gold":141,"neow_bonus":"RANDOM_COMMON_RELIC","is_prod":false,"is_daily":false,"chose_seed":false,"campfire_upgraded":7,"win_rate":0,"timestamp":1553706706,"path_taken":["M","?","$","?","M","R","E","?","T","R","?","E","R","M","R","BOSS","M","?","M","M","?","R","M","?","T","E","R","M","R","M","R","BOSS","M","$","?","?","?","R","E","R","T","E","?"],"build_version":"2019-03-15","purchased_purges":2,"victory":false,"max_hp_per_floor":[78,78,78,78,78,78,78,78,78,78,78,78,78,78,78,78,78,78,78,78,78,78,78,78,78,78,78,78,78,78,78,78,78,78,78,78,78,78,78,78,78,78,78,78,78],"card_choices":[{"not_picked":["Go for the Eyes","Double Energy"],"picked":"Ball Lightning","floor":1},{"not_picked":["Lockon","Redo"],"picked":"Go for the Eyes","floor":5},{"not_picked":["Turbo","Compile Driver"],"picked":"Hologram","floor":7},{"not_picked":["Reinforced Body","FTL"],"picked":"Cold Snap","floor":12},{"not_picked":["Chaos","Conserve Battery"],"picked":"Creative AI","floor":14},{"not_picked":["Biased Cognition","Meteor Strike"],"picked":"Electrodynamics","floor":16},{"not_picked":["Gash","Sweeping Beam"],"picked":"Ball Lightning","floor":18},{"not_picked":["Compile Driver","Doom and Gloom"],"picked":"Coolheaded","floor":20},{"not_picked":["FTL","Conserve Battery"],"picked":"Self Repair","floor":21},{"not_picked":["Hologram","Static Discharge"],"picked":"Leap","floor":24},{"not_picked":["Steam","Hologram+1"],"picked":"Heatsinks+1","floor":25},{"not_picked":["Steam","Ball Lightning"],"picked":"Loop","floor":27},{"not_picked":["Hologram","Blizzard+1","Sweeping Beam+1"],"picked":"SKIP","floor":29},{"not_picked":["Auto Shields","Blizzard+1","Stack"],"picked":"SKIP","floor":31},{"not_picked":["Hyperbeam+1","Biased Cognition"],"picked":"Amplify","floor":33},{"not_picked":["FTL+1","Fusion","Conserve Battery"],"picked":"SKIP","floor":35},{"not_picked":["Leap","Darkness"],"picked":"Buffer","floor":41},{"not_picked":["Rip and Tear+1","Redo+1","Beam Cell+1"],"picked":"SKIP","floor":44}],"player_experience":1161214,"relics_obtained":[{"floor":7,"key":"Thread and Needle"},{"floor":9,"key":"Dodecahedron"},{"floor":12,"key":"Ancient Tea Set"},{"floor":25,"key":"Red Mask"},{"floor":27,"key":"Molten Egg 2"},{"floor":41,"key":"Lantern"},{"floor":43,"key":"Letter Opener"},{"floor":44,"key":"Anchor"}],"event_choices":[{"damage_healed":0,"gold_gain":0,"player_choice":"Ignored","damage_taken":0,"max_hp_gain":0,"max_hp_loss":0,"event_name":"Liars Game","floor":2,"gold_loss":0},{"cards_removed":["Defend_B"],"damage_healed":0,"gold_gain":0,"player_choice":"Card Removal","damage_taken":7,"max_hp_gain":0,"max_hp_loss":0,"event_name":"Golden Wing","floor":4,"gold_loss":0},{"damage_healed":0,"gold_gain":0,"player_choice":"Fled","damage_taken":0,"max_hp_gain":0,"max_hp_loss":0,"event_name":"Scrap Ooze","floor":8,"gold_loss":0},{"damage_healed":0,"gold_gain":50,"player_choice":"Touch","damage_taken":7,"max_hp_gain":0,"max_hp_loss":0,"event_name":"FaceTrader","floor":19,"gold_loss":0},{"damage_healed":0,"gold_gain":0,"player_choice":"Fought Bandits","damage_taken":0,"max_hp_gain":0,"max_hp_loss":0,"event_name":"Masked Bandits","floor":25,"gold_loss":0},{"cards_removed":["All For One"],"damage_healed":0,"gold_gain":0,"player_choice":"Purged","damage_taken":0,"max_hp_gain":0,"max_hp_loss":0,"event_name":"Purifier","floor":37,"gold_loss":0},{"cards_removed":["Dualcast"],"damage_healed":0,"gold_gain":0,"player_choice":"Removed Skill","damage_taken":0,"max_hp_gain":0,"max_hp_loss":0,"event_name":"Falling","floor":39,"gold_loss":0},{"damage_healed":0,"gold_gain":0,"player_choice":"Fight","damage_taken":0,"max_hp_gain":0,"max_hp_loss":0,"event_name":"Mysterious Sphere","floor":45,"gold_loss":0}],"is_beta":true,"boss_relics":[{"not_picked":["Busted Crown","Tiny House"],"picked":"Runic Dome"},{"not_picked":["Snecko Eye","Coffee Dripper"],"picked":"Astrolabe"}],"items_purged_floors":[3,36],"is_endless":false,"potions_floor_spawned":[7,12,20,25,27,29,31],"killed_by":"2 Orb Walkers","ascension_level":20}