{"gold_per_floor":[112,112,112,26,26,26,39,64,64,76,88,106,106,121,121,217,217,227,227,23,41,59,93,107,142,142,29,48,64,64,79,79,176,176,187,187,202,214,214,214,248,263,263,263,263,281,311,323,335,347,359,371,34,60,60],"floor_reached":55,"playtime":3339,"items_purged":["Strike_G"],"score":821,"play_id":"1ba209c1-a607-4e81-99b8-d2b4653073dc","local_time":"20190501221200","is_ascension_mode":false,"campfire_choices":[{"data":"Neutralize","floor":6,"key":"SMITH"},{"data":"Quick Slash","floor":13,"key":"SMITH"},{"data":"Dagger Spray","floor":15,"key":"SMITH"},{"floor":30,"key":"REST"},{"floor":32,"key":"RECALL"},{"floor":40,"key":"REST"},{"floor":44,"key":"REST"},{"floor":49,"key":"REST"},{"floor":52,"key":"REST"}],"neow_cost":"TEN_PERCENT_HP_LOSS","seed_source_timestamp":296425311309884,"circlet_count":0,"master_deck":["Defend_G","Defend_G","Defend_G","Survivor","Neutralize+1","Quick Slash+1","Riddle With Holes","Dagger Throw","Backstab","Well Laid Plans","Dagger Spray+1","After Image","Cloak And Dagger","Blade Dance","Venomology","Caltrops+1","Backflip+1","Footwork+1","A Thousand Cuts+1","Grand Finale+1","Setup+1","Tactician+1","Neutralize","Noxious Fumes+1","Acrobatics+1","Dodge and Roll","Quick Slash+1","Flash of Steel","Footwork+1","Caltrops+1"],"relics":["Ring of the Snake","PreservedInsect","Meat on the Bone","Fusion Hammer","Toy Ornithopter","Torii","Shuriken","Frozen Egg 2","Astrolabe","Blood Vial","Lantern","MawBank","Thread and Needle","Snake Skull"],"potions_floor_usage":[11,16,22,24,28,28,31,33,33,38,41,42,42,47,50,50,54,54,54,54,54,55,55],"damage_taken":[{"damage":5,"enemies":"Jaw Worm","floor":1,"turns":6},{"damage":0,"enemies":"2 Louse","floor":7,"turns":2},{"damage":26,"enemies":"3 Sentries","floor":8,"turns":8},{"damage":0,"enemies":"Small Slimes","floor":10,"turns":3},{"damage":0,"enemies":"Gremlin Gang","floor":11,"turns":3},{"damage":9,"enemies":"Exordium Wildlife","floor":12,"turns":4},{"damage":0,"enemies":"Red Slaver","floor":14,"turns":3},{"damage":0,"enemies":"Slime Boss","floor":16,"turns":5},{"damage":10,"enemies":"2 Thieves","floor":18,"turns":4},{"damage":1,"enemies":"3 Byrds","floor":21,"turns":4},{"damage":3,"enemies":"Sentry and Sphere","floor":22,"turns":5},{"damage":11,"enemies":"Slavers","floor":23,"turns":4},{"damage":1,"enemies":"Shelled Parasite and Fungi","floor":24,"turns":6},{"damage":15,"enemies":"Book of Stabbing","floor":25,"turns":5},{"damage":4,"enemies":"Snake Plant","floor":28,"turns":4},{"damage":1,"enemies":"Sentry and Sphere","floor":29,"turns":5},{"damage":1,"enemies":"Cultist and Chosen","floor":31,"turns":5},{"damage":0,"enemies":"Champ","floor":33,"turns":11},{"damage":0,"enemies":"3 Shapes","floor":35,"turns":6},{"damage":1,"enemies":"Orb Walker","floor":37,"turns":3},{"damage":11,"enemies":"Jaw Worm Horde","floor":38,"turns":4},{"damage":24,"enemies":"Reptomancer","floor":41,"turns":5},{"damage":0,"enemies":"3 Darklings","floor":42,"turns":4},{"damage":0,"enemies":"4 Shapes","floor":46,"turns":6},{"damage":1,"enemies":"Nemesis","floor":47,"turns":7},{"damage":23,"enemies":"Awakened One","floor":50,"turns":13},{"damage":50,"enemies":"Shield and Spear","floor":54,"turns":7},{"damage":71,"enemies":"The Heart","floor":55,"turns":5}],"seed_played":"-8812170932403475746","potions_obtained":[{"floor":1,"key":"SteroidPotion"},{"floor":8,"key":"SpeedPotion"},{"floor":16,"key":"Regen Potion"},{"floor":18,"key":"Energy Potion"},{"floor":24,"key":"SteroidPotion"},{"floor":29,"key":"Strength Potion"},{"floor":33,"key":"Weak Potion"}],"is_trial":false,"path_per_floor":["M","?","T","$","?","R","M","E","T","M","M","M","R","M","R","B",null,"M","?","$","M","M","E","M","E","T","$","M","M","R","M","R","B",null,"M","?","M","M","?","R","E","M","T","R","?","M","E","?","R","B",null,"R","$","E","B"],"character_chosen":"THE_SILENT","items_purchased":["Riddle With Holes","Fire Potion","Toy Ornithopter","Caltrops+1","Thread and Needle","Strength Potion"],"campfire_rested":5,"item_purchase_floors":[4,4,20,27,53,53],"current_hp_per_floor":[58,51,51,51,56,56,56,30,30,42,42,45,45,45,45,45,68,58,58,58,57,68,57,61,46,46,46,52,51,68,67,67,68,68,68,68,67,57,57,65,41,53,53,65,65,65,64,64,65,47,65,65,65,40,0],"gold":60,"neow_bonus":"REMOVE_TWO","is_prod":false,"is_daily":false,"chose_seed":false,"campfire_upgraded":3,"win_rate":0,"timestamp":1556745120,"path_taken":["M","?","?","$","?","R","M","E","T","M","M","M","R","?","R","BOSS","M","?","$","?","M","E","M","E","T","$","M","M","R","M","R","BOSS","M","?","M","?","?","R","E","M","T","R","?","M","E","?","R","BOSS","R","$","E","BOSS"],"build_version":"2019-04-23","purchased_purges":1,"victory":false,"max_hp_per_floor":[63,63,63,63,68,68,68,68,68,68,68,68,68,68,68,68,68,68,68,68,68,68,68,68,68,68,68,68,68,68,68,68,68,68,68,68,68,68,65,65,65,65,65,65,65,65,65,65,65,65,65,65,65,65,65],"card_choices":[{"not_picked":["Flechettes","Deflect"],"picked":"Quick Slash","floor":1},{"not_picked":["Deflect","Bouncing Flask"],"picked":"Dagger Throw","floor":7},{"not_picked":["Masterful Stab","Poisoned Stab"],"picked":"Backstab","floor":8},{"not_picked":["Endless Agony","Masterful Stab","Bane"],"picked":"SKIP","floor":10},{"not_picked":["Deadly Poison","Dagger Throw"],"picked":"Well Laid Plans","floor":11},{"not_picked":["Sucker Punch","Outmaneuver","Expertise"],"picked":"SKIP","floor":12},{"not_picked":["Deflect","Sucker Punch"],"picked":"Dagger Spray","floor":14},{"not_picked":["Adrenaline","Phantasmal Killer"],"picked":"After Image","floor":16},{"not_picked":["Blade Dance","Deadly Poison"],"picked":"Cloak And Dagger","floor":18},{"not_picked":["Dash","Bane","Cloak And Dagger"],"picked":"SKIP","floor":21},{"not_picked":["Concentrate","Deflect","Underhanded Strike"],"picked":"SKIP","floor":22},{"not_picked":["Tactician","Backstab","Bane+1"],"picked":"SKIP","floor":23},{"not_picked":["Outmaneuver","Slice+1"],"picked":"Venomology","floor":24},{"not_picked":["Slice+1","Quick Slash","Reflex"],"picked":"SKIP","floor":25},{"not_picked":["Sucker Punch","Bane"],"picked":"Backflip+1","floor":28},{"not_picked":["Catalyst+1","Expertise","Deadly Poison"],"picked":"SKIP","floor":29},{"not_picked":["Quick Slash+1","Expertise"],"picked":"Footwork+1","floor":31},{"not_picked":["Unload","Corpse Explosion"],"picked":"A Thousand Cuts+1","floor":33},{"not_picked":["Sucker Punch+1","Concentrate+1","Riddle With Holes+1"],"picked":"SKIP","floor":35},{"not_picked":["Prepared","Quick Slash+1"],"picked":"Noxious Fumes+1","floor":37},{"not_picked":["Noxious Fumes+1","Dagger Throw"],"picked":"Acrobatics+1","floor":38},{"not_picked":["Escape Plan","Storm of Steel"],"picked":"Dodge and Roll","floor":41},{"not_picked":["Quick Slash+1","Catalyst","Sucker Punch"],"picked":"SKIP","floor":42},{"not_picked":["Catalyst","Sucker Punch"],"picked":"Quick Slash+1","floor":42},{"not_picked":["Impatience","Dark Shackles"],"picked":"Flash of Steel","floor":45},{"not_picked":["Quick Slash+1","Deflect"],"picked":"Footwork+1","floor":46},{"not_picked":["Bane+1","Slice+1","Quick Slash"],"picked":"SKIP","floor":47},{"not_picked":["Prepared","A Thousand Cuts+1"],"picked":"Caltrops+1","floor":54}],"player_experience":1268303,"relics_obtained":[{"floor":8,"key":"PreservedInsect"},{"floor":9,"key":"Meat on the Bone"},{"floor":23,"key":"Torii"},{"floor":25,"key":"Shuriken"},{"floor":26,"key":"Frozen Egg 2"},{"floor":41,"key":"Blood Vial"},{"floor":43,"key":"Lantern"},{"floor":47,"key":"MawBank"},{"floor":54,"key":"Snake Skull"}],"event_choices":[{"cards_removed":["Strike_G"],"damage_healed":0,"gold_gain":0,"player_choice":"Card Removal","damage_taken":7,"max_hp_gain":0,"max_hp_loss":0,"event_name":"Golden Wing","floor":2,"gold_loss":0},{"damage_healed":0,"gold_gain":0,"player_choice":"Donut","damage_taken":0,"max_hp_gain":5,"max_hp_loss":0,"event_name":"Big Fish","floor":5,"gold_loss":0},{"damage_healed":0,"gold_gain":0,"player_choice":"1 cards matched","damage_taken":0,"max_hp_gain":0,"max_hp_loss":0,"event_name":"Match and Keep!","floor":19,"gold_loss":0,"cards_obtained":["Blade Dance"]},{"damage_healed":0,"gold_gain":0,"player_choice":"1 cards matched","damage_taken":0,"max_hp_gain":0,"max_hp_loss":0,"event_name":"Match and Keep!","floor":36,"gold_loss":0,"cards_obtained":["Neutralize"]},{"damage_healed":0,"gold_gain":0,"player_choice":"Max HP","damage_taken":0,"max_hp_gain":0,"max_hp_loss":3,"event_name":"Winding Halls","floor":39,"gold_loss":0},{"damage_healed":0,"gold_gain":0,"player_choice":"Memory 1","damage_taken":0,"max_hp_gain":0,"max_hp_loss":0,"event_name":"SensoryStone","floor":45,"gold_loss":0},{"damage_healed":0,"gold_gain":0,"player_choice":"Ignored","damage_taken":0,"max_hp_gain":0,"max_hp_loss":0,"event_name":"Tomb of Lord Red Mask","floor":48,"gold_loss":0}],"is_beta":true,"boss_relics":[{"not_picked":["Ring of the Serpent","Velvet Choker"],"picked":"Fusion Hammer"},{"not_picked":["WristBlade","Philosopher\u0027s Stone"],"picked":"Astrolabe"}],"items_purged_floors":[27],"is_endless":false,"potions_floor_spawned":[1,8,16,18,24,25,29,33,41,47],"killed_by":"The Heart","ascension_level":0}