{"gold_per_floor":[117,36,55,55,72,72,97,97,122,155,167,206,228,23,23,101,101,118,118,18,18,33,66,66,97,124,124,44,109,120,147,147,225,225,240,0,50,63,78,78,104,127,151,170,195,208,241,259,259,259,259,259,259,12,41,41],"floor_reached":56,"playtime":6176,"items_purged":["Strike_G","Strike_G","Strike_G"],"score":2187,"play_id":"8525b60e-40dd-4d52-97af-3f86a9fcf7fc","local_time":"20190220125838","is_ascension_mode":true,"campfire_choices":[{"data":"Skewer","floor":6,"key":"SMITH"},{"data":"Footwork","floor":8,"key":"SMITH"},{"data":"Infinite Blades","floor":11,"key":"SMITH"},{"data":"Caltrops","floor":15,"key":"SMITH"},{"floor":24,"key":"REST"},{"floor":27,"key":"REST"},{"data":"Wraith Form v2","floor":32,"key":"SMITH"},{"floor":40,"key":"RECALL"},{"data":"After Image","floor":49,"key":"SMITH"},{"floor":53,"key":"REST"}],"neow_cost":"NONE","seed_source_timestamp":4038279965120,"circlet_count":0,"master_deck":["AscendersBane","Defend_G+1","Defend_G","Defend_G","Defend_G","Defend_G","Strike_G","Strike_G","Survivor","Neutralize+1","Skewer+1","Footwork+1","Well Laid Plans","Infinite Blades+1","Dash","PiercingWail","Cloak And Dagger","Caltrops+1","PiercingWail+1","Malaise+1","PiercingWail+1","Wraith Form v2+1","PiercingWail","PiercingWail","Deadly Poison+1","After Image+1","PiercingWail","Deadly Poison+1","Well Laid Plans+1","PiercingWail","Dodge and Roll","Acrobatics","Well Laid Plans"],"relics":["Ring of the Snake","Pen Nib","StoneCalendar","Centennial Puzzle","MawBank","Question Card","Black Star","Nilry\u0027s Codex","War Paint","Meat on the Bone","The Courier","Bronze Scales","Boot","Mercury Hourglass","Potion Belt","Tiny Chest","Art of War","Smiling Mask","Busted Crown","Red Mask","Snake Skull","Molten Egg 2","Orichalcum","Strawberry","Oddly Smooth Stone","Vajra","Omamori","Happy Flower","Bag of Marbles","Lantern"],"potions_floor_usage":[12,23,23,33,50,50,56],"damage_taken":[{"damage":1,"enemies":"2 Louse","floor":1,"turns":3},{"damage":0,"enemies":"Jaw Worm","floor":3,"turns":4},{"damage":0,"enemies":"Cultist","floor":5,"turns":4},{"damage":6,"enemies":"Gremlin Nob","floor":7,"turns":3},{"damage":15,"enemies":"3 Sentries","floor":10,"turns":7},{"damage":5,"enemies":"Gremlin Nob","floor":12,"turns":3},{"damage":2,"enemies":"Blue Slaver","floor":13,"turns":3},{"damage":8,"enemies":"Hexaghost","floor":16,"turns":7},{"damage":12,"enemies":"Spheric Guardian","floor":18,"turns":7},{"damage":5,"enemies":"Chosen","floor":22,"turns":5},{"damage":10,"enemies":"Gremlin Leader","floor":23,"turns":7},{"damage":27,"enemies":"Slavers","floor":25,"turns":7},{"damage":4,"enemies":"Gremlin Leader","floor":29,"turns":9},{"damage":9,"enemies":"Centurion and Healer","floor":30,"turns":7},{"damage":3,"enemies":"Book of Stabbing","floor":31,"turns":5},{"damage":10,"enemies":"Automaton","floor":33,"turns":10},{"damage":9,"enemies":"3 Darklings","floor":35,"turns":6},{"damage":0,"enemies":"Orb Walker","floor":38,"turns":2},{"damage":8,"enemies":"Maw","floor":39,"turns":8},{"damage":28,"enemies":"Giant Head","floor":41,"turns":10},{"damage":8,"enemies":"Transient","floor":44,"turns":6},{"damage":0,"enemies":"Nemesis","floor":45,"turns":7},{"damage":0,"enemies":"Sphere and 2 Shapes","floor":46,"turns":7},{"damage":9,"enemies":"Reptomancer","floor":47,"turns":8},{"damage":10,"enemies":"Maw","floor":48,"turns":9},{"damage":37,"enemies":"Awakened One","floor":50,"turns":20},{"damage":8,"enemies":"Time Eater","floor":51,"turns":16},{"damage":22,"enemies":"Shield and Spear","floor":55,"turns":7},{"damage":52,"enemies":"The Heart","floor":56,"turns":5}],"seed_played":"-5335171501548019503","potions_obtained":[{"floor":1,"key":"Strength Potion"},{"floor":3,"key":"Strength Potion"},{"floor":5,"key":"Fire Potion"},{"floor":10,"key":"PowerPotion"},{"floor":13,"key":"Poison Potion"},{"floor":18,"key":"GamblersBrew"},{"floor":23,"key":"FairyPotion"},{"floor":31,"key":"SkillPotion"},{"floor":35,"key":"SteroidPotion"},{"floor":44,"key":"Weak Potion"},{"floor":45,"key":"EssenceOfSteel"},{"floor":47,"key":"AttackPotion"},{"floor":55,"key":"Explosive Potion"}],"is_trial":false,"path_per_floor":["M","$","M","?","M","R","E","R","T","E","R","E","M","$","R","B",null,"M","?","$","?","M","E","R","E","T","R","?","E","M","E","R","B",null,"M","?","?","M","M","R","E","T","T","M","E","M","E","M","R","B","B",null,"R","$","E","B"],"character_chosen":"THE_SILENT","items_purchased":["Footwork","Caltrops","PiercingWail","Happy Flower","Dodge and Roll","Acrobatics"],"campfire_rested":3,"item_purchase_floors":[2,14,14,54,54,54],"current_hp_per_floor":[58,58,58,47,47,47,41,41,41,26,26,21,19,19,19,11,52,40,19,19,19,14,4,23,15,15,34,34,42,45,42,42,44,61,52,52,46,46,38,38,22,22,22,26,45,45,48,38,38,13,17,59,73,73,51,0],"gold":41,"neow_bonus":"UPGRADE_CARD","is_prod":false,"is_daily":false,"chose_seed":false,"campfire_upgraded":6,"win_rate":0,"timestamp":1550685518,"path_taken":["M","$","M","?","M","R","E","R","T","E","R","E","M","$","R","BOSS","M","?","$","?","?","E","R","E","T","R","?","E","?","E","R","BOSS","M","?","?","?","M","R","E","?","T","M","E","M","E","M","R","BOSS","BOSS","R","$","E","BOSS"],"build_version":"2019-01-23","purchased_purges":3,"victory":false,"max_hp_per_floor":[66,66,66,66,66,66,66,66,66,66,66,66,66,66,66,66,66,66,66,66,66,66,66,66,66,66,66,66,66,66,66,66,66,66,66,66,66,66,66,66,66,66,66,66,73,73,73,73,73,73,73,73,73,73,73,73],"card_choices":[{"not_picked":["All Out Attack","Dodge and Roll"],"picked":"Skewer","floor":1},{"not_picked":["Terror","Deadly Poison"],"picked":"Well Laid Plans","floor":3},{"not_picked":["Acrobatics","Flechettes"],"picked":"Infinite Blades","floor":5},{"not_picked":["Dagger Spray","Masterful Stab"],"picked":"Dash","floor":7},{"not_picked":["Tactician","Cloak And Dagger"],"picked":"PiercingWail","floor":10},{"not_picked":["Predator","Sucker Punch"],"picked":"Cloak And Dagger","floor":12},{"not_picked":["Underhanded Strike","Skewer","Endless Agony","Expertise"],"picked":"SKIP","floor":13},{"not_picked":["Tools of the Trade","Doppelganger","Phantasmal Killer"],"picked":"Malaise","floor":16},{"not_picked":["Dagger Throw","Bane","Blade Dance"],"picked":"PiercingWail+1","floor":18},{"not_picked":["Outmaneuver","Slice+1","Heel Hook","Blade Dance"],"picked":"SKIP","floor":22},{"not_picked":["Sucker Punch+1","Venomology","Concentrate+1"],"picked":"Wraith Form v2","floor":23},{"not_picked":["All Out Attack","Tactician","Prepared"],"picked":"PiercingWail","floor":25},{"not_picked":["Reflex","Prepared","Flying Knee"],"picked":"PiercingWail","floor":29},{"not_picked":["Choke","Acrobatics","Poisoned Stab"],"picked":"Deadly Poison+1","floor":30},{"not_picked":["Cloak And Dagger","Accuracy","Acrobatics","Leg Sweep"],"picked":"SKIP","floor":31},{"not_picked":["Bullet Time","Glass Knife","Grand Finale"],"picked":"After Image","floor":33},{"not_picked":["Dagger Spray","Sucker Punch+1"],"picked":"SKIP","floor":35},{"not_picked":["Underhanded Strike"],"picked":"PiercingWail","floor":38},{"not_picked":["Reflex+1","Flying Knee+1"],"picked":"SKIP","floor":39},{"not_picked":["Endless Agony","All Out Attack"],"picked":"SKIP","floor":41},{"not_picked":["Endless Agony","All Out Attack"],"picked":"SKIP","floor":41},{"not_picked":["Quick Slash+1"],"picked":"Deadly Poison+1","floor":44},{"not_picked":["Tools of the Trade","Terror"],"picked":"SKIP","floor":45},{"not_picked":["PiercingWail"],"picked":"Well Laid Plans+1","floor":46},{"not_picked":["Eviscerate+1","Blade Dance"],"picked":"SKIP","floor":47},{"not_picked":["Escape Plan"],"picked":"PiercingWail","floor":48},{"not_picked":["Finisher+1"],"picked":"Well Laid Plans","floor":55}],"player_experience":1166745,"relics_obtained":[{"floor":7,"key":"StoneCalendar"},{"floor":9,"key":"Centennial Puzzle"},{"floor":10,"key":"MawBank"},{"floor":12,"key":"Question Card"},{"floor":19,"key":"Nilry\u0027s Codex"},{"floor":23,"key":"War Paint"},{"floor":23,"key":"Meat on the Bone"},{"floor":25,"key":"The Courier"},{"floor":25,"key":"Bronze Scales"},{"floor":26,"key":"Boot"},{"floor":29,"key":"Potion Belt"},{"floor":29,"key":"Tiny Chest"},{"floor":31,"key":"Art of War"},{"floor":31,"key":"Smiling Mask"},{"floor":41,"key":"Snake Skull"},{"floor":41,"key":"Molten Egg 2"},{"floor":43,"key":"Orichalcum"},{"floor":45,"key":"Strawberry"},{"floor":45,"key":"Oddly Smooth Stone"},{"floor":47,"key":"Vajra"},{"floor":47,"key":"Omamori"},{"floor":55,"key":"Bag of Marbles"},{"floor":55,"key":"Lantern"}],"event_choices":[{"damage_healed":0,"gold_gain":0,"player_choice":"Success","damage_taken":11,"relics_obtained":["Pen Nib"],"max_hp_gain":0,"max_hp_loss":0,"event_name":"Scrap Ooze","floor":4,"gold_loss":0},{"damage_healed":0,"gold_gain":0,"player_choice":"Obtained Book","damage_taken":21,"max_hp_gain":0,"max_hp_loss":0,"event_name":"Cursed Tome","floor":19,"gold_loss":0},{"damage_healed":0,"gold_gain":0,"player_choice":"Upgraded","damage_taken":0,"max_hp_gain":0,"max_hp_loss":0,"event_name":"Upgrade Shrine","floor":21,"gold_loss":0,"cards_upgraded":["Malaise"]},{"damage_healed":0,"gold_gain":0,"player_choice":"Paid Gold","damage_taken":0,"relics_obtained":["Mercury Hourglass"],"max_hp_gain":0,"max_hp_loss":0,"event_name":"WeMeetAgain","floor":28,"gold_loss":80},{"damage_healed":0,"gold_gain":0,"player_choice":"Paid","damage_taken":0,"relics_obtained":["Red Mask"],"max_hp_gain":0,"max_hp_loss":0,"event_name":"Tomb of Lord Red Mask","floor":36,"gold_loss":240},{"damage_healed":0,"gold_gain":50,"player_choice":"Touch","damage_taken":6,"max_hp_gain":0,"max_hp_loss":0,"event_name":"FaceTrader","floor":37,"gold_loss":0}],"is_beta":false,"boss_relics":[{"not_picked":["Pandora\u0027s Box","WristBlade"],"picked":"Black Star"},{"not_picked":["Empty Cage","Lizard Tail"],"picked":"Busted Crown"}],"items_purged_floors":[14,20,54],"is_endless":false,"potions_floor_spawned":[1,3,5,10,13,18,23,31,35,44,45,47,55],"killed_by":"The Heart","ascension_level":20}