{"gold_per_floor":[112,112,112,112,24,49,49,84,84,115,38,57,97,117,117,243,243,262,262,262,297,47,47,91,91,148,187,210,210,231,11,11,135,135,153,171,184,184,15,55,55,93,93,114,148,148,148,181,181,181,181,181,39,70,70],"floor_reached":56,"playtime":3261,"items_purged":["Strike_R"],"score":1585,"play_id":"6251d7b3-68e8-42f0-841e-2a36c8ec4a8f","local_time":"20190303132741","is_ascension_mode":true,"campfire_choices":[{"data":"Armaments","floor":15,"key":"SMITH"},{"data":"Heavy Blade","floor":23,"key":"SMITH"},{"data":"Power Through","floor":25,"key":"SMITH"},{"data":"Shockwave","floor":32,"key":"SMITH"},{"data":"True Grit","floor":41,"key":"SMITH"},{"floor":47,"key":"RECALL"},{"data":"Fiend Fire","floor":49,"key":"SMITH"},{"data":"Jack Of All Trades","floor":52,"key":"SMITH"}],"neow_cost":"NONE","seed_source_timestamp":164046688703258,"circlet_count":0,"master_deck":["Strike_R+1","Strike_R+1","Strike_R+1","Strike_R+1","Defend_R+1","Defend_R+1","Defend_R+1","Defend_R+1","Bash+1","Sword Boomerang+1","Inflame+1","Metallicize+1","Thunderclap","Reaper","Warcry","Thunderclap","Armaments+1","Demon Form+1","Heavy Blade+1","Seeing Red+1","Mayhem+1","Feel No Pain+1","Feed","Clothesline","Shrug It Off","Shockwave+1","Barricade+1","Sword Boomerang","Power Through+1","True Grit+1","Fiend Fire+1","Headbutt+1","Shrug It Off+1","Mayhem+1","Mayhem+1","Jack Of All Trades+1","Discovery"],"relics":["Burning Blood","Smiling Mask","Frozen Egg 2","Art of War","Golden Idol","Paper Frog","Ice Cream","Ancient Tea Set","Omamori","Snecko Eye","Red Mask","Mummified Hand","Tiny Chest","Dream Catcher","Lantern","Cursed Key","Bag of Marbles","Bronze Scales","Happy Flower","Centennial Puzzle","Bag of Preparation","Oddly Smooth Stone","Strawberry"],"potions_floor_usage":[6,13,16,21,24,33,48,50,55,55,55],"damage_taken":[{"damage":1,"enemies":"Small Slimes","floor":1,"turns":4},{"damage":0,"enemies":"Gremlin Nob","floor":6,"turns":2},{"damage":18,"enemies":"Lagavulin","floor":8,"turns":6},{"damage":5,"enemies":"3 Sentries","floor":10,"turns":7},{"damage":4,"enemies":"2 Louse","floor":12,"turns":3},{"damage":19,"enemies":"Gremlin Nob","floor":13,"turns":4},{"damage":11,"enemies":"Jaw Worm","floor":14,"turns":3},{"damage":0,"enemies":"Slime Boss","floor":16,"turns":4},{"damage":6,"enemies":"Spheric Guardian","floor":18,"turns":3},{"damage":7,"enemies":"Masked Bandits","floor":21,"turns":3},{"damage":9,"enemies":"Gremlin Leader","floor":24,"turns":6},{"damage":20,"enemies":"Slavers","floor":27,"turns":8},{"damage":3,"enemies":"3 Byrds","floor":28,"turns":3},{"damage":5,"enemies":"Centurion and Healer","floor":30,"turns":5},{"damage":0,"enemies":"Collector","floor":33,"turns":5},{"damage":0,"enemies":"Orb Walker","floor":35,"turns":2},{"damage":10,"enemies":"3 Darklings","floor":36,"turns":5},{"damage":0,"enemies":"Transient","floor":37,"turns":5},{"damage":0,"enemies":"Nemesis","floor":40,"turns":5},{"damage":2,"enemies":"Reptomancer","floor":42,"turns":6},{"damage":14,"enemies":"4 Shapes","floor":44,"turns":4},{"damage":0,"enemies":"Nemesis","floor":45,"turns":5},{"damage":8,"enemies":"Reptomancer","floor":48,"turns":4},{"damage":5,"enemies":"Time Eater","floor":50,"turns":7},{"damage":13,"enemies":"Shield and Spear","floor":54,"turns":3},{"damage":73,"enemies":"The Heart","floor":55,"turns":7}],"seed_played":"-4845434968544820783","potions_obtained":[{"floor":1,"key":"Fire Potion"},{"floor":6,"key":"Swift Potion"},{"floor":10,"key":"EssenceOfSteel"},{"floor":14,"key":"PowerPotion"},{"floor":16,"key":"GamblersBrew"},{"floor":21,"key":"Block Potion"},{"floor":24,"key":"Regen Potion"},{"floor":28,"key":"SneckoOil"},{"floor":40,"key":"FearPotion"},{"floor":44,"key":"Energy Potion"},{"floor":48,"key":"GamblersBrew"}],"is_trial":false,"path_per_floor":["M","?","?","?","$","E","?","E","T","E","$","M","E","M","R","B",null,"M","?","T","?","$","R","E","R","T","E","M","?","M","$","R","B",null,"M","M","M","?","$","E","R","E","T","M","E","?","R","E","R","B",null,"R","$","E","B",null],"character_chosen":"IRONCLAD","items_purchased":["Inflame+1","Reaper","Mayhem+1","Feel No Pain+1","Lantern","Shockwave","True Grit","Bag of Marbles","PowerPotion","Discovery"],"campfire_rested":0,"item_purchase_floors":[5,11,22,22,31,31,39,39,53,53],"current_hp_per_floor":[80,80,64,61,61,67,67,55,55,56,56,66,65,66,66,72,74,74,74,74,73,73,73,74,74,74,74,74,74,74,74,74,74,74,78,78,78,78,78,78,78,81,81,84,88,78,78,80,80,83,92,92,92,103,71],"gold":70,"neow_bonus":"RANDOM_COMMON_RELIC","is_prod":false,"is_daily":false,"chose_seed":false,"campfire_upgraded":7,"win_rate":0,"timestamp":1551637661,"path_taken":["M","?","?","?","$","E","?","E","T","E","$","M","E","M","R","BOSS","M","?","?","?","?","R","E","R","T","E","M","?","M","$","R","BOSS","M","M","M","?","$","E","R","E","T","M","E","?","R","E","R","BOSS","R","$","E","BOSS"],"build_version":"2019-02-06","purchased_purges":1,"victory":true,"max_hp_per_floor":[80,80,80,80,80,80,74,74,74,74,74,74,74,74,74,74,74,74,74,74,74,74,74,74,74,74,74,74,74,74,74,74,74,74,78,78,78,78,78,78,78,81,81,84,88,88,88,92,92,92,92,92,92,103,103],"card_choices":[{"not_picked":["Sentinel","Burning Pact"],"picked":"Sword Boomerang","floor":1},{"not_picked":["True Grit","Armaments"],"picked":"Metallicize+1","floor":6},{"not_picked":["Reckless Charge","Corruption+1"],"picked":"Thunderclap","floor":8},{"not_picked":["Sever Soul","Entrench","Pommel Strike"],"picked":"SKIP","floor":10},{"not_picked":["Searing Blow","Havoc"],"picked":"Warcry","floor":12},{"not_picked":["Pummel","Cleave"],"picked":"Thunderclap","floor":13},{"not_picked":["Thunderclap","Evolve+1"],"picked":"Armaments","floor":14},{"not_picked":["Limit Break","Barricade+1"],"picked":"Demon Form+1","floor":16},{"not_picked":["Headbutt","Combust+1"],"picked":"Heavy Blade","floor":18},{"not_picked":["Thunderclap+1","Warcry"],"picked":"Seeing Red+1","floor":21},{"not_picked":["Wild Strike","Thunderclap"],"picked":"Power Through","floor":24},{"not_picked":["Rupture+1","Bloodletting"],"picked":"Feed","floor":27},{"not_picked":["Blood for Blood","Warcry"],"picked":"Clothesline","floor":28},{"not_picked":["Combust+1","Berserk+1"],"picked":"Shrug It Off","floor":30},{"not_picked":["Immolate","Double Tap"],"picked":"Barricade+1","floor":33},{"not_picked":["Wild Strike+1","Twin Strike"],"picked":"Sword Boomerang","floor":35},{"not_picked":["Shockwave","Flex","Rampage+1"],"picked":"SKIP","floor":36},{"not_picked":["Searing Blow","True Grit"],"picked":"Power Through+1","floor":37},{"not_picked":["Searing Blow+1","Thunderclap+1"],"picked":"Fiend Fire","floor":40},{"not_picked":["Flex+1","Sword Boomerang","Body Slam+1"],"picked":"SKIP","floor":42},{"not_picked":["Dropkick+1","Heavy Blade"],"picked":"Headbutt+1","floor":44},{"not_picked":["Pummel+1","Cleave+1"],"picked":"Shrug It Off+1","floor":45},{"not_picked":["PanicButton","Transmutation"],"picked":"Mayhem+1","floor":46},{"not_picked":["Transmutation","Flash of Steel"],"picked":"Mayhem+1","floor":46},{"not_picked":["Finesse","Panacea"],"picked":"Jack Of All Trades","floor":46},{"not_picked":["Havoc+1","Body Slam","Sever Soul+1"],"picked":"SKIP","floor":48},{"not_picked":["Rampage","Twin Strike","Armaments+1"],"picked":"SKIP","floor":54}],"player_experience":4766227,"relics_obtained":[{"floor":6,"key":"Art of War"},{"floor":8,"key":"Paper Frog"},{"floor":9,"key":"Ice Cream"},{"floor":10,"key":"Ancient Tea Set"},{"floor":13,"key":"Omamori"},{"floor":21,"key":"Red Mask"},{"floor":24,"key":"Mummified Hand"},{"floor":26,"key":"Tiny Chest"},{"floor":27,"key":"Dream Catcher"},{"floor":40,"key":"Bronze Scales"},{"floor":42,"key":"Happy Flower"},{"floor":43,"key":"Centennial Puzzle"},{"floor":45,"key":"Bag of Preparation"},{"floor":48,"key":"Oddly Smooth Stone"},{"floor":54,"key":"Strawberry"}],"event_choices":[{"damage_healed":0,"gold_gain":0,"player_choice":"Grow","damage_taken":0,"max_hp_gain":0,"max_hp_loss":0,"event_name":"Living Wall","floor":2,"gold_loss":0,"cards_upgraded":["Sword Boomerang"]},{"damage_healed":0,"gold_gain":0,"player_choice":"Entered Light","damage_taken":16,"max_hp_gain":0,"max_hp_loss":0,"event_name":"Shining Light","floor":3,"gold_loss":0,"cards_upgraded":["Defend_R","Bash"]},{"damage_healed":0,"gold_gain":0,"player_choice":"Success","damage_taken":3,"relics_obtained":["Frozen Egg 2"],"max_hp_gain":0,"max_hp_loss":0,"event_name":"Scrap Ooze","floor":4,"gold_loss":0},{"damage_healed":0,"gold_gain":0,"player_choice":"Lose Max HP","damage_taken":0,"relics_obtained":["Golden Idol"],"max_hp_gain":0,"max_hp_loss":6,"event_name":"Golden Idol","floor":7,"gold_loss":0},{"damage_healed":0,"gold_gain":0,"player_choice":"Ignored","damage_taken":0,"max_hp_gain":0,"max_hp_loss":0,"event_name":"Vampires","floor":19,"gold_loss":0},{"damage_healed":0,"gold_gain":0,"player_choice":"Fought Bandits","damage_taken":0,"max_hp_gain":0,"max_hp_loss":0,"event_name":"Masked Bandits","floor":21,"gold_loss":0},{"damage_healed":0,"gold_gain":0,"player_choice":"Simplicity","damage_taken":0,"max_hp_gain":0,"max_hp_loss":0,"event_name":"Back to Basics","floor":29,"gold_loss":0,"cards_upgraded":["Strike_R","Strike_R","Strike_R","Strike_R","Defend_R","Defend_R","Defend_R"]},{"cards_removed":["Power Through"],"damage_healed":0,"gold_gain":0,"player_choice":"Removed Skill","damage_taken":0,"max_hp_gain":0,"max_hp_loss":0,"event_name":"Falling","floor":38,"gold_loss":0},{"damage_healed":0,"gold_gain":0,"player_choice":"Memory 3","damage_taken":10,"max_hp_gain":0,"max_hp_loss":0,"event_name":"SensoryStone","floor":46,"gold_loss":0}],"is_beta":true,"boss_relics":[{"not_picked":["Ectoplasm","Fusion Hammer"],"picked":"Snecko Eye"},{"not_picked":["Coffee Dripper","Philosopher\u0027s Stone"],"picked":"Cursed Key"}],"items_purged_floors":[5],"is_endless":false,"potions_floor_spawned":[1,6,10,14,16,21,24,28,40,44,45,48,54],"ascension_level":1}