{"gold_per_floor":[213,5,5,17,29,66,78,108,147,194,226,238,250],"floor_reached":13,"playtime":385,"items_purged":[],"score":132,"play_id":"0366046f-3221-4c60-a9eb-9ba56b4889d1","local_time":"20190223230209","is_ascension_mode":true,"campfire_choices":[{"floor":7,"key":"REST"}],"neow_cost":"NONE","seed_source_timestamp":811678950542708,"circlet_count":0,"master_deck":["Strike_B","Strike_B","Strike_B","Defend_B","Defend_B","Defend_B","Defend_B","Zap","Dualcast","Chaos+1","Static Discharge","Defragment","Capacitor"],"relics":["Cracked Core","Lee\u0027s Waffle","MawBank","Ice Cream","Bronze Scales","Mummified Hand"],"potions_floor_usage":[10,10],"damage_taken":[{"damage":0,"enemies":"2 Louse","floor":1,"turns":2},{"damage":51,"enemies":"3 Sentries","floor":6,"turns":10},{"damage":7,"enemies":"Jaw Worm","floor":8,"turns":3},{"damage":11,"enemies":"Lagavulin","floor":10,"turns":7},{"damage":0,"enemies":"Small Slimes","floor":11,"turns":3},{"damage":12,"enemies":"Red Slaver","floor":13,"turns":1}],"seed_played":"875163470339303262","potions_obtained":[{"floor":6,"key":"PowerPotion"},{"floor":8,"key":"SkillPotion"}],"is_trial":false,"path_per_floor":["M","$","?","?","?","E","R","M","T","E","M","?","M"],"character_chosen":"DEFECT","items_purchased":["Lee\u0027s Waffle"],"campfire_rested":1,"item_purchase_floors":[2],"current_hp_per_floor":[68,82,57,57,57,6,30,23,23,12,12,12,0],"gold":250,"neow_bonus":"HUNDRED_GOLD","is_prod":false,"is_daily":false,"chose_seed":false,"campfire_upgraded":0,"win_rate":0,"timestamp":1550973729,"path_taken":["M","$","?","?","?","E","R","M","T","E","?","?","M"],"build_version":"2019-01-23","purchased_purges":0,"victory":false,"max_hp_per_floor":[75,82,82,82,82,82,82,82,82,82,82,82,82],"card_choices":[{"not_picked":["Coolheaded","Conserve Battery"],"picked":"Chaos","floor":1},{"not_picked":["Conserve Battery","Scrape"],"picked":"Static Discharge","floor":6},{"not_picked":["Gash","Hologram"],"picked":"Defragment","floor":8},{"not_picked":["Coolheaded","Steam","Stack"],"picked":"SKIP","floor":10},{"not_picked":["Gash","Coolheaded"],"picked":"Capacitor","floor":11}],"player_experience":837843,"relics_obtained":[{"floor":6,"key":"Ice Cream"},{"floor":9,"key":"Bronze Scales"},{"floor":10,"key":"Mummified Hand"}],"event_choices":[{"damage_healed":0,"gold_gain":0,"player_choice":"Success","damage_taken":25,"relics_obtained":["MawBank"],"max_hp_gain":0,"max_hp_loss":0,"event_name":"Scrap Ooze","floor":3,"gold_loss":0},{"damage_healed":0,"gold_gain":0,"player_choice":"Grow","damage_taken":0,"max_hp_gain":0,"max_hp_loss":0,"event_name":"Living Wall","floor":4,"gold_loss":0,"cards_upgraded":["Chaos"]},{"cards_removed":["Strike_B"],"damage_healed":0,"gold_gain":0,"player_choice":"Offered Basic","damage_taken":0,"max_hp_gain":0,"max_hp_loss":0,"event_name":"Bonfire Elementals","floor":5,"gold_loss":0},{"damage_healed":0,"gold_gain":0,"player_choice":"Ignored","damage_taken":0,"max_hp_gain":0,"max_hp_loss":0,"event_name":"Shining Light","floor":12,"gold_loss":0}],"is_beta":false,"boss_relics":[],"items_purged_floors":[],"is_endless":false,"potions_floor_spawned":[6,8],"killed_by":"Red Slaver","ascension_level":9}