{"gold_per_floor":[109,259,23,23,23,49,49,49,96,76,103,24,24,44,44,118,118,137,137,137,87,103,103,103],"floor_reached":24,"playtime":1337,"items_purged":["Doubt"],"score":521,"play_id":"2050bec3-5941-4074-908d-604ffccdfc0b","local_time":"20181113172243","is_ascension_mode":true,"campfire_choices":[{"data":"Neutralize","floor":7,"key":"SMITH"},{"data":"Footwork","floor":13,"key":"SMITH"},{"data":"Predator","floor":15,"key":"SMITH"},{"data":"Die Die Die","floor":23,"key":"SMITH"}],"neow_cost":"NONE","seed_source_timestamp":1415585001079455,"circlet_count":0,"master_deck":["AscendersBane","Defend_G","Defend_G","Defend_G","Defend_G","Defend_G","Survivor","Neutralize+1","Quick Slash+1","Dagger Throw+1","Predator+1","Footwork+1","Leg Sweep","Die Die Die+1","Footwork","Backflip","Cloak And Dagger+1","Bite","Bite","Bite","Bite","Bite","Deflect"],"relics":["Ring of the Snake","NeowsBlessing","Oddly Smooth Stone","Juzu Bracelet","Pen Nib","Whetstone","Orrery"],"potions_floor_usage":[24,24],"damage_taken":[{"damage":0,"enemies":"Cultist","floor":1,"turns":1},{"damage":0,"enemies":"3 Sentries","floor":6,"turns":2},{"damage":0,"enemies":"Gremlin Nob","floor":11,"turns":1},{"damage":0,"enemies":"2 Louse","floor":14,"turns":3},{"damage":3,"enemies":"The Guardian","floor":16,"turns":18},{"damage":9,"enemies":"Spheric Guardian","floor":18,"turns":11},{"damage":9,"enemies":"Chosen","floor":22,"turns":7},{"damage":66,"enemies":"Slavers","floor":24,"turns":6}],"seed_played":"-16455602992074921","potions_obtained":[{"floor":6,"key":"PowerPotion"},{"floor":10,"key":"Strength Potion"}],"is_trial":false,"path_per_floor":["M","?","$","?","?","E","R","?","T","?","E","$","R","M","R","B",null,"M","?","?","?","M","R","E"],"character_chosen":"THE_SILENT","items_purchased":["Oddly Smooth Stone","Footwork"],"campfire_rested":0,"item_purchase_floors":[3,12],"current_hp_per_floor":[59,59,59,59,33,35,35,35,35,35,37,37,37,39,39,38,59,52,52,52,52,57,57,0],"gold":103,"neow_bonus":"THREE_ENEMY_KILL","is_prod":false,"is_daily":false,"chose_seed":false,"campfire_upgraded":4,"win_rate":0,"timestamp":1542147763,"path_taken":["M","?","$","?","?","E","R","?","T","?","E","?","R","M","R","BOSS","M","?","?","?","M","R","E"],"build_version":"2018-11-12","purchased_purges":1,"victory":false,"max_hp_per_floor":[66,66,66,66,66,66,66,66,66,66,66,66,66,66,66,66,66,66,66,66,66,66,66,66],"card_choices":[{"not_picked":["Backflip","Escape Plan"],"picked":"Quick Slash","floor":1},{"not_picked":["Endless Agony","Masterful Stab","Calculated Gamble"],"picked":"SKIP","floor":6},{"not_picked":["Accuracy","Slice"],"picked":"Predator","floor":11},{"not_picked":["Sucker Punch","Cloak And Dagger"],"picked":"Leg Sweep","floor":14},{"not_picked":["Grand Finale","Glass Knife"],"picked":"Die Die Die","floor":16},{"not_picked":["Acrobatics","Outmaneuver"],"picked":"Footwork","floor":17},{"not_picked":["Blade Dance","Bane"],"picked":"Backflip","floor":17},{"not_picked":["Dash","Flechettes"],"picked":"Cloak And Dagger+1","floor":18},{"not_picked":["Quick Slash","Terror"],"picked":"Deflect","floor":22}],"player_experience":954126,"relics_obtained":[{"floor":6,"key":"Juzu Bracelet"},{"floor":9,"key":"Pen Nib"},{"floor":11,"key":"Whetstone"}],"event_choices":[{"damage_healed":0,"gold_gain":150,"player_choice":"AGREE","damage_taken":0,"max_hp_gain":0,"max_hp_loss":0,"event_name":"Liars Game","floor":2,"gold_loss":0,"cards_obtained":["Doubt"]},{"damage_healed":0,"gold_gain":0,"player_choice":"Leave","damage_taken":0,"max_hp_gain":0,"max_hp_loss":0,"event_name":"The Cleric","floor":4,"gold_loss":0},{"damage_healed":0,"gold_gain":0,"player_choice":"Success","damage_taken":26,"relics_obtained":["Blood Vial"],"max_hp_gain":0,"max_hp_loss":0,"event_name":"Scrap Ooze","floor":5,"gold_loss":0},{"damage_healed":0,"gold_gain":0,"cards_transformed":["Strike_G"],"player_choice":"Transformed","damage_taken":0,"max_hp_gain":0,"max_hp_loss":0,"event_name":"Transmorgrifier","floor":8,"gold_loss":0,"cards_obtained":["Dagger Throw"]},{"damage_healed":0,"gold_gain":0,"player_choice":"Bought 1 Potion","damage_taken":0,"max_hp_gain":0,"max_hp_loss":0,"event_name":"The Woman in Blue","floor":10,"gold_loss":0},{"damage_healed":0,"gold_gain":0,"player_choice":"Ignored","damage_taken":0,"max_hp_gain":0,"max_hp_loss":0,"event_name":"The Mausoleum","floor":19,"gold_loss":0},{"damage_healed":0,"gold_gain":0,"player_choice":"Became a vampire (Vial)","damage_taken":0,"max_hp_gain":0,"max_hp_loss":0,"event_name":"Vampires","floor":20,"relics_lost":["Blood Vial"],"gold_loss":0,"cards_obtained":["Bite","Bite","Bite","Bite","Bite"]},{"damage_healed":0,"gold_gain":0,"player_choice":"Bet on Murderer","damage_taken":0,"max_hp_gain":0,"max_hp_loss":0,"event_name":"The Joust","floor":21,"gold_loss":50}],"is_beta":true,"boss_relics":[{"not_picked":["HoveringKite","Lizard Tail"],"picked":"Orrery"}],"items_purged_floors":[3],"is_endless":false,"potions_floor_spawned":[6,11,16,18,22],"killed_by":"Slavers","ascension_level":20}