{"gold_per_floor":[118,118,133,150,150,150,161,192,192,225,240,254,254,273,273,368,368,358,358,377,148,148,148,183,183],"floor_reached":25,"playtime":1668,"items_purged":["Writhe"],"score":281,"play_id":"e6befe24-34ff-4f27-a72d-346b61b807f0","local_time":"20190508112236","is_ascension_mode":true,"campfire_choices":[{"data":"Neutralize","floor":6,"key":"SMITH"},{"floor":13,"key":"REST"},{"data":"Dagger Spray","floor":15,"key":"SMITH"},{"data":"After Image","floor":23,"key":"SMITH"}],"neow_cost":"NONE","seed_source_timestamp":202819698619800,"circlet_count":0,"master_deck":["Survivor","Neutralize+1","Cloak And Dagger","Deadly Poison","Cloak And Dagger","Well Laid Plans","Infinite Blades","Backflip","Quick Slash","Dagger Spray+1","After Image+1","Sucker Punch","Leg Sweep","Calculated Gamble","Escape Plan","Tactician","Deadly Poison","Expertise","Setup","Flying Knee","Dodge and Roll+1","Deflect","Blade Dance"],"relics":["Ring of the Snake","NeowsBlessing","Ancient Tea Set","Mango","Pandora\u0027s Box","Regal Pillow","Blood Vial","SsserpentHead","Strawberry"],"potions_floor_usage":[8,10,18],"damage_taken":[{"damage":0,"enemies":"Cultist","floor":1,"turns":1},{"damage":0,"enemies":"Jaw Worm","floor":3,"turns":1},{"damage":0,"enemies":"2 Louse","floor":4,"turns":1},{"damage":0,"enemies":"Looter","floor":7,"turns":4},{"damage":45,"enemies":"Gremlin Nob","floor":8,"turns":7},{"damage":8,"enemies":"Lagavulin","floor":10,"turns":8},{"damage":12,"enemies":"Lots of Slimes","floor":11,"turns":6},{"damage":5,"enemies":"Blue Slaver","floor":12,"turns":4},{"damage":0,"enemies":"Exordium Wildlife","floor":14,"turns":5},{"damage":33,"enemies":"Slime Boss","floor":16,"turns":9},{"damage":6,"enemies":"2 Thieves","floor":18,"turns":4},{"damage":16,"enemies":"Spheric Guardian","floor":20,"turns":6},{"damage":62,"enemies":"Gremlin Leader","floor":24,"turns":9},{"damage":16,"enemies":"Snecko","floor":25,"turns":4}],"seed_played":"1859441293776316698","potions_obtained":[{"floor":3,"key":"Block Potion"},{"floor":7,"key":"Regen Potion"},{"floor":11,"key":"SteroidPotion"},{"floor":14,"key":"GamblersBrew"},{"floor":16,"key":"SkillPotion"},{"floor":20,"key":"EssenceOfSteel"}],"is_trial":false,"path_per_floor":["M","?","M","M","?","R","M","E","T","E","M","M","R","M","R","B",null,"M","?","M","$","?","R","E","M"],"character_chosen":"THE_SILENT","items_purchased":["Blood Vial"],"campfire_rested":1,"item_purchase_floors":[21],"current_hp_per_floor":[70,70,70,70,56,56,56,11,11,31,19,14,39,39,39,6,84,78,78,62,62,62,62,9,0],"gold":183,"neow_bonus":"THREE_ENEMY_KILL","is_prod":false,"is_daily":false,"chose_seed":false,"campfire_upgraded":3,"win_rate":0,"timestamp":1557328956,"path_taken":["M","?","?","M","?","R","M","E","T","E","M","M","R","M","R","BOSS","M","?","M","$","?","R","E","M"],"build_version":"2019-01-23","purchased_purges":1,"victory":false,"max_hp_per_floor":[70,70,70,70,70,70,70,70,70,84,84,84,84,84,84,84,84,84,84,84,84,84,84,91,91],"card_choices":[{"not_picked":["Backstab","Deadly Poison"],"picked":"Cloak And Dagger","floor":1},{"not_picked":["Eviscerate","Skewer"],"picked":"Deadly Poison","floor":3},{"not_picked":["Flying Knee","Deflect"],"picked":"Cloak And Dagger","floor":4},{"not_picked":["PiercingWail","Endless Agony"],"picked":"Well Laid Plans","floor":7},{"not_picked":["Finisher","Underhanded Strike"],"picked":"Infinite Blades","floor":8},{"not_picked":["Skewer","PiercingWail"],"picked":"Backflip","floor":10},{"not_picked":["Underhanded Strike","Adrenaline"],"picked":"Quick Slash","floor":11},{"not_picked":["Blade Dance","Well Laid Plans","Caltrops"],"picked":"SKIP","floor":12},{"not_picked":["Corpse Explosion","Blade Dance"],"picked":"Dagger Spray","floor":14},{"not_picked":["Grand Finale","Die Die Die"],"picked":"After Image","floor":16},{"not_picked":["Predator","Dagger Spray+1"],"picked":"Dodge and Roll+1","floor":18},{"not_picked":["Prepared","Riddle With Holes"],"picked":"Deflect","floor":20},{"not_picked":["Expertise","Masterful Stab"],"picked":"Blade Dance","floor":24}],"player_experience":152022,"relics_obtained":[{"floor":8,"key":"Ancient Tea Set"},{"floor":10,"key":"Mango"},{"floor":24,"key":"Strawberry"}],"event_choices":[{"cards_removed":["Strike_G"],"damage_healed":0,"gold_gain":0,"player_choice":"Offered Basic","damage_taken":0,"max_hp_gain":0,"max_hp_loss":0,"event_name":"Bonfire Elementals","floor":2,"gold_loss":0},{"damage_healed":0,"gold_gain":0,"player_choice":"Entered Light","damage_taken":14,"max_hp_gain":0,"max_hp_loss":0,"event_name":"Shining Light","floor":5,"gold_loss":0,"cards_upgraded":["Defend_G","Strike_G"]},{"damage_healed":0,"gold_gain":0,"player_choice":"Opened","damage_taken":0,"relics_obtained":["Regal Pillow"],"max_hp_gain":0,"max_hp_loss":0,"event_name":"The Mausoleum","floor":19,"gold_loss":0,"cards_obtained":["Writhe"]},{"damage_healed":0,"gold_gain":0,"player_choice":"Trade","damage_taken":0,"relics_obtained":["SsserpentHead"],"max_hp_gain":0,"max_hp_loss":0,"event_name":"FaceTrader","floor":22,"gold_loss":0}],"is_beta":false,"boss_relics":[{"not_picked":["Orrery","Cursed Key"],"picked":"Pandora\u0027s Box"}],"items_purged_floors":[21],"is_endless":false,"potions_floor_spawned":[3,7,11,14,16,20,24],"killed_by":"Snecko","ascension_level":2}