{"gold_per_floor":[116,130,130,148,24,24,56,68,105,192,215,252,284,330,342,454,466,495,1,1,11,27,61,61,76,76,76,76,22,22,52,52,52],"floor_reached":33,"playtime":1691,"items_purged":["Strike_G","Strike_G"],"score":421,"play_id":"dd29fad4-30e6-48b3-891d-cee4f28ea46b","local_time":"20190329013833","is_ascension_mode":true,"campfire_choices":[{"data":"Neutralize","floor":6,"key":"SMITH"},{"data":"Footwork","floor":8,"key":"SMITH"},{"data":"Deadly Poison","floor":15,"key":"SMITH"},{"floor":24,"key":"REST"},{"data":"Envenom","floor":27,"key":"SMITH"},{"data":"Infinite Blades","floor":30,"key":"SMITH"},{"data":"Catalyst","floor":32,"key":"SMITH"}],"neow_cost":"NONE","seed_source_timestamp":1492404126938356,"circlet_count":0,"master_deck":["Defend_G","Defend_G","Defend_G+1","Defend_G","Defend_G+1","Strike_G","Strike_G","Strike_G","Survivor","Neutralize+1","Footwork+1","Dagger Throw","Flying Knee","Poisoned Stab","Masterful Stab","Dodge and Roll","Tactician","Dagger Spray","Deadly Poison+1","Envenom+1","Footwork","Infinite Blades+1","Cloak And Dagger","Catalyst+1","Shame","Cloak And Dagger","Backflip","Cloak And Dagger+1","Backflip+1","Ghostly+1","Ghostly+1","Ghostly+1","Ghostly+1","Ghostly+1","Deflect+1","Dash"],"relics":["Ring of the Snake","War Paint","MawBank","Lantern","Sundial","Art of War","Runic Dome","Ornamental Fan","Bag of Preparation","Toxic Egg 2","Pear","Pantograph"],"potions_floor_usage":[7,7,12,16,21,23],"damage_taken":[{"damage":0,"enemies":"Jaw Worm","floor":1,"turns":5},{"damage":0,"enemies":"Cultist","floor":2,"turns":4},{"damage":0,"enemies":"2 Louse","floor":4,"turns":3},{"damage":5,"enemies":"Lagavulin","floor":7,"turns":7},{"damage":0,"enemies":"Gremlin Gang","floor":11,"turns":4},{"damage":0,"enemies":"Gremlin Nob","floor":12,"turns":4},{"damage":0,"enemies":"2 Fungi Beasts","floor":13,"turns":3},{"damage":0,"enemies":"Lagavulin","floor":14,"turns":9},{"damage":2,"enemies":"Hexaghost","floor":16,"turns":9},{"damage":0,"enemies":"3 Byrds","floor":18,"turns":5},{"damage":20,"enemies":"Spheric Guardian","floor":21,"turns":5},{"damage":17,"enemies":"3 Cultists","floor":22,"turns":7},{"damage":4,"enemies":"Slavers","floor":23,"turns":8},{"damage":0,"enemies":"Snecko","floor":25,"turns":5},{"damage":4,"enemies":"Book of Stabbing","floor":31,"turns":5},{"damage":48,"enemies":"Champ","floor":33,"turns":16}],"seed_played":"6873524186665709480","potions_obtained":[{"floor":1,"key":"Ancient Potion"},{"floor":3,"key":"EssenceOfSteel"},{"floor":3,"key":"Poison Potion"},{"floor":7,"key":"SneckoOil"},{"floor":12,"key":"LiquidBronze"},{"floor":14,"key":"LiquidBronze"},{"floor":22,"key":"Fire Potion"},{"floor":31,"key":"Strength Potion"}],"is_trial":false,"path_per_floor":["M","M","?","M","$","R","E","R","T","?","M","E","M","E","R","B",null,"M","$","?","M","M","E","R","M","T","R","?","$","R","E","R","B"],"character_chosen":"THE_SILENT","items_purchased":["Poisoned Stab","Infinite Blades","Ornamental Fan","Cloak And Dagger","Catalyst","Deflect+1"],"campfire_rested":1,"item_purchase_floors":[5,19,19,19,19,29],"current_hp_per_floor":[70,70,70,70,70,70,65,65,65,58,58,58,58,58,58,56,70,70,70,70,50,33,29,50,50,60,60,40,40,40,36,36,0],"gold":52,"neow_bonus":"RANDOM_COMMON_RELIC","is_prod":false,"is_daily":false,"chose_seed":false,"campfire_upgraded":6,"win_rate":0,"timestamp":1553837913,"path_taken":["M","M","?","M","?","R","E","R","T","?","?","E","M","E","R","BOSS","M","$","?","M","M","E","R","M","T","R","?","$","R","E","R","BOSS"],"build_version":"2019-03-15","purchased_purges":2,"victory":false,"max_hp_per_floor":[70,70,70,70,70,70,70,70,70,70,70,70,70,70,70,70,70,70,70,70,70,70,70,70,70,80,80,40,40,40,40,40,40],"card_choices":[{"not_picked":["Prepared","Infinite Blades"],"picked":"Footwork","floor":1},{"not_picked":["Slice","Reflex"],"picked":"Dagger Throw","floor":2},{"not_picked":["Flechettes","Bane"],"picked":"Flying Knee","floor":4},{"not_picked":["Flying Knee","Backstab"],"picked":"Masterful Stab","floor":7},{"not_picked":["All Out Attack","Bane"],"picked":"Dodge and Roll","floor":11},{"not_picked":["Expertise","Catalyst"],"picked":"Tactician","floor":12},{"not_picked":["Backflip","Dagger Throw"],"picked":"Dagger Spray","floor":13},{"not_picked":["Riddle With Holes","Acrobatics"],"picked":"Deadly Poison","floor":14},{"not_picked":["Wraith Form v2","Grand Finale"],"picked":"Envenom","floor":16},{"not_picked":["Dagger Spray","Underhanded Strike"],"picked":"Footwork","floor":18},{"not_picked":["Quick Slash","Finisher"],"picked":"Cloak And Dagger","floor":21},{"not_picked":["Dagger Spray","Riddle With Holes"],"picked":"Backflip","floor":22},{"not_picked":["Die Die Die","Concentrate"],"picked":"Cloak And Dagger","floor":23},{"not_picked":["Dodge and Roll+1","Poisoned Stab"],"picked":"Backflip+1","floor":25},{"not_picked":["Masterful Stab","Slice"],"picked":"Dash","floor":31}],"player_experience":5073623,"relics_obtained":[{"floor":7,"key":"MawBank"},{"floor":9,"key":"Lantern"},{"floor":12,"key":"Sundial"},{"floor":14,"key":"Art of War"},{"floor":23,"key":"Toxic Egg 2"},{"floor":26,"key":"Pear"},{"floor":31,"key":"Pantograph"}],"event_choices":[{"damage_healed":0,"gold_gain":0,"player_choice":"Got Potions","damage_taken":0,"max_hp_gain":0,"max_hp_loss":0,"event_name":"Lab","floor":3,"gold_loss":0},{"damage_healed":0,"gold_gain":75,"player_choice":"Touch","damage_taken":7,"max_hp_gain":0,"max_hp_loss":0,"event_name":"FaceTrader","floor":10,"gold_loss":0},{"damage_healed":0,"gold_gain":0,"player_choice":"Stole Relic","damage_taken":0,"relics_obtained":["Bag of Preparation"],"max_hp_gain":0,"max_hp_loss":0,"event_name":"Addict","floor":20,"gold_loss":0,"cards_obtained":["Shame"]},{"damage_healed":0,"gold_gain":0,"player_choice":"Became a Ghost","damage_taken":0,"max_hp_gain":0,"max_hp_loss":40,"event_name":"Ghosts","floor":28,"gold_loss":0,"cards_obtained":["Ghostly","Ghostly","Ghostly","Ghostly","Ghostly"]}],"is_beta":true,"boss_relics":[{"not_picked":["White Beast Statue","Pandora\u0027s Box"],"picked":"Runic Dome"}],"items_purged_floors":[5,19],"is_endless":false,"potions_floor_spawned":[1,7,12,14,22,31],"killed_by":"Champ","ascension_level":1}