{"gold_per_floor":[109,124,124,42,60,60,74,74,74,74,74,86,100,126,126,223,223,233,233,148,148,123,123,151,151,177,197,107,26,89,109,109,109],"floor_reached":33,"playtime":1404,"items_purged":[],"score":410,"play_id":"7504533f-a553-45f3-846f-4f3bf311b67f","local_time":"20190309014354","is_ascension_mode":true,"campfire_choices":[{"data":"White Noise","floor":6,"key":"SMITH"},{"data":"Self Repair","floor":8,"key":"SMITH"},{"data":"Reboot","floor":10,"key":"SMITH"},{"data":"Darkness","floor":15,"key":"SMITH"},{"data":"Self Repair","floor":23,"key":"SMITH"},{"floor":25,"key":"REST"},{"data":"Electrodynamics","floor":32,"key":"SMITH"}],"neow_cost":"NONE","seed_source_timestamp":1943646798973291,"circlet_count":0,"master_deck":["Defend_B","Defend_B","Defend_B","Defend_B","Zap","Dualcast","Conserve Battery","White Noise+1","Self Repair+1","Coolheaded","Reboot+1","FTL","Darkness+1","Melter","Electrodynamics+1","Self Repair+1","Cold Snap","Electrodynamics+1","Conserve Battery","Glacier","Capacitor","Streamline"],"relics":["Lizard Tail","Pantograph","Sozu","Thread and Needle","Bag of Preparation","Ancient Tea Set","Tiny Chest"],"potions_floor_usage":[14,14,16,16,24],"damage_taken":[{"damage":3,"enemies":"Jaw Worm","floor":1,"turns":4},{"damage":1,"enemies":"Cultist","floor":2,"turns":4},{"damage":10,"enemies":"Small Slimes","floor":5,"turns":4},{"damage":0,"enemies":"2 Fungi Beasts","floor":7,"turns":2},{"damage":20,"enemies":"Large Slime","floor":12,"turns":10},{"damage":6,"enemies":"Blue Slaver","floor":13,"turns":4},{"damage":13,"enemies":"3 Sentries","floor":14,"turns":10},{"damage":45,"enemies":"Hexaghost","floor":16,"turns":11},{"damage":6,"enemies":"3 Byrds","floor":18,"turns":2},{"damage":102,"enemies":"Book of Stabbing","floor":24,"turns":9},{"damage":1,"enemies":"Shell Parasite","floor":27,"turns":4},{"damage":16,"enemies":"Gremlin Leader","floor":30,"turns":9},{"damage":14,"enemies":"Centurion and Healer","floor":31,"turns":4},{"damage":83,"enemies":"Champ","floor":33,"turns":12}],"seed_played":"6402591024449135019","potions_obtained":[{"floor":1,"key":"Weak Potion"},{"floor":5,"key":"Dexterity Potion"},{"floor":13,"key":"SkillPotion"},{"floor":14,"key":"EssenceOfSteel"},{"floor":16,"key":"Strength Potion"}],"is_trial":false,"path_per_floor":["M","M","?","$","M","R","M","R","T","R","$","M","M","E","R","B",null,"M","?","?","?","$","R","E","R","T","M","?","$","E","M","R","B"],"character_chosen":"DEFECT","items_purchased":["Self Repair","Conserve Battery","Capacitor"],"campfire_rested":1,"item_purchase_floors":[4,22,29],"current_hp_per_floor":[65,64,64,64,61,61,61,61,61,61,61,51,55,52,52,40,66,70,70,70,70,70,70,29,51,51,70,70,70,74,75,75,0],"gold":109,"neow_bonus":"BOSS_RELIC","is_prod":false,"is_daily":false,"chose_seed":false,"campfire_upgraded":6,"win_rate":0,"timestamp":1552106634,"path_taken":["M","M","?","$","?","R","M","R","T","R","?","M","M","E","R","BOSS","M","?","?","?","?","R","E","R","T","M","?","$","E","M","R","BOSS"],"build_version":"2019-01-23","purchased_purges":0,"victory":false,"max_hp_per_floor":[75,75,75,75,75,75,75,75,75,75,75,75,75,75,75,75,75,75,75,75,75,75,75,75,75,75,75,75,75,75,75,75,75],"card_choices":[{"not_picked":["Tempest","Turbo"],"picked":"Conserve Battery","floor":1},{"not_picked":["Beam Cell","Go for the Eyes"],"picked":"White Noise","floor":2},{"not_picked":["Gash","Streamline"],"picked":"Coolheaded","floor":5},{"not_picked":["Hello World","Chaos"],"picked":"Reboot","floor":7},{"not_picked":["Cold Snap","Coolheaded"],"picked":"FTL","floor":12},{"not_picked":["Gash","Conserve Battery"],"picked":"Darkness","floor":13},{"not_picked":["Core Surge","Redo"],"picked":"Melter","floor":14},{"not_picked":["Meteor Strike","All For One"],"picked":"Electrodynamics","floor":16},{"not_picked":["Double Energy","Rip and Tear"],"picked":"Self Repair","floor":18},{"not_picked":["Melter","Conserve Battery","Reprogram"],"picked":"SKIP","floor":24},{"not_picked":["Leap","Doom and Gloom"],"picked":"Glacier","floor":27},{"not_picked":["Tempest","Cold Snap"],"picked":"Streamline","floor":30},{"not_picked":["Chill","Conserve Battery","Genetic Algorithm"],"picked":"SKIP","floor":31}],"player_experience":900026,"relics_obtained":[{"floor":14,"key":"Pantograph"},{"floor":24,"key":"Bag of Preparation"},{"floor":26,"key":"Ancient Tea Set"},{"floor":30,"key":"Tiny Chest"}],"event_choices":[{"cards_removed":["Strike_B"],"damage_healed":0,"gold_gain":0,"player_choice":"Offered Basic","damage_taken":0,"max_hp_gain":0,"max_hp_loss":0,"event_name":"Bonfire Elementals","floor":3,"gold_loss":0},{"damage_healed":0,"gold_gain":0,"player_choice":"Ignored","damage_taken":0,"max_hp_gain":0,"max_hp_loss":0,"event_name":"Vampires","floor":19,"gold_loss":0},{"damage_healed":0,"gold_gain":0,"player_choice":"Obtained Relic","damage_taken":0,"relics_obtained":["Thread and Needle"],"max_hp_gain":0,"max_hp_loss":0,"event_name":"Addict","floor":20,"gold_loss":85},{"damage_healed":0,"gold_gain":0,"cards_transformed":["Strike_B","Strike_B"],"player_choice":"Became Test Subject","damage_taken":0,"max_hp_gain":0,"max_hp_loss":0,"event_name":"Drug Dealer","floor":21,"gold_loss":0,"cards_obtained":["Cold Snap","Electrodynamics"]},{"cards_removed":["Strike_B"],"damage_healed":0,"gold_gain":0,"player_choice":"Upgrade and Remove","damage_taken":0,"max_hp_gain":0,"max_hp_loss":0,"event_name":"Designer","floor":28,"gold_loss":90,"cards_upgraded":["Electrodynamics"]}],"is_beta":false,"boss_relics":[{"not_picked":["Runic Pyramid","Astrolabe"],"picked":"Sozu"}],"items_purged_floors":[],"is_endless":false,"potions_floor_spawned":[1,5,13,14,16,24,27,30],"killed_by":"Champ","ascension_level":9}