{"path_per_floor":["M","?","?","M","?","E","?","$","T","$","M","M","R","M","R","B",null,"M","$","M","$","M","R","?","M","T"],"character_chosen":"DEFECT","items_purchased":["Electrodynamics","Impulse","Regal Pillow","Darkness"],"gold_per_floor":[110,285,285,296,296,330,330,330,407,264,285,301,301,325,325,446,446,459,230,254,185,206,206,206,221,221,221],"floor_reached":27,"campfire_rested":2,"playtime":1007,"current_hp_per_floor":[75,75,75,75,57,57,57,57,57,57,57,51,51,51,73,22,75,45,45,28,28,27,64,64,43,43,0],"items_purged":[],"gold":221,"score":238,"play_id":"ce8adcee-2909-4cc5-aee9-58a44fcf3142","local_time":"20180512210250","is_prod":false,"is_daily":false,"chose_seed":false,"is_ascension_mode":false,"campfire_upgraded":1,"timestamp":1526169770,"path_taken":["M","?","?","?","?","E","?","$","T","$","M","M","R","M","R","BOSS","M","$","M","$","M","R","?","M","T","E"],"build_version":"2018-05-12v2","seed_source_timestamp":66769670754596,"purchased_purges":0,"victory":false,"master_deck":["Strike_B","Strike_B","Strike_B","Strike_B","Defend_B","Defend_B","Defend_B","Defend_B","Zap","Dualcast","Tempest","Doubt","Dark Shackles","Force Field","Ball Lightning","Static Discharge+1","Electrodynamics+1","Sunder","Skim","Rebound","Creative AI","Static Discharge","Impulse","Turbo+1","Darkness","Capacitor","Ball Lightning","Doom and Gloom+1","Normality"],"max_hp_per_floor":[75,75,75,75,75,75,75,75,75,75,75,75,75,75,75,75,75,75,75,75,75,75,75,75,75,75,75],"relics":["Cracked Core","NeowsBlessing","Golden Idol","Sundial","Toolbox","Cursed Key","Regal Pillow","Bottled Lightning"],"card_choices":[{"not_picked":["Sweeping Beam","Barrage"],"picked":"Tempest","floor":1},{"not_picked":["Streamline","Undo"],"picked":"Ball Lightning","floor":4},{"not_picked":["Conserve Battery","Undo"],"picked":"Static Discharge","floor":6},{"not_picked":["Hologram","Leap"],"picked":"Sunder","floor":11},{"not_picked":["Scrape","Electrodynamics"],"picked":"Skim","floor":12},{"not_picked":["Sweeping Beam","Turbo"],"picked":"Rebound","floor":14},{"not_picked":["Electrodynamics","Fusion"],"picked":"Creative AI","floor":16},{"not_picked":["Axe Kick","Turbo"],"picked":"Static Discharge","floor":18},{"not_picked":["Coolheaded","Axe Kick"],"picked":"Turbo+1","floor":20},{"not_picked":["Go for the Eyes","Coolheaded"],"picked":"Capacitor","floor":22},{"not_picked":["Darkness","Sweeping Beam"],"picked":"Doom and Gloom+1","floor":25}],"player_experience":12449,"potions_floor_usage":[14,16,27,27],"damage_taken":[{"damage":0,"enemies":"Jaw Worm","floor":1,"turns":1},{"damage":0,"enemies":"Cultist","floor":4,"turns":1},{"damage":0,"enemies":"3 Sentries","floor":6,"turns":1},{"damage":0,"enemies":"2 Louse","floor":11,"turns":3},{"damage":6,"enemies":"Exordium Wildlife","floor":12,"turns":3},{"damage":0,"enemies":"Blue Slaver","floor":14,"turns":2},{"damage":51,"enemies":"Hexaghost","floor":16,"turns":7},{"damage":30,"enemies":"2 Thieves","floor":18,"turns":2},{"damage":17,"enemies":"Spheric Guardian","floor":20,"turns":3},{"damage":1,"enemies":"Chosen and Byrds","floor":22,"turns":4},{"damage":21,"enemies":"Snake Plant","floor":25,"turns":3},{"damage":43,"enemies":"Gremlin Leader","floor":27,"turns":4}],"event_choices":[{"event_name":"Liars Game","player_choice":"agreed","floor":2,"damage_taken":0},{"event_name":"Match and Keep!","player_choice":"2 cards matched","floor":3,"damage_taken":0},{"event_name":"Golden Idol","player_choice":"Take Damage","floor":5,"damage_taken":0},{"event_name":"Upgrade Shrine","player_choice":"Upgraded","floor":7,"damage_taken":0},{"event_name":"The Library","player_choice":"Read","floor":24,"damage_taken":0}],"boss_relics":[{"not_picked":["Lizard Tail","Ectoplasm"],"picked":"Cursed Key"}],"potions_floor_spawned":[1,11,20,22],"seed_played":"-8561752495794639742","killed_by":"Gremlin Leader","ascension_level":0,"is_trial":false}