{"gold_per_floor":[12,12,28,43,116,148,158,190,190,190,251,251,285,295,295,397,397,415,53,53,53,63,88,101,133,133,161,161,76,87,99,99,204,204,215,33,48,101,112,145,145,176,253,253,253,270,287,315,315,315,315,315,43,70,70],"floor_reached":56,"playtime":3941,"items_purged":["Parasite","Static Discharge"],"score":1522,"play_id":"f43d3baa-6cdb-4454-b245-651af29e0bae","local_time":"20190302204916","is_ascension_mode":true,"campfire_choices":[{"data":"Static Discharge","floor":10,"key":"SMITH"},{"data":"Double Energy","floor":15,"key":"SMITH"},{"data":"Consume","floor":28,"key":"SMITH"},{"data":"Biased Cognition","floor":32,"key":"SMITH"},{"floor":41,"key":"RECALL"},{"data":"Capacitor","floor":49,"key":"SMITH"},{"data":"Loop","floor":52,"key":"SMITH"}],"neow_cost":"NO_GOLD","seed_source_timestamp":103453191441179,"circlet_count":0,"master_deck":["Zap","Dualcast","Core Surge","Auto Shields","Steam","Static Discharge+1","Steam","Coolheaded","Echo Form","Go for the Eyes","Chill","Double Energy+1","Biased Cognition+1","Streamline","Blizzard","Echo Form","Tempest","Rip and Tear","Leap","FTL+1","BootSequence","Coolheaded","BootSequence+1","Consume+1","FTL","Leap+1","Hologram+1","Coolheaded+1","Electrodynamics","Coolheaded+1","Capacitor+1","Conserve Battery+1","Impatience+1","Loop+1","Tempest+1","Leap+1","Go for the Eyes+1","Tempest+1","Fusion+1","Storm+1","Defragment+1","Conserve Battery+1","Discovery+1","Chill+1"],"relics":["Cracked Core","Cables","Dead Branch","Ginger","Pen Nib","Pandora\u0027s Box","Runic Capacitor","Enchiridion","Kunai","Potion Belt","Dream Catcher","Omamori","Toxic Egg 2","Matryoshka","Sozu","Mango","Smiling Mask","Bag of Preparation","Orichalcum","Frozen Egg 2","Shuriken","Oddly Smooth Stone"],"potions_floor_usage":[6,8,25,25,27,33,55,55,55],"damage_taken":[{"damage":0,"enemies":"Small Slimes","floor":1,"turns":3},{"damage":0,"enemies":"2 Louse","floor":3,"turns":2},{"damage":0,"enemies":"Jaw Worm","floor":4,"turns":2},{"damage":27,"enemies":"Gremlin Nob","floor":6,"turns":5},{"damage":2,"enemies":"Lots of Slimes","floor":7,"turns":4},{"damage":6,"enemies":"3 Sentries","floor":8,"turns":5},{"damage":20,"enemies":"Gremlin Nob","floor":11,"turns":4},{"damage":2,"enemies":"Lagavulin","floor":13,"turns":8},{"damage":0,"enemies":"Looter","floor":14,"turns":3},{"damage":2,"enemies":"The Guardian","floor":16,"turns":12},{"damage":2,"enemies":"Shell Parasite","floor":18,"turns":3},{"damage":4,"enemies":"2 Thieves","floor":22,"turns":2},{"damage":0,"enemies":"Slavers","floor":23,"turns":5},{"damage":4,"enemies":"Centurion and Healer","floor":24,"turns":7},{"damage":0,"enemies":"Gremlin Leader","floor":25,"turns":5},{"damage":9,"enemies":"Slavers","floor":27,"turns":4},{"damage":1,"enemies":"Snecko","floor":30,"turns":5},{"damage":0,"enemies":"Shelled Parasite and Fungi","floor":31,"turns":6},{"damage":0,"enemies":"Champ","floor":33,"turns":7},{"damage":0,"enemies":"3 Shapes","floor":35,"turns":3},{"damage":0,"enemies":"Orb Walker","floor":37,"turns":2},{"damage":0,"enemies":"2 Orb Walkers","floor":38,"turns":4},{"damage":0,"enemies":"4 Shapes","floor":39,"turns":3},{"damage":0,"enemies":"Nemesis","floor":40,"turns":7},{"damage":10,"enemies":"Reptomancer","floor":42,"turns":5},{"damage":0,"enemies":"Spire Growth","floor":46,"turns":4},{"damage":5,"enemies":"Jaw Worm Horde","floor":47,"turns":3},{"damage":0,"enemies":"Giant Head","floor":48,"turns":5},{"damage":10,"enemies":"Awakened One","floor":50,"turns":7},{"damage":19,"enemies":"Shield and Spear","floor":54,"turns":4},{"damage":39,"enemies":"The Heart","floor":55,"turns":5}],"seed_played":"-6299730169083130443","potions_obtained":[{"floor":1,"key":"Explosive Potion"},{"floor":4,"key":"FearPotion"},{"floor":8,"key":"Explosive Potion"},{"floor":13,"key":"Ancient Potion"},{"floor":16,"key":"SpeedPotion"},{"floor":25,"key":"Regen Potion"},{"floor":30,"key":"Strength Potion"},{"floor":31,"key":"SkillPotion"},{"floor":33,"key":"Poison Potion"}],"is_trial":false,"path_per_floor":["M","?","M","M","?","E","M","E","T","R","?","?","E","M","R","B",null,"M","$","?","T","M","E","M","E","T","E","R","?","M","M","R","B",null,"M","$","M","?","M","E","R","E","T","?","?","M","M","E","R","B",null,"R","$","E","B",null],"character_chosen":"DEFECT","items_purchased":["BootSequence","Runic Capacitor","Coolheaded","Capacitor","Conserve Battery+1","Impatience+1","Defragment+1","Conserve Battery+1","Discovery+1"],"campfire_rested":0,"item_purchase_floors":[19,19,19,36,36,36,53,53,53],"current_hp_per_floor":[75,75,75,75,75,48,46,40,40,40,20,38,36,36,36,34,75,73,72,56,56,52,52,48,48,48,51,51,51,50,50,50,50,72,72,72,72,86,86,86,86,76,76,76,76,76,71,71,71,61,86,86,86,67,28],"gold":70,"neow_bonus":"THREE_RARE_CARDS","is_prod":false,"is_daily":false,"chose_seed":false,"campfire_upgraded":6,"win_rate":0,"timestamp":1551577756,"path_taken":["M","?","M","M","?","E","M","E","T","R","?","?","E","M","R","BOSS","M","$","?","?","M","E","?","E","T","E","R","?","M","M","R","BOSS","M","$","M","?","M","E","R","E","T","?","?","M","M","E","R","BOSS","R","$","E","BOSS"],"build_version":"2019-02-06","purchased_purges":2,"victory":true,"max_hp_per_floor":[75,75,75,75,75,75,75,75,75,75,75,75,75,75,75,75,75,75,72,72,72,72,72,72,72,72,72,72,72,72,72,72,72,72,72,72,72,86,86,86,86,86,86,86,86,86,86,86,86,86,86,86,86,86,86],"card_choices":[{"not_picked":["Machine Learning","Fission"],"picked":"Core Surge","floor":0},{"not_picked":["Reprogram","Capacitor"],"picked":"Auto Shields","floor":1},{"not_picked":["Gash","Beam Cell"],"picked":"Steam","floor":3},{"not_picked":["Rebound","Hologram"],"picked":"Static Discharge","floor":4},{"not_picked":["Heatsinks","Fusion"],"picked":"Steam","floor":6},{"not_picked":["Skim","Beam Cell"],"picked":"Coolheaded","floor":7},{"not_picked":["Go for the Eyes","Consume"],"picked":"Echo Form","floor":8},{"not_picked":["Compile Driver","Turbo"],"picked":"Go for the Eyes","floor":11},{"not_picked":["Aggregate","Compile Driver"],"picked":"Chill","floor":13},{"not_picked":["Chaos","Rebound"],"picked":"Double Energy","floor":14},{"not_picked":["All For One","Fission"],"picked":"Biased Cognition","floor":16},{"not_picked":["Compile Driver","Darkness"],"picked":"FTL+1","floor":18},{"not_picked":["Steam","Go for the Eyes"],"picked":"BootSequence+1","floor":22},{"not_picked":["Compile Driver","Reprogram","BootSequence"],"picked":"SKIP","floor":23},{"not_picked":["Ball Lightning+1","Coolheaded+1"],"picked":"Consume","floor":24},{"not_picked":["Undo","Sunder"],"picked":"FTL","floor":25},{"not_picked":["Go for the Eyes","Reprogram"],"picked":"Leap","floor":27},{"not_picked":["Compile Driver","Redo+1"],"picked":"Hologram+1","floor":30},{"not_picked":["Consume+1","Steam+1"],"picked":"Coolheaded+1","floor":31},{"not_picked":["Thunder Strike","Rainbow+1"],"picked":"Electrodynamics","floor":33},{"not_picked":["Redo+1","Hologram+1"],"picked":"Coolheaded+1","floor":35},{"not_picked":["Go for the Eyes+1","Leap+1"],"picked":"Loop","floor":37},{"not_picked":["Cold Snap+1","Go for the Eyes"],"picked":"Tempest+1","floor":38},{"not_picked":["Sunder","Meteor Strike"],"picked":"Leap+1","floor":39},{"not_picked":["Beam Cell+1","Doom and Gloom"],"picked":"Go for the Eyes+1","floor":40},{"not_picked":["Auto Shields+1","Ball Lightning"],"picked":"Tempest+1","floor":42},{"not_picked":["Redo+1","Beam Cell+1"],"picked":"Fusion+1","floor":46},{"not_picked":["Sunder","Gash+1"],"picked":"Storm+1","floor":47},{"not_picked":["Beam Cell+1","Melter+1","Amplify+1"],"picked":"SKIP","floor":48},{"not_picked":["Go for the Eyes","Rebound"],"picked":"Chill+1","floor":54}],"player_experience":4762286,"relics_obtained":[{"floor":6,"key":"Cables"},{"floor":8,"key":"Dead Branch"},{"floor":11,"key":"Ginger"},{"floor":13,"key":"Pen Nib"},{"floor":20,"key":"Enchiridion"},{"floor":21,"key":"Kunai"},{"floor":23,"key":"Potion Belt"},{"floor":25,"key":"Dream Catcher"},{"floor":26,"key":"Omamori"},{"floor":27,"key":"Toxic Egg 2"},{"floor":38,"key":"Mango"},{"floor":40,"key":"Smiling Mask"},{"floor":42,"key":"Bag of Preparation"},{"floor":43,"key":"Orichalcum"},{"floor":43,"key":"Frozen Egg 2"},{"floor":48,"key":"Shuriken"},{"floor":54,"key":"Oddly Smooth Stone"}],"event_choices":[{"damage_healed":0,"gold_gain":0,"player_choice":"Leave","damage_taken":0,"max_hp_gain":0,"max_hp_loss":0,"event_name":"The Cleric","floor":2,"gold_loss":0},{"damage_healed":0,"gold_gain":73,"player_choice":"Gained Gold","damage_taken":0,"max_hp_gain":0,"max_hp_loss":0,"event_name":"Golden Wing","floor":5,"gold_loss":0},{"damage_healed":0,"gold_gain":0,"player_choice":"Searched \u00271\u0027 times","damage_taken":0,"max_hp_gain":0,"max_hp_loss":0,"event_name":"Dead Adventurer","floor":11,"gold_loss":0},{"damage_healed":18,"gold_gain":0,"player_choice":"Healed and dodged fight","damage_taken":0,"max_hp_gain":0,"max_hp_loss":0,"event_name":"Mushrooms","floor":12,"gold_loss":0,"cards_obtained":["Parasite"]},{"damage_healed":0,"gold_gain":0,"player_choice":"Obtained Book","damage_taken":16,"max_hp_gain":0,"max_hp_loss":0,"event_name":"Cursed Tome","floor":20,"gold_loss":0},{"damage_healed":0,"gold_gain":0,"player_choice":"Obtained Relic","damage_taken":0,"relics_obtained":["Matryoshka"],"max_hp_gain":0,"max_hp_loss":0,"event_name":"Addict","floor":29,"gold_loss":85},{"damage_healed":0,"gold_gain":0,"player_choice":"Fight","damage_taken":0,"max_hp_gain":0,"max_hp_loss":0,"event_name":"Mysterious Sphere","floor":38,"gold_loss":0},{"cards_removed":["Scrape"],"damage_healed":0,"gold_gain":0,"player_choice":"Removed Attack","damage_taken":0,"max_hp_gain":0,"max_hp_loss":0,"event_name":"Falling","floor":44,"gold_loss":0},{"damage_healed":0,"gold_gain":0,"player_choice":"Ignored","damage_taken":0,"max_hp_gain":0,"max_hp_loss":0,"event_name":"Tomb of Lord Red Mask","floor":45,"gold_loss":0}],"is_beta":true,"boss_relics":[{"not_picked":["Coffee Dripper","Calling Bell"],"picked":"Pandora\u0027s Box"},{"not_picked":["Velvet Choker","Eternal Feather"],"picked":"Sozu"}],"items_purged_floors":[19,53],"is_endless":false,"potions_floor_spawned":[1,4,8,13,16,18,25,30,31,33,37,38,39,46,47],"ascension_level":1}