{"gold_per_floor":[119,132,147,167,127,157,157,174,174,150,150,166,191,203,203,299,349,361,380,380,479,490,490,520,435,461,461,478,478,478,478,478,478],"floor_reached":33,"playtime":3056,"items_purged":[],"score":291,"play_id":"44217f25-bfd0-48b1-aee5-81a230d680b4","local_time":"20181223013123","is_ascension_mode":true,"campfire_choices":[{"floor":7,"key":"REST"},{"floor":15,"key":"REST"},{"floor":23,"key":"REST"},{"floor":27,"key":"REST"},{"floor":32,"key":"REST"}],"neow_cost":"NONE","seed_source_timestamp":95900499573538,"circlet_count":0,"master_deck":["Strike_B","Strike_B","Strike_B","Strike_B","Defend_B","Defend_B","Defend_B","Zap","Dualcast","Seek","Conserve Battery","Double Energy","Sweeping Beam","Go for the Eyes","Double Energy","Ball Lightning","Loop","Loop+1","Auto Shields","Electrodynamics","Loop","Conserve Battery","Conserve Battery","Fusion+1","Doom and Gloom","Self Repair"],"relics":["Cracked Core","Letter Opener","Mummified Hand","Singing Bowl","Tiny House","Bag of Marbles","Oddly Smooth Stone","DataDisk","MutagenicStrength","Vajra"],"potions_floor_usage":[13,16,22,22,28,33],"damage_taken":[{"damage":0,"enemies":"Cultist","floor":1,"turns":4},{"damage":0,"enemies":"Small Slimes","floor":2,"turns":3},{"damage":4,"enemies":"Jaw Worm","floor":3,"turns":2},{"damage":15,"enemies":"2 Fungi Beasts","floor":4,"turns":4},{"damage":32,"enemies":"3 Sentries","floor":6,"turns":7},{"damage":5,"enemies":"3 Louse","floor":8,"turns":2},{"damage":5,"enemies":"Large Slime","floor":12,"turns":5},{"damage":12,"enemies":"Gremlin Nob","floor":13,"turns":3},{"damage":5,"enemies":"Looter","floor":14,"turns":3},{"damage":24,"enemies":"The Guardian","floor":16,"turns":9},{"damage":15,"enemies":"Shell Parasite","floor":18,"turns":5},{"damage":3,"enemies":"Spheric Guardian","floor":19,"turns":3},{"damage":16,"enemies":"Snake Plant","floor":22,"turns":4},{"damage":39,"enemies":"Gremlin Leader","floor":24,"turns":6},{"damage":9,"enemies":"Centurion and Healer","floor":28,"turns":3},{"damage":97,"enemies":"Champ","floor":33,"turns":12}],"seed_played":"-5387357572032724816","potions_obtained":[{"floor":5,"key":"AttackPotion"},{"floor":5,"key":"SkillPotion"},{"floor":5,"key":"Energy Potion"},{"floor":6,"key":"Strength Potion"},{"floor":13,"key":"SkillPotion"},{"floor":16,"key":"Fire Potion"},{"floor":17,"key":"PowerPotion"},{"floor":24,"key":"Weak Potion"}],"is_trial":false,"path_per_floor":["M","M","M","M","?","E","R","M","T","?","?","M","E","M","R","B",null,"M","M","?","?","M","R","E","?","T","R","M","?","T","?","R","B"],"character_chosen":"DEFECT","items_purchased":[],"campfire_rested":5,"item_purchase_floors":[],"current_hp_per_floor":[75,75,71,56,56,24,46,41,41,41,41,36,24,19,41,17,80,65,62,47,47,31,56,17,17,17,42,33,33,33,61,85,0],"gold":478,"neow_bonus":"ONE_RANDOM_RARE_CARD","is_prod":false,"is_daily":false,"chose_seed":false,"campfire_upgraded":0,"win_rate":0,"timestamp":1545539483,"path_taken":["M","M","M","M","?","E","R","?","T","?","?","M","E","?","R","BOSS","M","M","?","?","M","R","E","?","T","R","M","?","?","?","R","BOSS"],"build_version":"2018-12-20","purchased_purges":0,"victory":false,"max_hp_per_floor":[75,75,75,75,75,75,75,75,75,75,75,75,75,75,75,75,80,80,80,85,85,85,85,85,85,85,85,85,85,85,85,85,85],"card_choices":[{"not_picked":["Barrage","Leap"],"picked":"Conserve Battery","floor":1},{"not_picked":["Rip and Tear","Go for the Eyes"],"picked":"Double Energy","floor":2},{"not_picked":["Ball Lightning","Barrage"],"picked":"Sweeping Beam","floor":3},{"not_picked":["Leap","Machine Learning"],"picked":"Go for the Eyes","floor":4},{"not_picked":["Turbo","Auto Shields"],"picked":"Double Energy","floor":6},{"not_picked":["Recycle","Streamline"],"picked":"Ball Lightning","floor":8},{"not_picked":["Cold Snap","Rebound"],"picked":"Loop","floor":12},{"not_picked":["Stack","Consume"],"picked":"Loop","floor":13},{"not_picked":["Rebound","Tempest"],"picked":"Auto Shields","floor":14},{"not_picked":["Fission","Thunder Strike"],"picked":"Electrodynamics","floor":16},{"not_picked":["Blizzard","Rebound"],"picked":"Loop","floor":17},{"not_picked":["Scrape","Chaos"],"picked":"Conserve Battery","floor":18},{"not_picked":["Compile Driver","Undo"],"picked":"Conserve Battery","floor":19},{"not_picked":["Go for the Eyes+1","Recycle+1"],"picked":"Fusion+1","floor":22},{"not_picked":["Genetic Algorithm","Recycle+1"],"picked":"Doom and Gloom","floor":24},{"not_picked":["Hologram","Cold Snap"],"picked":"Self Repair","floor":28}],"player_experience":524396,"relics_obtained":[{"floor":6,"key":"Letter Opener"},{"floor":9,"key":"Mummified Hand"},{"floor":13,"key":"Singing Bowl"},{"floor":24,"key":"Bag of Marbles"},{"floor":26,"key":"DataDisk"},{"floor":30,"key":"Vajra"}],"event_choices":[{"damage_healed":0,"gold_gain":0,"player_choice":"Bought 3 Potions","damage_taken":0,"max_hp_gain":0,"max_hp_loss":0,"event_name":"The Woman in Blue","floor":5,"gold_loss":0},{"damage_healed":0,"gold_gain":0,"player_choice":"Left Gold","damage_taken":0,"max_hp_gain":0,"max_hp_loss":0,"event_name":"World of Goop","floor":10,"gold_loss":24},{"cards_removed":["Defend_B"],"damage_healed":0,"gold_gain":0,"player_choice":"Offered Basic","damage_taken":0,"max_hp_gain":0,"max_hp_loss":0,"event_name":"Bonfire Elementals","floor":11,"gold_loss":0},{"damage_healed":0,"gold_gain":0,"player_choice":"Shed Blood","damage_taken":20,"max_hp_gain":5,"max_hp_loss":0,"event_name":"Forgotten Altar","floor":20,"gold_loss":0},{"damage_healed":0,"gold_gain":99,"player_choice":"Stole From Cult","damage_taken":0,"max_hp_gain":0,"max_hp_loss":0,"event_name":"Nest","floor":21,"gold_loss":0},{"damage_healed":0,"gold_gain":0,"player_choice":"Obtained Relic","damage_taken":0,"relics_obtained":["Oddly Smooth Stone"],"max_hp_gain":0,"max_hp_loss":0,"event_name":"Addict","floor":25,"gold_loss":85},{"damage_healed":0,"gold_gain":0,"player_choice":"Inject Mutagens","damage_taken":0,"relics_obtained":["MutagenicStrength"],"max_hp_gain":0,"max_hp_loss":0,"event_name":"Drug Dealer","floor":29,"gold_loss":0},{"damage_healed":28,"gold_gain":0,"player_choice":"Heal","damage_taken":0,"max_hp_gain":0,"max_hp_loss":0,"event_name":"The Library","floor":31,"gold_loss":0}],"is_beta":false,"boss_relics":[{"not_picked":["White Beast Statue","Black Star"],"picked":"Tiny House"}],"items_purged_floors":[],"is_endless":false,"potions_floor_spawned":[6,8,12,13,16,18,19,24],"killed_by":"Champ","ascension_level":1}