{"gold_per_floor":[366,366,98,98,50,50,85,85,85,114,114,130,158,186,198,314,326,351,363,450,482,508,549,576,615,627,639,666,691,734,182,182,277,277,292,292,7,17,32,32,32,32,112,132,145,176,193,207,207,207,207,207,20,54,54],"floor_reached":55,"playtime":3982,"items_purged":["Strike_B"],"score":970,"play_id":"aecab669-bf96-4419-b165-00631a9d36dd","local_time":"20190510065413","is_ascension_mode":true,"campfire_choices":[{"data":"Hello World","floor":6,"key":"SMITH"},{"data":"Zap","floor":8,"key":"SMITH"},{"data":"Coolheaded","floor":11,"key":"SMITH"},{"data":"Fission","floor":15,"key":"SMITH"},{"floor":27,"key":"RECALL"},{"floor":32,"key":"REST"},{"floor":40,"key":"REST"},{"floor":42,"key":"REST"},{"floor":49,"key":"REST"},{"floor":52,"key":"REST"}],"neow_cost":"TEN_PERCENT_HP_LOSS","seed_source_timestamp":553994887983361,"circlet_count":0,"master_deck":["Defend_B+1","Defend_B+1","Defend_B+1","Defend_B+1","Zap+1","Dualcast+1","Cold Snap+1","Coolheaded+1","Hello World+1","Gash+1","Double Energy+1","Coolheaded+1","Fission+1","Gash+1","Loop+1","All For One+1","Reinforced Body+1","Hello World+1","Ball Lightning+1","Beam Cell+1","Coolheaded+1","Chill+1","FTL+1","Gash+1","Defragment+1","Master of Strategy+1","Biased Cognition+1","Stack+1","Gash+1","Turbo+1","Steam+1","Stack+1","Madness","Force Field","Sweeping Beam+1"],"relics":["Cracked Core","Anchor","Gremlin Horn","Strawberry","Mango","Blood Vial","MawBank","Fusion Hammer","Ginger","Blue Candle","Bird Faced Urn","Vajra","Matryoshka","Runic Dome","Dead Branch","Mark of the Bloom","Regal Pillow","Mummified Hand","Mercury Hourglass"],"potions_floor_usage":[7,16,25,30,33,54,55,55],"damage_taken":[{"damage":0,"enemies":"Small Slimes","floor":1,"turns":2},{"damage":23,"enemies":"Gremlin Nob","floor":7,"turns":4},{"damage":2,"enemies":"Lagavulin","floor":10,"turns":8},{"damage":0,"enemies":"Jaw Worm","floor":12,"turns":3},{"damage":4,"enemies":"3 Sentries","floor":13,"turns":7},{"damage":0,"enemies":"2 Louse","floor":14,"turns":2},{"damage":9,"enemies":"Slime Boss","floor":16,"turns":10},{"damage":0,"enemies":"Shell Parasite","floor":18,"turns":4},{"damage":0,"enemies":"Chosen","floor":21,"turns":3},{"damage":0,"enemies":"Shelled Parasite and Fungi","floor":22,"turns":4},{"damage":0,"enemies":"Book of Stabbing","floor":23,"turns":4},{"damage":2,"enemies":"Snake Plant","floor":24,"turns":5},{"damage":0,"enemies":"Gremlin Leader","floor":25,"turns":3},{"damage":0,"enemies":"Sentry and Sphere","floor":28,"turns":4},{"damage":0,"enemies":"Chosen and Byrds","floor":29,"turns":3},{"damage":0,"enemies":"Slavers","floor":30,"turns":4},{"damage":17,"enemies":"Champ","floor":33,"turns":7},{"damage":0,"enemies":"3 Shapes","floor":35,"turns":4},{"damage":0,"enemies":"3 Darklings","floor":38,"turns":5},{"damage":3,"enemies":"Transient","floor":39,"turns":5},{"damage":1,"enemies":"Maw","floor":44,"turns":4},{"damage":0,"enemies":"4 Shapes","floor":45,"turns":3},{"damage":0,"enemies":"Giant Head","floor":46,"turns":4},{"damage":0,"enemies":"Spire Growth","floor":47,"turns":3},{"damage":0,"enemies":"3 Darklings","floor":48,"turns":3},{"damage":27,"enemies":"Time Eater","floor":50,"turns":11},{"damage":3,"enemies":"Shield and Spear","floor":54,"turns":9},{"damage":60,"enemies":"The Heart","floor":55,"turns":3}],"seed_played":"4244417971092454426","potions_obtained":[{"floor":1,"key":"Poison Potion"},{"floor":13,"key":"PowerPotion"},{"floor":18,"key":"AttackPotion"},{"floor":21,"key":"GamblersBrew"},{"floor":22,"key":"PowerPotion"},{"floor":28,"key":"GamblersBrew"},{"floor":33,"key":"LiquidBronze"},{"floor":35,"key":"SteroidPotion"}],"is_trial":false,"path_per_floor":["M","?","$","?","$","R","E","R","T","E","R","M","E","M","R","B",null,"M","?","?","M","M","E","M","E","T","R","M","M","E","$","R","B",null,"M","?","$","M","M","R","?","R","T","M","M","E","M","M","R","B",null,"R","$","E","B"],"character_chosen":"DEFECT","items_purchased":["Coolheaded","Hello World","Anchor","Gash","Defragment","Matryoshka","Master of Strategy","Dead Branch","Swift Potion","Madness","Force Field"],"campfire_rested":5,"item_purchase_floors":[3,3,3,5,31,31,31,37,53,53,53],"current_hp_per_floor":[68,61,61,54,54,54,38,38,52,50,50,52,50,52,52,45,89,89,89,81,83,85,87,87,89,89,89,89,89,89,89,89,72,89,89,89,89,89,89,89,89,89,89,88,88,88,88,88,88,61,61,61,61,58,0],"gold":54,"neow_bonus":"TWO_FIFTY_GOLD","is_prod":false,"is_daily":false,"chose_seed":false,"campfire_upgraded":4,"win_rate":0,"timestamp":1557485653,"path_taken":["M","?","$","?","$","R","E","R","T","E","R","M","E","M","R","BOSS","M","?","?","M","M","E","M","E","T","R","M","?","E","$","R","BOSS","M","?","$","M","M","R","?","R","T","M","M","E","M","M","R","BOSS","R","$","E","BOSS"],"build_version":"2019-05-07","purchased_purges":1,"victory":false,"max_hp_per_floor":[68,68,68,68,68,68,75,75,89,89,89,89,89,89,89,89,89,89,89,89,89,89,89,89,89,89,89,89,89,89,89,89,89,89,89,89,89,89,89,89,89,89,89,89,89,89,89,89,89,89,89,89,89,89,89],"card_choices":[{"not_picked":["Recycle","Lockon"],"picked":"Cold Snap","floor":1},{"not_picked":["Creative AI","Compile Driver"],"picked":"Double Energy","floor":7},{"not_picked":["Turbo","Beam Cell"],"picked":"Coolheaded","floor":10},{"not_picked":["Steam","Redo"],"picked":"Fission","floor":12},{"not_picked":["Aggregate","Melter"],"picked":"Gash","floor":13},{"not_picked":["Steam","Blizzard"],"picked":"Loop","floor":14},{"not_picked":["Reboot","Core Surge"],"picked":"All For One","floor":16},{"not_picked":["White Noise","Steam"],"picked":"Reinforced Body+1","floor":18},{"not_picked":["Cold Snap","Barrage"],"picked":"Beam Cell","floor":21},{"not_picked":["Hello World","Aggregate"],"picked":"Coolheaded+1","floor":22},{"not_picked":["Rainbow","Genetic Algorithm"],"picked":"Chill","floor":23},{"not_picked":["Rip and Tear","Sweeping Beam","Ball Lightning+1"],"picked":"SKIP","floor":24},{"not_picked":["Barrage","Redo","Ball Lightning"],"picked":"SKIP","floor":25},{"not_picked":["Ball Lightning","Fusion","Sunder"],"picked":"SKIP","floor":28},{"not_picked":["Steam","Thunder Strike"],"picked":"FTL","floor":29},{"not_picked":["Cold Snap+1","Aggregate"],"picked":"Gash","floor":30},{"not_picked":["Thunder Strike","Electrodynamics"],"picked":"Biased Cognition","floor":33},{"not_picked":["Leap","Go for the Eyes"],"picked":"Stack","floor":35},{"not_picked":["Stack","Fission"],"picked":"Gash","floor":38},{"not_picked":["Beam Cell+1","Reprogram"],"picked":"Turbo","floor":39},{"not_picked":["Rebound+1","Turbo+1"],"picked":"Steam+1","floor":44},{"not_picked":["Chaos+1","Compile Driver","Leap"],"picked":"SKIP","floor":45},{"not_picked":["Rebound+1","Sweeping Beam+1"],"picked":"Stack+1","floor":46},{"not_picked":["Barrage","Sweeping Beam+1","Rebound"],"picked":"SKIP","floor":47},{"not_picked":["Leap","Coolheaded","Rebound+1"],"picked":"SKIP","floor":48},{"not_picked":["Hyperbeam","Darkness"],"picked":"Sweeping Beam+1","floor":54}],"player_experience":5703352,"relics_obtained":[{"floor":7,"key":"Strawberry"},{"floor":9,"key":"Mango"},{"floor":10,"key":"Blood Vial"},{"floor":13,"key":"MawBank"},{"floor":23,"key":"Ginger"},{"floor":25,"key":"Blue Candle"},{"floor":26,"key":"Bird Faced Urn"},{"floor":30,"key":"Vajra"},{"floor":43,"key":"Regal Pillow"},{"floor":46,"key":"Mummified Hand"},{"floor":54,"key":"Mercury Hourglass"}],"event_choices":[{"cards_removed":["Strike_B"],"damage_healed":0,"gold_gain":0,"player_choice":"Card Removal","damage_taken":7,"max_hp_gain":0,"max_hp_loss":0,"event_name":"Golden Wing","floor":2,"gold_loss":0},{"damage_healed":0,"gold_gain":0,"player_choice":"Success","damage_taken":7,"relics_obtained":["Gremlin Horn"],"max_hp_gain":0,"max_hp_loss":0,"event_name":"Scrap Ooze","floor":4,"gold_loss":0},{"damage_healed":0,"gold_gain":0,"cards_transformed":["Strike_B","Strike_B"],"player_choice":"Became Test Subject","damage_taken":0,"max_hp_gain":0,"max_hp_loss":0,"event_name":"Drug Dealer","floor":19,"gold_loss":0,"cards_obtained":["Hello World","Ball Lightning"]},{"damage_healed":0,"gold_gain":75,"player_choice":"Touch","damage_taken":8,"max_hp_gain":0,"max_hp_loss":0,"event_name":"FaceTrader","floor":20,"gold_loss":0},{"damage_healed":0,"gold_gain":0,"player_choice":"Ignored","damage_taken":0,"max_hp_gain":0,"max_hp_loss":0,"event_name":"Tomb of Lord Red Mask","floor":36,"gold_loss":0},{"damage_healed":0,"gold_gain":0,"player_choice":"Upgrade","damage_taken":0,"relics_obtained":["Mark of the Bloom"],"max_hp_gain":0,"max_hp_loss":0,"event_name":"MindBloom","floor":41,"gold_loss":0,"cards_upgraded":["Defend_B","Defend_B","Defend_B","Defend_B","Dualcast","Cold Snap","Gash","Double Energy","Coolheaded","Gash","Loop","All For One","Hello World","Ball Lightning","Beam Cell","Chill","FTL","Gash","Defragment","Master of Strategy","Biased Cognition","Stack","Gash","Turbo"]}],"is_beta":true,"boss_relics":[{"not_picked":["Black Star","White Beast Statue"],"picked":"Fusion Hammer"},{"not_picked":["Busted Crown","Astrolabe"],"picked":"Runic Dome"}],"items_purged_floors":[31],"is_endless":false,"potions_floor_spawned":[1,13,18,21,22,28,33,35,45,46,47],"killed_by":"The Heart","ascension_level":1}