{"gold_per_floor":[111,126,142,15,34,67,67,84,84,84,13,13,0,0,0,101,101,118,118,133,48,147,147,176,176],"floor_reached":25,"playtime":1447,"items_purged":[],"score":219,"play_id":"74953a82-6224-4f25-8a4b-a0e3c48d9f62","local_time":"20190323212310","is_ascension_mode":false,"campfire_choices":[{"floor":7.0,"key":"REST"},{"floor":12,"key":"REST"},{"data":"Defragment","floor":15,"key":"SMITH"},{"floor":23,"key":"REST"}],"neow_cost":"NONE","seed_source_timestamp":0,"circlet_count":0,"master_deck":["Strike_B","Strike_B","Strike_B","Strike_B","Defend_B","Defend_B","Defend_B","Defend_B","Zap","Dualcast","Heatsinks","Defragment+1","Streamline","Gash","Loop","Auto Shields","Fusion","Hologram","Static Discharge","Machine Learning","Leap","Coolheaded","Beam Cell","Coolheaded","Coolheaded","Leap","Steam"],"special_seed":0,"relics":["Cracked Core","Vajra","Pantograph","Dodecahedron","Orrery","Orichalcum","Matryoshka"],"potions_floor_usage":[16],"damage_taken":[{"damage":6.0,"enemies":"Jaw Worm","floor":1.0,"turns":3.0},{"damage":12.0,"enemies":"Small Slimes","floor":2.0,"turns":4.0},{"damage":5.0,"enemies":"Cultist","floor":3.0,"turns":4.0},{"damage":4.0,"enemies":"Large Slime","floor":5.0,"turns":5.0},{"damage":35.0,"enemies":"Lagavulin","floor":6.0,"turns":6.0},{"damage":7,"enemies":"Blue Slaver","floor":8,"turns":3},{"damage":28,"enemies":"The Guardian","floor":16,"turns":8},{"damage":0,"enemies":"Chosen","floor":18,"turns":6},{"damage":14,"enemies":"3 Byrds","floor":20,"turns":4},{"damage":78,"enemies":"Slavers","floor":24,"turns":12},{"damage":2,"enemies":"Snake Plant","floor":25,"turns":1}],"seed_played":"-8975168381343896413","potions_obtained":[{"floor":2.0,"key":"Energy Potion"},{"floor":3.0,"key":"FearPotion"},{"floor":8,"key":"FearPotion"},{"floor":18,"key":"FairyPotion"}],"is_trial":false,"path_per_floor":["M","M","M","$","M","E","R","M","T","?","$","R","?","$","R","B",null,"M","?","M","?","?","R","E","M"],"character_chosen":"DEFECT","items_purchased":["Gash","Loop","Static Discharge"],"campfire_rested":3,"item_purchase_floors":[4,4,11],"current_hp_per_floor":[69,57,52,52,48,13,35,28,28,28,28,50,50,50,50,47,75,75,61,47,47,47,71,2,0],"gold":176,"neow_bonus":"RANDOM_COMMON_RELIC","is_prod":false,"is_daily":false,"chose_seed":false,"campfire_upgraded":1,"win_rate":0.0,"timestamp":1553390590,"path_taken":["M","M","M","$","M","E","R","M","T","?","$","R","?","?","R","BOSS","M","?","M","?","?","R","E","M"],"build_version":"2019-01-23","purchased_purges":0,"victory":false,"max_hp_per_floor":[75,75,75,75,75,75,75,75,75,75,75,75,75,75,75,75,75,75,80,80,80,80,80,80,80],"card_choices":[{"not_picked":["Streamline","White Noise"],"picked":"Heatsinks","floor":1.0},{"not_picked":["Go for the Eyes","Cold Snap"],"picked":"Defragment","floor":2.0},{"not_picked":["Turbo","Hologram"],"picked":"Streamline","floor":3.0},{"not_picked":["Streamline","Reboot"],"picked":"Auto Shields","floor":5.0},{"not_picked":["Sunder","Leap"],"picked":"Fusion","floor":6.0},{"not_picked":["Sunder","Barrage"],"picked":"Hologram","floor":8},{"not_picked":["Buffer","Amplify"],"picked":"Machine Learning","floor":16},{"not_picked":["Streamline","Consume"],"picked":"Leap","floor":17},{"not_picked":["Streamline","Compile Driver"],"picked":"Coolheaded","floor":17},{"not_picked":["Leap","Conserve Battery"],"picked":"Beam Cell","floor":17},{"not_picked":["Turbo","Cold Snap"],"picked":"Coolheaded","floor":17},{"not_picked":["Beam Cell","Compile Driver"],"picked":"Coolheaded","floor":17},{"not_picked":["Hyperbeam","Undo"],"picked":"Leap","floor":18},{"not_picked":["Barrage","Ball Lightning","Stack"],"picked":"SKIP","floor":20},{"not_picked":["Rebound","Redo"],"picked":"Steam","floor":24}],"player_experience":29563,"relics_obtained":[{"floor":6.0,"key":"Pantograph"},{"floor":9,"key":"Dodecahedron"},{"floor":24,"key":"Matryoshka"}],"event_choices":[{"damage_healed":0,"gold_gain":0,"player_choice":"Ignored","damage_taken":0,"max_hp_gain":0,"max_hp_loss":0,"event_name":"Liars Game","floor":10,"gold_loss":0},{"damage_healed":0,"gold_gain":0,"player_choice":"Left Gold","damage_taken":0,"max_hp_gain":0,"max_hp_loss":0,"event_name":"World of Goop","floor":13,"gold_loss":13},{"damage_healed":0,"gold_gain":0,"player_choice":"Shed Blood","damage_taken":19,"max_hp_gain":5,"max_hp_loss":0,"event_name":"Forgotten Altar","floor":19,"gold_loss":0},{"damage_healed":0,"gold_gain":0,"player_choice":"Obtained Relic","damage_taken":0,"relics_obtained":["Orichalcum"],"max_hp_gain":0,"max_hp_loss":0,"event_name":"Addict","floor":21,"gold_loss":85},{"damage_healed":0,"gold_gain":99,"player_choice":"Stole From Cult","damage_taken":0,"max_hp_gain":0,"max_hp_loss":0,"event_name":"Nest","floor":22,"gold_loss":0}],"is_beta":false,"boss_relics":[{"not_picked":["White Beast Statue","FrozenCore"],"picked":"Orrery"}],"items_purged_floors":[],"is_endless":false,"potions_floor_spawned":[2,3,8,18],"killed_by":"Snake Plant","ascension_level":0}