{"gold_per_floor":[116,130,90,107,126,454,22,22,98,98,126,126,143,143,143,268,268,286,300,300,314,329,372,372,372,372,22,66,66,66,66,66,186,186,204,229,250,310,310,344,369,369,369,412,433,433,433,433,433,433,433,433,13,44,44],"floor_reached":56,"playtime":2893,"items_purged":["Strike_R","Defend_R","Bite"],"score":1253,"play_id":"eaeed494-6a7e-46fa-8d53-af60632da06d","local_time":"20190304150244","is_ascension_mode":false,"campfire_choices":[{"data":"True Grit","floor":8.0,"key":"SMITH"},{"data":"Whirlwind","floor":10.0,"key":"SMITH"},{"data":"Juggernaut","floor":12.0,"key":"SMITH"},{"data":"Clothesline","floor":15.0,"key":"SMITH"},{"data":"Feed","floor":25.0,"key":"SMITH"},{"data":"Metallicize","floor":29.0,"key":"SMITH"},{"data":"Feel No Pain","floor":32.0,"key":"SMITH"},{"data":"Iron Wave","floor":42,"key":"SMITH"},{"floor":46,"key":"RECALL"},{"data":"Body Slam","floor":49,"key":"SMITH"},{"data":"Fiend Fire","floor":52,"key":"SMITH"}],"neow_cost":"NONE","seed_source_timestamp":0,"circlet_count":0,"master_deck":["Juggernaut+1","Pommel Strike+1","Iron Wave+1","Clothesline+1","Feel No Pain+1","True Grit+1","Whirlwind+1","Shockwave+1","Feed+1","Shrug It Off+1","Bite","Bite","Bite","Metallicize+1","True Grit+1","Body Slam+1","Disarm+1","Chrysalis+1","Ghostly Armor+1","Impervious+1","Anger+1","Spot Weakness+1","Flex+1","Juggernaut+1","Fiend Fire+1","Entrench+1","Shrug It Off+1","Jack Of All Trades+1","Metallicize"],"special_seed":0,"relics":["Burning Blood","Old Coin","Torii","Toxic Egg 2","Boot","Golden Idol","Velvet Choker","Anchor","Membership Card","Bag of Preparation","Astrolabe","Calipers","StoneCalendar","Ornamental Fan","Strawberry","OrangePellets","Gambling Chip","Centennial Puzzle","Bag of Marbles"],"potions_floor_usage":[50,55],"damage_taken":[{"damage":10.0,"enemies":"Cultist","floor":1.0,"turns":4.0},{"damage":6.0,"enemies":"2 Louse","floor":2.0,"turns":3.0},{"damage":0.0,"enemies":"Small Slimes","floor":4.0,"turns":3.0},{"damage":0.0,"enemies":"Looter","floor":5.0,"turns":4.0},{"damage":18.0,"enemies":"3 Sentries","floor":6.0,"turns":6.0},{"damage":24.0,"enemies":"Gremlin Nob","floor":11.0,"turns":5.0},{"damage":1.0,"enemies":"Exordium Thugs","floor":13.0,"turns":4.0},{"damage":1.0,"enemies":"The Guardian","floor":16.0,"turns":11.0},{"damage":1.0,"enemies":"3 Byrds","floor":18.0,"turns":6.0},{"damage":9.0,"enemies":"2 Thieves","floor":19.0,"turns":5.0},{"damage":3.0,"enemies":"Cultist and Chosen","floor":21.0,"turns":5.0},{"damage":23.0,"enemies":"Sentry and Sphere","floor":22.0,"turns":5.0},{"damage":27.0,"enemies":"Book of Stabbing","floor":23.0,"turns":7.0},{"damage":2.0,"enemies":"Gremlin Leader","floor":28.0,"turns":7.0},{"damage":25.0,"enemies":"Automaton","floor":33.0,"turns":8.0},{"damage":0.0,"enemies":"3 Darklings","floor":35.0,"turns":2.0},{"damage":0.0,"enemies":"3 Shapes","floor":36.0,"turns":5.0},{"damage":0.0,"enemies":"Transient","floor":37.0,"turns":5.0},{"damage":27.0,"enemies":"2 Orb Walkers","floor":38.0,"turns":6.0},{"damage":35.0,"enemies":"Reptomancer","floor":40.0,"turns":8.0},{"damage":1.0,"enemies":"3 Darklings","floor":41.0,"turns":7.0},{"damage":0,"enemies":"Giant Head","floor":44,"turns":7},{"damage":15,"enemies":"Writhing Mass","floor":45,"turns":7},{"damage":44,"enemies":"Awakened One","floor":50,"turns":10},{"damage":1,"enemies":"Shield and Spear","floor":54,"turns":7},{"damage":45,"enemies":"The Heart","floor":55,"turns":9}],"seed_played":"-6650241662576009587","potions_obtained":[{"floor":1.0,"key":"AttackPotion"},{"floor":3.0,"key":"Fire Potion"},{"floor":3.0,"key":"EntropicBrew"},{"floor":19.0,"key":"AttackPotion"},{"floor":23.0,"key":"AttackPotion"},{"floor":33.0,"key":"Fire Potion"},{"floor":35.0,"key":"Block Potion"},{"floor":41,"key":"Strength Potion"},{"floor":45,"key":"SteroidPotion"}],"is_trial":false,"path_per_floor":["M","M","?","M","M","E","$","R","T","R","E","R","M","?","R","B",null,"M","M","?","M","M","E","?","R","T","$","E","R","?","?","R","B",null,"M","M","M","?","?","E","M","R","T","E","M","R","?","?","R","B",null,"R","$","E","B",null],"character_chosen":"IRONCLAD","items_purchased":["Torii","Whirlwind","Membership Card","Metallicize","True Grit+1","Body Slam","OrangePellets","Gambling Chip","Centennial Puzzle","Metallicize"],"campfire_rested":0,"item_purchase_floors":[7,7,27,27,27,27,53,53,53,53],"current_hp_per_floor":[76,76,76,80,80,68,68,68,68,68,50,50,55,35,35,40,80,83,83,83,86,72,51,51,51,51,51,66,66,66,66,66,49,66,70,74,74,60,60,38,55,55,55,76,73,73,68,68,68,42,81,81,81,85,52],"gold":44,"neow_bonus":"ONE_RANDOM_RARE_CARD","is_prod":false,"is_daily":false,"chose_seed":false,"campfire_upgraded":10,"win_rate":0,"timestamp":1551711764,"path_taken":["M","M","?","?","M","E","$","R","T","R","E","R","M","?","R","BOSS","M","M","?","M","?","E","?","R","T","$","E","R","?","?","R","BOSS","M","M","M","?","?","E","?","R","T","E","M","R","?","?","R","BOSS","R","$","E","BOSS"],"build_version":"2019-02-06","purchased_purges":3,"victory":true,"max_hp_per_floor":[80,80,80,80,80,80,80,80,80,80,80,80,80,80,80,80,80,83,86,86,86,89,89,62,62,62,62,66,66,66,66,66,66,66,70,74,74,74,74,74,74,74,74,81,81,81,81,77,77,81,81,81,81,85,85],"card_choices":[{"not_picked":["Disarm","Thunderclap"],"picked":"Pommel Strike","floor":1.0},{"not_picked":["Cleave","Flame Barrier"],"picked":"Iron Wave","floor":2.0},{"not_picked":["Wild Strike","Twin Strike"],"picked":"Clothesline","floor":4.0},{"not_picked":["Iron Wave","Warcry"],"picked":"Feel No Pain","floor":5.0},{"not_picked":["Havoc","Impervious"],"picked":"True Grit","floor":6.0},{"not_picked":["Warcry+1","Clash"],"picked":"Shockwave+1","floor":11.0},{"not_picked":["Thunderclap","Carnage","Headbutt"],"picked":"SKIP","floor":13.0},{"not_picked":["Dark Embrace","Bludgeon"],"picked":"Feed","floor":16.0},{"not_picked":["Clothesline+1","Sword Boomerang+1","Body Slam"],"picked":"SKIP","floor":18.0},{"not_picked":["Twin Strike","Combust","Sever Soul"],"picked":"SKIP","floor":19.0},{"not_picked":["Heavy Blade+1","Uppercut","Dropkick"],"picked":"SKIP","floor":21.0},{"not_picked":["Flex+1","Twin Strike+1","Clash"],"picked":"SKIP","floor":22.0},{"not_picked":["Brutality","Perfected Strike"],"picked":"Shrug It Off+1","floor":23.0},{"not_picked":["Sword Boomerang+1","Evolve"],"picked":"Disarm+1","floor":28.0},{"not_picked":["Limit Break+1","Dark Embrace"],"picked":"Impervious+1","floor":33.0},{"not_picked":["Combust","Spot Weakness+1","Flex+1"],"picked":"SKIP","floor":35.0},{"not_picked":["Feel No Pain+1","Rupture","Power Through+1"],"picked":"SKIP","floor":36.0},{"not_picked":["Searing Blow","Twin Strike+1","Cleave+1"],"picked":"SKIP","floor":37.0},{"not_picked":["Armaments+1","Thunderclap"],"picked":"Fiend Fire","floor":40.0},{"not_picked":["Metallicize","Clash+1"],"picked":"Entrench+1","floor":41},{"not_picked":["Bloodletting+1","Ghostly Armor+1"],"picked":"Shrug It Off+1","floor":44},{"not_picked":["Dropkick+1","True Grit+1","Clash"],"picked":"SKIP","floor":45},{"not_picked":["Discovery+1","Apotheosis+1"],"picked":"Jack Of All Trades+1","floor":47},{"not_picked":["Perfected Strike","Headbutt+1","Body Slam+1"],"picked":"SKIP","floor":54}],"player_experience":996050,"relics_obtained":[{"floor":6.0,"key":"Old Coin"},{"floor":9.0,"key":"Toxic Egg 2"},{"floor":11.0,"key":"Boot"},{"floor":23.0,"key":"Anchor"},{"floor":28.0,"key":"Bag of Preparation"},{"floor":38.0,"key":"Calipers"},{"floor":40.0,"key":"StoneCalendar"},{"floor":43,"key":"Ornamental Fan"},{"floor":44,"key":"Strawberry"},{"floor":54,"key":"Bag of Marbles"}],"event_choices":[{"damage_healed":0.0,"max_hp_gain":0.0,"max_hp_loss":0.0,"gold_gain":0.0,"event_name":"The Woman in Blue","player_choice":"Bought 3 Potions","floor":3.0,"gold_loss":0.0,"damage_taken":0.0},{"damage_healed":0.0,"max_hp_gain":0.0,"max_hp_loss":0.0,"gold_gain":0.0,"event_name":"Golden Idol","player_choice":"Take Damage","floor":14.0,"gold_loss":0.0,"damage_taken":20.0,"relics_obtained":["Golden Idol"]},{"damage_healed":0.0,"max_hp_gain":0.0,"max_hp_loss":0.0,"gold_gain":0.0,"event_name":"Upgrade Shrine","player_choice":"Upgraded","floor":20.0,"gold_loss":0.0,"damage_taken":0.0,"cards_upgraded":["Pommel Strike"]},{"damage_healed":0.0,"max_hp_gain":0.0,"max_hp_loss":27.0,"gold_gain":0.0,"event_name":"Vampires","player_choice":"Became a vampire","floor":24.0,"gold_loss":0.0,"damage_taken":0.0,"cards_obtained":["Bite","Bite","Bite","Bite","Bite"]},{"damage_healed":0.0,"max_hp_gain":0.0,"max_hp_loss":0.0,"gold_gain":0.0,"cards_transformed":["Bite","Defend_R"],"event_name":"Drug Dealer","player_choice":"Became Test Subject","floor":30.0,"gold_loss":0.0,"damage_taken":0.0,"cards_obtained":["Chrysalis","Ghostly Armor"]},{"damage_healed":0.0,"max_hp_gain":0.0,"max_hp_loss":0.0,"gold_gain":0.0,"event_name":"Match and Keep!","player_choice":"0 cards matched","floor":31.0,"gold_loss":0.0,"damage_taken":0.0,"cards_obtained":[]},{"damage_healed":0.0,"max_hp_gain":0.0,"max_hp_loss":0.0,"gold_gain":0.0,"event_name":"Mysterious Sphere","player_choice":"Fight","floor":38.0,"gold_loss":0.0,"damage_taken":0.0},{"damage_healed":0.0,"max_hp_gain":0.0,"max_hp_loss":0.0,"gold_gain":0.0,"event_name":"Duplicator","player_choice":"Copied","floor":39.0,"gold_loss":0.0,"damage_taken":0.0,"cards_obtained":["Juggernaut"]},{"damage_healed":0,"gold_gain":0,"player_choice":"Memory 2","damage_taken":5,"max_hp_gain":0,"max_hp_loss":0,"event_name":"SensoryStone","floor":47,"gold_loss":0},{"damage_healed":0,"gold_gain":0,"player_choice":"Max HP","damage_taken":0,"max_hp_gain":0,"max_hp_loss":4,"event_name":"Winding Halls","floor":48,"gold_loss":0}],"is_beta":true,"boss_relics":[{"not_picked":["Fusion Hammer","Black Blood"],"picked":"Velvet Choker"},{"not_picked":["Orrery","Runic Cube"],"picked":"Astrolabe"}],"items_purged_floors":[7,27,53],"is_endless":false,"potions_floor_spawned":[1,4,5,19,23,33,35,41,45],"ascension_level":0}