{"gold_per_floor":[115,115,12,12,26,66,66,105,176,176,217,238,238,261,261,381,381,396,18,57,7,31,64,87,108,108,149,149,184,184,184,184,304,304,317,317,333,27,51,94,45,45,45,86,86,86,11,26,26,26,26,26,26,57,57],"floor_reached":55,"playtime":2238,"items_purged":["Strike_R","Armaments+1"],"score":867,"play_id":"a5bf3154-70d4-4337-86e3-06dc426748f2","local_time":"20190424205422","is_ascension_mode":true,"campfire_choices":[{"data":"Iron Wave","floor":7,"key":"SMITH"},{"data":"Heavy Blade","floor":13,"key":"SMITH"},{"data":"Demon Form","floor":15,"key":"SMITH"},{"data":"Pommel Strike","floor":28,"key":"SMITH"},{"data":"Double Tap","floor":30,"key":"SMITH"},{"data":"Metallicize","floor":32,"key":"SMITH"},{"floor":49,"key":"RECALL"},{"data":"Burning Pact","floor":52,"key":"SMITH"}],"neow_cost":"NONE","seed_source_timestamp":332179752175999,"circlet_count":0,"master_deck":["Strike_R+1","Strike_R+1","Strike_R+1","Strike_R+1","Defend_R+1","Defend_R+1","Defend_R+1","Defend_R+1","Bash+1","Pommel Strike+1","Shrug It Off","Iron Wave+1","Demon Form+1","Heavy Blade+1","Burning Pact+1","Clothesline","Double Tap+1","Metallicize+1","Barricade","Heavy Blade+1","Shrug It Off","Dual Wield"],"relics":["Burning Blood","Golden Idol","Centennial Puzzle","Ginger","Ancient Tea Set","Snecko Eye","Thread and Needle","Red Mask","Darkstone Periapt","Pen Nib","Strawberry","Potion Belt","Mark of Pain","Medical Kit","Orichalcum","Paper Frog","Ornamental Fan","Mercury Hourglass"],"potions_floor_usage":[6,27,27,27,27,46,54,55,55,55],"damage_taken":[{"damage":2,"enemies":"2 Louse","floor":1,"turns":2},{"damage":1,"enemies":"Cultist","floor":5,"turns":3},{"damage":16,"enemies":"Lagavulin","floor":6,"turns":5},{"damage":19,"enemies":"3 Sentries","floor":8,"turns":4},{"damage":9,"enemies":"Gremlin Nob","floor":11,"turns":4},{"damage":0,"enemies":"Small Slimes","floor":12,"turns":3},{"damage":0,"enemies":"Exordium Thugs","floor":14,"turns":3},{"damage":38,"enemies":"Hexaghost","floor":16,"turns":6},{"damage":0,"enemies":"Chosen","floor":18,"turns":3},{"damage":10,"enemies":"Masked Bandits","floor":20,"turns":4},{"damage":0,"enemies":"Spheric Guardian","floor":22,"turns":3},{"damage":12,"enemies":"Book of Stabbing","floor":23,"turns":4},{"damage":0,"enemies":"Snecko","floor":24,"turns":3},{"damage":0,"enemies":"Cultist and Chosen","floor":25,"turns":4},{"damage":28,"enemies":"Gremlin Leader","floor":27,"turns":7},{"damage":8,"enemies":"Slavers","floor":29,"turns":4},{"damage":11,"enemies":"Collector","floor":33,"turns":6},{"damage":6,"enemies":"3 Darklings","floor":35,"turns":4},{"damage":0,"enemies":"Orb Walker","floor":37,"turns":3},{"damage":9,"enemies":"Transient","floor":39,"turns":5},{"damage":0,"enemies":"Nemesis","floor":40,"turns":7},{"damage":0,"enemies":"Giant Head","floor":44,"turns":6},{"damage":0,"enemies":"4 Shapes","floor":46,"turns":2},{"damage":0,"enemies":"Sphere and 2 Shapes","floor":48,"turns":5},{"damage":10,"enemies":"Donu and Deca","floor":50,"turns":6},{"damage":33,"enemies":"Shield and Spear","floor":54,"turns":6},{"damage":56,"enemies":"The Heart","floor":55,"turns":6}],"seed_played":"-2597137222654858135","potions_obtained":[{"floor":1,"key":"FearPotion"},{"floor":5,"key":"EssenceOfSteel"},{"floor":11,"key":"Regen Potion"},{"floor":14,"key":"SneckoOil"},{"floor":16,"key":"EntropicBrew"},{"floor":37,"key":"Energy Potion"},{"floor":39,"key":"SmokeBomb"},{"floor":48,"key":"Strength Potion"}],"is_trial":false,"path_per_floor":["M","?","$","?","M","E","R","E","T","?","E","M","R","M","R","B",null,"M","$","?","?","M","E","M","M","T","E","R","E","R","?","R","B",null,"M","?","M","$","M","E","$","?","T","E","?","M","$","M","R","B",null,"R","$","E","B"],"character_chosen":"IRONCLAD","items_purchased":["Cleave","Shrug It Off","Thread and Needle","Medical Kit","Shrug It Off","LiquidBronze"],"campfire_rested":0,"item_purchase_floors":[3,3,19,38,41,47],"current_hp_per_floor":[80,60,60,60,65,55,55,42,42,68,65,71,71,77,77,45,80,80,80,76,76,80,74,80,80,80,77,77,75,75,75,75,70,87,87,87,87,87,84,87,87,77,77,83,83,83,83,83,83,79,83,83,83,56,0],"gold":57,"neow_bonus":"UPGRADE_CARD","is_prod":false,"is_daily":false,"chose_seed":false,"campfire_upgraded":7,"win_rate":1,"timestamp":1556135662,"path_taken":["M","?","$","?","?","E","R","E","T","?","E","M","R","M","R","BOSS","M","$","?","?","M","E","M","?","T","E","R","E","R","?","R","BOSS","M","?","M","$","M","E","$","?","T","E","?","M","?","?","R","BOSS","R","$","E","BOSS"],"build_version":"2019-04-23","purchased_purges":2,"victory":false,"max_hp_per_floor":[80,80,80,80,80,80,80,80,80,80,80,80,80,80,80,80,80,80,80,80,80,80,80,80,80,80,87,87,87,87,87,87,87,87,87,87,87,87,87,87,87,87,87,87,83,83,83,83,83,83,83,83,83,83,83],"card_choices":[{"not_picked":["Ghostly Armor","Reckless Charge"],"picked":"Pommel Strike","floor":1},{"not_picked":["Pommel Strike","Ghostly Armor"],"picked":"Iron Wave","floor":5},{"not_picked":["Clash","Bloodletting"],"picked":"Demon Form","floor":6},{"not_picked":["Power Through","Corruption","Second Wind"],"picked":"SKIP","floor":8},{"not_picked":["Whirlwind","Headbutt"],"picked":"Heavy Blade","floor":11},{"not_picked":["Clothesline","Headbutt","Flex"],"picked":"SKIP","floor":12},{"not_picked":["Searing Blow","Juggernaut"],"picked":"Burning Pact","floor":14},{"not_picked":["Dual Wield","Headbutt"],"picked":"Clothesline","floor":18},{"not_picked":["Perfected Strike","Body Slam","Clothesline"],"picked":"SKIP","floor":22},{"not_picked":["Hemokinesis","Flex","Blood for Blood+1"],"picked":"SKIP","floor":23},{"not_picked":["Flex","Fire Breathing"],"picked":"Armaments+1","floor":24},{"not_picked":["Pommel Strike","Cleave"],"picked":"Double Tap","floor":25},{"not_picked":["Armaments+1","Clash","Seeing Red"],"picked":"SKIP","floor":27},{"not_picked":["Limit Break","Clothesline"],"picked":"Metallicize","floor":29},{"not_picked":["Double Tap","Berserk"],"picked":"Barricade","floor":33},{"not_picked":["True Grit","Flex+1","Sword Boomerang+1"],"picked":"SKIP","floor":35},{"not_picked":["Perfected Strike","Armaments"],"picked":"Heavy Blade+1","floor":37},{"not_picked":["Seeing Red","Armaments","Headbutt+1"],"picked":"SKIP","floor":39},{"not_picked":["Iron Wave","Thunderclap","Sever Soul"],"picked":"SKIP","floor":40},{"not_picked":["Dropkick+1","Carnage","Sever Soul+1"],"picked":"SKIP","floor":44},{"not_picked":["Searing Blow+1","True Grit+1","Body Slam+1"],"picked":"SKIP","floor":48},{"not_picked":["Blood for Blood+1","Flex"],"picked":"Dual Wield","floor":54}],"player_experience":6946,"relics_obtained":[{"floor":6,"key":"Centennial Puzzle"},{"floor":8,"key":"Ginger"},{"floor":11,"key":"Ancient Tea Set"},{"floor":20,"key":"Red Mask"},{"floor":23,"key":"Darkstone Periapt"},{"floor":26,"key":"Pen Nib"},{"floor":27,"key":"Strawberry"},{"floor":29,"key":"Potion Belt"},{"floor":40,"key":"Orichalcum"},{"floor":43,"key":"Paper Frog"},{"floor":44,"key":"Ornamental Fan"},{"floor":54,"key":"Mercury Hourglass"}],"event_choices":[{"damage_healed":0,"gold_gain":0,"player_choice":"Take Damage","damage_taken":20,"relics_obtained":["Golden Idol"],"max_hp_gain":0,"max_hp_loss":0,"event_name":"Golden Idol","floor":2,"gold_loss":0},{"damage_healed":0,"gold_gain":0,"player_choice":"Forge","damage_taken":0,"max_hp_gain":0,"max_hp_loss":0,"event_name":"Accursed Blacksmith","floor":4,"gold_loss":0,"cards_upgraded":["Cleave"]},{"damage_healed":26,"gold_gain":0,"player_choice":"Banana","damage_taken":0,"max_hp_gain":0,"max_hp_loss":0,"event_name":"Big Fish","floor":10,"gold_loss":0},{"damage_healed":0,"gold_gain":0,"player_choice":"Fought Bandits","damage_taken":0,"max_hp_gain":0,"max_hp_loss":0,"event_name":"Masked Bandits","floor":20,"gold_loss":0},{"damage_healed":0,"gold_gain":0,"player_choice":"Bet on Murderer","damage_taken":0,"max_hp_gain":0,"max_hp_loss":0,"event_name":"The Joust","floor":21,"gold_loss":50},{"damage_healed":0,"gold_gain":0,"player_choice":"Simplicity","damage_taken":0,"max_hp_gain":0,"max_hp_loss":0,"event_name":"Back to Basics","floor":31,"gold_loss":0,"cards_upgraded":["Strike_R","Strike_R","Strike_R","Strike_R","Defend_R","Defend_R","Defend_R","Defend_R"]},{"cards_removed":["Cleave"],"damage_healed":0,"gold_gain":0,"player_choice":"Removed Attack","damage_taken":0,"max_hp_gain":0,"max_hp_loss":0,"event_name":"Falling","floor":36,"gold_loss":0},{"damage_healed":0,"gold_gain":0,"player_choice":"Memory 3","damage_taken":10,"max_hp_gain":0,"max_hp_loss":0,"event_name":"SensoryStone","floor":42,"gold_loss":0},{"damage_healed":0,"gold_gain":0,"player_choice":"Max HP","damage_taken":0,"max_hp_gain":0,"max_hp_loss":4,"event_name":"Winding Halls","floor":45,"gold_loss":0}],"is_beta":true,"boss_relics":[{"not_picked":["Runic Dome","Velvet Choker"],"picked":"Snecko Eye"},{"not_picked":["White Beast Statue","Tiny House"],"picked":"Mark of Pain"}],"items_purged_floors":[19,38],"is_endless":false,"potions_floor_spawned":[1,5,11,14,16,20,23,24,37,39,48],"killed_by":"The Heart","ascension_level":1}