{"path_per_floor":["M","?","M","?","M","M","M","M","T","M","R","M","$","M","R","B",null,"M","?","M"],"character_chosen":"DEFECT","items_purchased":["Lantern","Axe Kick"],"gold_per_floor":[114,114,130,95,112,126,142,157,182,193,193,212,21,41,41,143,143,161,161,171,171],"floor_reached":21,"campfire_rested":1,"playtime":1313,"current_hp_per_floor":[71,71,71,82,82,78,78,78,78,75,75,71,71,71,82,46,82,42,42,15,0],"items_purged":[],"gold":171,"score":202,"play_id":"485833b8-0933-4279-968d-3de8071af3f8","local_time":"20180512195539","is_prod":false,"is_daily":false,"chose_seed":false,"is_ascension_mode":false,"campfire_upgraded":1,"timestamp":1526165739,"path_taken":["M","?","M","?","M","M","M","M","T","M","R","?","?","M","R","BOSS","M","?","?","?"],"build_version":"2018-05-12v2","seed_source_timestamp":62442267723377,"purchased_purges":0,"victory":false,"master_deck":["Strike_B","Strike_B","Strike_B","Strike_B","Defend_B","Defend_B","Defend_B","Defend_B","Zap+1","Dualcast","Leap","FTL+1","Beam Cell","Stack","Conserve Battery","Beam Cell","Biased Cognition","Beam Cell","Axe Kick","Auto Shields","Seek","Injury","Normality","Regret","Beam Cell+1","Streamline+1","Tempest+1"],"max_hp_per_floor":[82,82,82,82,82,82,82,82,82,82,82,82,82,82,82,82,82,82,82,82,82],"relics":["Cracked Core","Bag of Preparation","Lantern","Calling Bell","Bag of Marbles","Molten Egg 2","Unceasing Top"],"card_choices":[{"not_picked":["Coolheaded","Go for the Eyes"],"picked":"Leap","floor":1},{"not_picked":["Steam","Storm"],"picked":"FTL","floor":3},{"not_picked":["Axe Kick","Scrape"],"picked":"Beam Cell","floor":5},{"not_picked":["Hello World","Consume"],"picked":"Stack","floor":6},{"not_picked":["Reinforced Body","Sweeping Beam"],"picked":"Conserve Battery","floor":7},{"not_picked":["White Noise","Auto Shields"],"picked":"Beam Cell","floor":8},{"not_picked":["Undo","Go for the Eyes"],"picked":"Biased Cognition","floor":10},{"not_picked":["Barrage","Steam"],"picked":"Beam Cell","floor":12},{"not_picked":["Sweeping Beam","Axe Kick"],"picked":"Auto Shields","floor":14},{"not_picked":["Fission","Reboot"],"picked":"Seek","floor":16},{"not_picked":["Sweeping Beam+1","Skim+1"],"picked":"Beam Cell+1","floor":18},{"not_picked":["Go for the Eyes+1","Cold Snap+1"],"picked":"Tempest+1","floor":20}],"player_experience":8268,"potions_floor_usage":[10,21,21],"damage_taken":[{"damage":11,"enemies":"Jaw Worm","floor":1,"turns":3},{"damage":0,"enemies":"Small Slimes","floor":3,"turns":3},{"damage":0,"enemies":"2 Louse","floor":5,"turns":1},{"damage":4,"enemies":"2 Fungi Beasts","floor":6,"turns":3},{"damage":0,"enemies":"Looter","floor":7,"turns":2},{"damage":0,"enemies":"Red Slaver","floor":8,"turns":3},{"damage":3,"enemies":"Lots of Slimes","floor":10,"turns":4},{"damage":4,"enemies":"Exordium Thugs","floor":12,"turns":3},{"damage":0,"enemies":"Blue Slaver","floor":14,"turns":2},{"damage":36,"enemies":"Slime Boss","floor":16,"turns":10},{"damage":40,"enemies":"Chosen","floor":18,"turns":8},{"damage":27,"enemies":"3 Byrds","floor":20,"turns":5},{"damage":31,"enemies":"Centurion and Healer","floor":21,"turns":9}],"event_choices":[{"event_name":"Living Wall","player_choice":"Grow","floor":2,"damage_taken":0},{"event_name":"The Cleric","player_choice":"Healed","floor":4,"damage_taken":0},{"event_name":"The Library","player_choice":"Read","floor":19,"damage_taken":0}],"boss_relics":[{"not_picked":["Lizard Tail","Black Star"],"picked":"Calling Bell"}],"potions_floor_spawned":[6,7,10,12,20],"seed_played":"4569357831483538679","killed_by":"Centurion and Healer","ascension_level":0,"is_trial":false}