{"path_per_floor":["M","M","?","M","?","R","E","R","T","M","?","T","E","$","R","B",null,"M","?","?","M","M","R","M","M","T","R","E","?","M","M","R"],"character_chosen":"DEFECT","items_purchased":["Secret Technique","Leap","Dodecahedron"],"gold_per_floor":[118,128,303,314,314,314,346,346,424,442,462,462,487,11,11,108,108,120,120,120,140,156,156,169,180,206,206,234,234,247,264,264,264],"floor_reached":33,"campfire_rested":4,"playtime":7097,"item_purchase_floors":[14,14,14],"current_hp_per_floor":[71,69,69,68,68,68,50,50,50,50,21,21,4,4,26,18,75,75,75,75,64,36,58,40,27,34,58,16,16,28,14,38,0],"items_purged":[],"gold":264,"score":319,"play_id":"1b675a97-bea3-4e0f-9cd6-66759b97814f","local_time":"20180607005221","is_prod":false,"is_daily":false,"chose_seed":false,"is_ascension_mode":true,"campfire_upgraded":2,"win_rate":0,"timestamp":1528343541,"campfire_choices":[{"data":"Hello World","floor":6,"key":"SMITH"},{"data":"Machine Learning","floor":8,"key":"SMITH"},{"floor":15,"key":"REST"},{"floor":23,"key":"REST"},{"floor":27,"key":"REST"},{"floor":32,"key":"REST"}],"path_taken":["M","M","?","?","?","R","E","R","T","M","?","?","E","?","R","BOSS","M","?","?","M","M","R","M","M","T","R","E","?","M","M","R","BOSS"],"build_version":"2018-05-31","seed_source_timestamp":176732080030391,"purchased_purges":0,"victory":false,"master_deck":["Strike_B+1","Strike_B+1","Strike_B+1","Strike_B+1","Defend_B+1","Defend_B+1","Defend_B+1","Defend_B+1","Zap","Dualcast","Machine Learning+1","Hello World+1","Beam Cell","Rip and Tear","Stack","Fusion","White Noise","Reboot","Secret Technique","Leap","Creative AI","Skim","Barrage+1","Ball Lightning","Streamline+1","Buffer","Injury","Rip and Tear+1","Skim+1","Leap"],"max_hp_per_floor":[75,75,75,75,75,75,75,75,75,75,75,75,75,75,75,75,75,75,75,75,75,75,75,75,75,82,82,82,82,82,82,82,82],"relics":["Cracked Core","Lantern","Shuriken","Odd Mushroom","Unceasing Top","Juzu Bracelet","Dodecahedron","Cursed Key","Meat on the Bone","Strawberry","Cables"],"card_choices":[{"not_picked":["Tempest","Conserve Battery"],"picked":"Hello World","floor":1},{"not_picked":["Redo","Gash"],"picked":"Beam Cell","floor":2},{"not_picked":["Scrape","Coolheaded"],"picked":"Rip and Tear","floor":4},{"not_picked":["Turbo","Fission"],"picked":"Stack","floor":7},{"not_picked":["Darkness","Hologram"],"picked":"Fusion","floor":10},{"not_picked":["Auto Shields","Force Field"],"picked":"White Noise","floor":11},{"not_picked":["Force Field","Gash"],"picked":"Reboot","floor":13},{"not_picked":["Core Surge","All For One"],"picked":"Creative AI","floor":16},{"not_picked":["Gash","Conserve Battery"],"picked":"Skim","floor":18},{"not_picked":["Steam","Stack"],"picked":"Barrage+1","floor":21},{"not_picked":["Blizzard+1","Steam Power"],"picked":"Ball Lightning","floor":22},{"not_picked":["Rebound","Cold Snap"],"picked":"Streamline+1","floor":24},{"not_picked":["Turbo+1","Fusion"],"picked":"Buffer","floor":25},{"not_picked":["Blizzard","Hologram+1"],"picked":"Rip and Tear+1","floor":28},{"not_picked":["Gash+1","Undo"],"picked":"Skim+1","floor":30},{"not_picked":["Cold Snap","Genetic Algorithm"],"picked":"Leap","floor":31}],"player_experience":292648,"potions_floor_usage":[7,16,18,21,21,21,28,28,31],"damage_taken":[{"damage":4,"enemies":"Jaw Worm","floor":1,"turns":4},{"damage":2,"enemies":"2 Louse","floor":2,"turns":2},{"damage":1,"enemies":"Cultist","floor":4,"turns":3},{"damage":18,"enemies":"Gremlin Nob","floor":7,"turns":4},{"damage":0,"enemies":"Large Slime","floor":10,"turns":3},{"damage":29,"enemies":"The Mushroom Lair","floor":11,"turns":4},{"damage":17,"enemies":"3 Sentries","floor":13,"turns":8},{"damage":8,"enemies":"Hexaghost","floor":16,"turns":10},{"damage":0,"enemies":"Chosen","floor":18,"turns":4},{"damage":11,"enemies":"2 Thieves","floor":21,"turns":3},{"damage":40,"enemies":"3 Cultists","floor":22,"turns":6},{"damage":30,"enemies":"Snake Plant","floor":24,"turns":5},{"damage":25,"enemies":"Sentry and Sphere","floor":25,"turns":4},{"damage":54,"enemies":"Gremlin Leader","floor":28,"turns":7},{"damage":0,"enemies":"Chosen and Byrds","floor":30,"turns":5},{"damage":26,"enemies":"Cultist and Chosen","floor":31,"turns":5},{"damage":52,"enemies":"Collector","floor":33,"turns":8}],"relics_obtained":[{"floor":7,"key":"Lantern"},{"floor":9,"key":"Shuriken"},{"floor":11,"key":"Odd Mushroom"},{"floor":12,"key":"Unceasing Top"},{"floor":13,"key":"Juzu Bracelet"},{"floor":26,"key":"Strawberry"},{"floor":28,"key":"Cables"}],"event_choices":[{"event_name":"Liars Game","player_choice":"agreed","floor":3,"damage_taken":0},{"event_name":"Fountain of Cleansing","player_choice":"Removed Curse","floor":5,"damage_taken":0},{"event_name":"Mushrooms","player_choice":"Fought Mushrooms","floor":11,"damage_taken":0},{"event_name":"Back to Basics","player_choice":"Simplicity","floor":19,"damage_taken":0},{"event_name":"Wheel of Change","player_choice":"Relic","floor":20,"damage_taken":0},{"event_name":"N\u0027loth","player_choice":"Ignored","floor":29,"damage_taken":0}],"boss_relics":[{"not_picked":["Black Star","Eternal Feather"],"picked":"Cursed Key"}],"items_purged_floors":[],"potions_floor_spawned":[1,7,10,11,16,18,21,25,28],"seed_played":"-8504541346937118422","killed_by":"Collector","ascension_level":3,"potions_obtained":[{"floor":1,"key":"Block Potion"},{"floor":7,"key":"FocusPotion"},{"floor":10,"key":"SpeedPotion"},{"floor":11,"key":"Energy Potion"},{"floor":16,"key":"SkillPotion"},{"floor":18,"key":"Dexterity Potion"},{"floor":21,"key":"GamblersBrew"},{"floor":25,"key":"AttackPotion"},{"floor":28,"key":"Explosive Potion"}],"is_trial":false}