{"path_per_floor":["M","$","?","M","T","R","M","R","T","M","M","M","?","M","R","B",null,"M"],"character_chosen":"DEFECT","items_purchased":["Capacitor","Impulse"],"gold_per_floor":[119,4,4,19,19,19,39,39,66,78,97,111,76,92,92,193,193,212,212],"floor_reached":19,"campfire_rested":1,"playtime":840,"current_hp_per_floor":[75,75,75,75,75,75,71,71,71,61,45,20,38,17,39,5,75,38,0],"items_purged":[],"gold":212,"score":161,"play_id":"ff67aebe-ddf6-4d0a-a40d-3ade9b7d62ae","local_time":"20180513034119","is_prod":false,"is_daily":false,"chose_seed":false,"is_ascension_mode":false,"campfire_upgraded":2,"timestamp":1526193679,"path_taken":["M","$","?","?","?","R","M","R","T","M","M","M","?","M","R","BOSS","M","?"],"build_version":"2018-05-12v2","seed_source_timestamp":90856204371608,"purchased_purges":0,"victory":false,"master_deck":["Strike_B","Strike_B","Strike_B","Defend_B","Defend_B","Defend_B","Defend_B","Zap","Dualcast","Chaos+1","Capacitor","Impulse+1","Rip and Tear","Capacitor","Go for the Eyes","Rebound","Tempest","Melter","Fission","Darkness+1"],"max_hp_per_floor":[75,75,75,75,75,75,75,75,75,75,75,75,75,75,75,75,75,75,75],"relics":["Cracked Core","Blood Vial","Pen Nib","Runic Pyramid"],"card_choices":[{"not_picked":["Go for the Eyes","Leap"],"picked":"Chaos","floor":1},{"not_picked":["Axe Kick","Hello World"],"picked":"Rip and Tear","floor":4},{"not_picked":["Turbo","Loop"],"picked":"Capacitor","floor":7},{"not_picked":["Hello World","Steam"],"picked":"Go for the Eyes","floor":10},{"not_picked":["Steam","Stack"],"picked":"Rebound","floor":11},{"not_picked":["Rebound","Capacitor"],"picked":"Tempest","floor":12},{"not_picked":["Go for the Eyes","Auto Shields"],"picked":"Melter","floor":14},{"not_picked":["Multi-Cast","Echo Form"],"picked":"Fission","floor":16},{"not_picked":["Axe Kick+1","Cold Snap+1"],"picked":"Darkness+1","floor":18}],"player_experience":23648,"potions_floor_usage":[16],"damage_taken":[{"damage":0,"enemies":"2 Louse","floor":1,"turns":2},{"damage":0,"enemies":"Cultist","floor":4,"turns":4},{"damage":4,"enemies":"Jaw Worm","floor":7,"turns":2},{"damage":12,"enemies":"Blue Slaver","floor":10,"turns":3},{"damage":18,"enemies":"3 Louse","floor":11,"turns":2},{"damage":27,"enemies":"Large Slime","floor":12,"turns":5},{"damage":23,"enemies":"Exordium Wildlife","floor":14,"turns":3},{"damage":51,"enemies":"Slime Boss","floor":16,"turns":8},{"damage":37,"enemies":"Chosen","floor":18,"turns":5},{"damage":45,"enemies":"Masked Bandits","floor":19,"turns":3}],"event_choices":[{"event_name":"Bonfire Elementals","player_choice":"BASIC","floor":3,"damage_taken":0},{"event_name":"The Cleric","player_choice":"Healed","floor":13,"damage_taken":0},{"event_name":"Masked Bandits","player_choice":"Fought over 212 gold","floor":19,"damage_taken":0}],"boss_relics":[{"not_picked":["Calling Bell","Snecko Eye"],"picked":"Runic Pyramid"}],"potions_floor_spawned":[7,10,14],"seed_played":"-440968064325614036","killed_by":"Masked Bandits","ascension_level":0,"is_trial":false}