{"path_per_floor":["M","?","M","?","M","R","?","E","T","R","E","$","M","M","R","B",null],"character_chosen":"DEFECT","items_purchased":["Ball Lightning","Melter"],"gold_per_floor":[116,116,128,128,142,142,217,252,252,252,283,163,182,200,200,300,300,300],"floor_reached":18,"campfire_rested":3,"playtime":959,"item_purchase_floors":[12,12],"current_hp_per_floor":[68,68,67,52,51,73,62,38,38,60,34,34,21,13,35,19,75,0],"items_purged":[],"gold":300,"score":187,"play_id":"4fa213ad-09fb-4346-9540-1599f6151355","local_time":"20180603172128","is_prod":false,"is_daily":false,"chose_seed":false,"is_ascension_mode":true,"campfire_upgraded":0,"win_rate":0,"timestamp":1528057288,"campfire_choices":[{"floor":6,"key":"REST"},{"floor":10,"key":"REST"},{"floor":15,"key":"REST"}],"path_taken":["M","?","M","?","?","R","?","E","T","R","E","?","M","M","R","BOSS","M"],"build_version":"2018-05-31","seed_source_timestamp":1190040086279688,"purchased_purges":0,"victory":false,"master_deck":["Strike_B","Strike_B","Strike_B+1","Strike_B","Defend_B","Defend_B","Defend_B","Defend_B+1","Zap","Dualcast","Hologram+1","Storm","Hello World","Darkness","Ball Lightning","Ball Lightning","Melter","Echo Form","Capacitor","Thunder Strike"],"max_hp_per_floor":[75,75,75,75,75,75,75,75,75,75,75,75,75,75,75,75,75,75],"relics":["Cracked Core","Art of War","Smiling Mask","Vajra","Inserter"],"card_choices":[{"not_picked":["Go for the Eyes","Beam Cell"],"picked":"Hologram","floor":1},{"not_picked":["Darkness","Conserve Battery"],"picked":"Storm","floor":3},{"not_picked":["Melter","Steam"],"picked":"Hello World","floor":5},{"not_picked":["Lockon","Leap"],"picked":"Darkness","floor":8},{"not_picked":["Sweeping Beam","Cold Snap"],"picked":"Ball Lightning","floor":11},{"not_picked":["Hologram","Conserve Battery"],"picked":"Echo Form","floor":13},{"not_picked":["Go for the Eyes","Stack"],"picked":"Capacitor","floor":14},{"not_picked":["Fission","Buffer"],"picked":"Thunder Strike","floor":16}],"player_experience":269706,"potions_floor_usage":[16,16],"damage_taken":[{"damage":7,"enemies":"Jaw Worm","floor":1,"turns":3},{"damage":1,"enemies":"2 Louse","floor":3,"turns":2},{"damage":1,"enemies":"Cultist","floor":5,"turns":3},{"damage":24,"enemies":"3 Sentries","floor":8,"turns":6},{"damage":26,"enemies":"Gremlin Nob","floor":11,"turns":4},{"damage":13,"enemies":"3 Louse","floor":13,"turns":4},{"damage":8,"enemies":"Blue Slaver","floor":14,"turns":2},{"damage":31,"enemies":"Hexaghost","floor":16,"turns":8},{"damage":76,"enemies":"3 Byrds","floor":18,"turns":5}],"relics_obtained":[{"floor":8,"key":"Art of War"},{"floor":9,"key":"Smiling Mask"},{"floor":11,"key":"Vajra"}],"event_choices":[{"event_name":"Living Wall","player_choice":"Grow","floor":2,"damage_taken":0},{"event_name":"Shining Light","player_choice":"Entered Light","floor":4,"damage_taken":0},{"event_name":"World of Goop","player_choice":"Gather Gold","floor":7,"damage_taken":0}],"boss_relics":[{"not_picked":["Astrolabe","Tiny House"],"picked":"Inserter"}],"items_purged_floors":[],"potions_floor_spawned":[3,8,11,14],"seed_played":"3719602498809213917","killed_by":"3 Byrds","ascension_level":2,"potions_obtained":[{"floor":3,"key":"Regen Potion"},{"floor":8,"key":"Poison Potion"},{"floor":11,"key":"FocusPotion"},{"floor":14,"key":"PowerPotion"}],"is_trial":false}