{"gold_per_floor":[113,131,131,150,161,161,174,174,174,174,193,24,24,24,24,144,144,157,157,177,201,215,215],"floor_reached":23,"playtime":835,"items_purged":[],"score":287,"play_id":"c3b63dac-e438-4f32-9b77-9385c9b9f6ce","local_time":"20190311005905","is_ascension_mode":true,"campfire_choices":[{"data":"Infinite Blades","floor":6,"key":"SMITH"},{"data":"Choke","floor":8,"key":"SMITH"},{"data":"Blade Dance","floor":13,"key":"SMITH"},{"floor":15,"key":"REST"}],"neow_cost":"NONE","seed_source_timestamp":2114345833563692,"circlet_count":0,"master_deck":["AscendersBane","Defend_G+1","Defend_G","Defend_G+1","Defend_G","Defend_G","Strike_G","Strike_G","Strike_G","Strike_G","Strike_G","Survivor","Neutralize","Dagger Spray","Escape Plan","Deflect","Infinite Blades+1","Choke+1","Blade Dance+1","Footwork","Deflect","Masterful Stab","Adrenaline","Blur","Blade Dance+1","Infinite Blades+1","Crippling Poison"],"relics":["Ring of the Snake","NeowsBlessing","Golden Idol","WristBlade"],"potions_floor_usage":[16,21,23,23],"damage_taken":[{"damage":0,"enemies":"Cultist","floor":1,"turns":1},{"damage":0,"enemies":"Small Slimes","floor":2,"turns":1},{"damage":0,"enemies":"2 Louse","floor":4,"turns":1},{"damage":6,"enemies":"Red Slaver","floor":5,"turns":6},{"damage":2,"enemies":"Looter","floor":7,"turns":5},{"damage":5,"enemies":"2 Fungi Beasts","floor":11,"turns":4},{"damage":10,"enemies":"The Guardian","floor":16,"turns":16},{"damage":17,"enemies":"Shell Parasite","floor":18,"turns":5},{"damage":2,"enemies":"3 Byrds","floor":20,"turns":5},{"damage":3,"enemies":"Sentry and Sphere","floor":21,"turns":4},{"damage":8,"enemies":"3 Cultists","floor":22,"turns":5},{"damage":37,"enemies":"Book of Stabbing","floor":23,"turns":5}],"seed_played":"-4118858524788912483","potions_obtained":[{"floor":3,"key":"Swift Potion"},{"floor":3,"key":"Energy Potion"},{"floor":3,"key":"AttackPotion"},{"floor":5,"key":"Explosive Potion"},{"floor":18,"key":"SpeedPotion"},{"floor":21,"key":"SpeedPotion"}],"is_trial":false,"path_per_floor":["M","M","?","M","M","R","M","R","T","?","M","$","R","?","R","B",null,"M","?","M","M","M","E"],"character_chosen":"THE_SILENT","items_purchased":["Footwork","Deflect","Masterful Stab"],"campfire_rested":1,"item_purchase_floors":[12,12,12],"current_hp_per_floor":[63,63,63,63,57,57,55,55,55,41,36,36,36,36,57,47,64,47,47,45,42,34,0],"gold":215,"neow_bonus":"THREE_ENEMY_KILL","is_prod":false,"is_daily":false,"chose_seed":false,"campfire_upgraded":3,"win_rate":0,"timestamp":1552276745,"path_taken":["M","?","?","M","?","R","?","R","T","?","M","$","R","?","R","BOSS","M","?","M","?","M","E"],"build_version":"2019-01-23","purchased_purges":0,"victory":false,"max_hp_per_floor":[70,70,70,70,70,70,70,70,70,70,70,70,70,70,70,70,70,70,70,70,70,70,70],"card_choices":[{"not_picked":["Prepared","Bane"],"picked":"Dagger Spray","floor":1},{"not_picked":["Deflect","Acrobatics"],"picked":"Escape Plan","floor":2},{"not_picked":["Prepared","Accuracy"],"picked":"Deflect","floor":4},{"not_picked":["Quick Slash","Slice"],"picked":"Infinite Blades","floor":5},{"not_picked":["Prepared","Slice"],"picked":"Choke","floor":7},{"not_picked":["Tactician","Poisoned Stab"],"picked":"Blade Dance","floor":11},{"not_picked":["Wraith Form v2","Unload"],"picked":"Adrenaline","floor":16},{"not_picked":["Dagger Spray","Outmaneuver"],"picked":"Blur","floor":18},{"not_picked":["Endless Agony+1","PiercingWail"],"picked":"Blade Dance+1","floor":20},{"not_picked":["Distraction","Blade Dance"],"picked":"Infinite Blades+1","floor":21},{"not_picked":["Bane","Blade Dance"],"picked":"Crippling Poison","floor":22}],"player_experience":906650,"relics_obtained":[],"event_choices":[{"damage_healed":0,"gold_gain":0,"player_choice":"Got Potions","damage_taken":0,"max_hp_gain":0,"max_hp_loss":0,"event_name":"Lab","floor":3,"gold_loss":0},{"damage_healed":0,"gold_gain":0,"player_choice":"Entered Light","damage_taken":14,"max_hp_gain":0,"max_hp_loss":0,"event_name":"Shining Light","floor":10,"gold_loss":0,"cards_upgraded":["Defend_G","Defend_G"]},{"damage_healed":0,"gold_gain":0,"player_choice":"Take Wound","damage_taken":0,"relics_obtained":["Golden Idol"],"max_hp_gain":0,"max_hp_loss":0,"event_name":"Golden Idol","floor":14,"gold_loss":0,"cards_obtained":["Injury"]},{"cards_removed":["Injury"],"damage_healed":0,"gold_gain":0,"player_choice":"Removed Curses","damage_taken":0,"max_hp_gain":0,"max_hp_loss":0,"event_name":"Fountain of Cleansing","floor":19,"gold_loss":0}],"is_beta":false,"boss_relics":[{"not_picked":["Tiny House","Pandora\u0027s Box"],"picked":"WristBlade"}],"items_purged_floors":[],"is_endless":false,"potions_floor_spawned":[4,5,18,21],"killed_by":"Book of Stabbing","ascension_level":11}