{"gold_per_floor":[111,121,121,138,138,138,148,148,172,172,205,280,293,312,312,312],"floor_reached":16,"playtime":737,"items_purged":[],"score":204,"play_id":"b01df136-8193-430a-b43b-54ced7e8eab9","local_time":"20181223171915","is_ascension_mode":true,"campfire_choices":[{"data":"Crippling Poison","floor":6,"key":"SMITH"},{"data":"Neutralize","floor":8,"key":"SMITH"},{"data":"Dash","floor":10,"key":"SMITH"},{"floor":15,"key":"REST"}],"neow_cost":"NONE","seed_source_timestamp":344008423738265,"circlet_count":0,"master_deck":["AscendersBane","Defend_G","Defend_G","Defend_G+1","Defend_G","Defend_G","Strike_G","Strike_G","Strike_G+1","Strike_G","Survivor","Neutralize+1","Crippling Poison+1","Dash+1","Quick Slash","PiercingWail","Cloak And Dagger"],"relics":["Ring of the Snake","Bag of Preparation","Vajra","Orichalcum"],"potions_floor_usage":[11,16,16],"damage_taken":[{"damage":1,"enemies":"Jaw Worm","floor":1,"turns":4},{"damage":0,"enemies":"Small Slimes","floor":2,"turns":4},{"damage":0,"enemies":"2 Louse","floor":4,"turns":2},{"damage":0,"enemies":"Exordium Wildlife","floor":7,"turns":2},{"damage":10,"enemies":"3 Sentries","floor":11,"turns":9},{"damage":0,"enemies":"Looter","floor":13,"turns":3},{"damage":0,"enemies":"Large Slime","floor":14,"turns":5},{"damage":38,"enemies":"Slime Boss","floor":16,"turns":9}],"seed_played":"-4401099686453914334","potions_obtained":[{"floor":2,"key":"PowerPotion"},{"floor":4,"key":"PowerPotion"},{"floor":11,"key":"SkillPotion"}],"is_trial":false,"path_per_floor":["M","M","?","M","?","R","M","R","T","R","E","?","M","M","R","B"],"character_chosen":"THE_SILENT","items_purchased":[],"campfire_rested":1,"item_purchase_floors":[],"current_hp_per_floor":[58,58,58,58,38,38,38,38,38,38,28,17,17,17,36,0],"gold":312,"neow_bonus":"RANDOM_COMMON_RELIC","is_prod":false,"is_daily":false,"chose_seed":false,"campfire_upgraded":3,"win_rate":0,"timestamp":1545603555,"path_taken":["M","M","?","M","?","R","M","R","T","R","E","?","M","M","R","BOSS"],"build_version":"2018-12-20","purchased_purges":0,"victory":false,"max_hp_per_floor":[66,66,66,66,66,66,66,66,66,66,66,66,66,66,66,66],"card_choices":[{"not_picked":["Quick Slash","Riddle With Holes"],"picked":"Crippling Poison","floor":1},{"not_picked":["Quick Slash","Dagger Throw"],"picked":"Dash","floor":2},{"not_picked":["Blade Dance","Underhanded Strike","Bane"],"picked":"SKIP","floor":4},{"not_picked":["Blade Dance","Cloak And Dagger"],"picked":"Quick Slash","floor":7},{"not_picked":["Bane","Underhanded Strike"],"picked":"PiercingWail","floor":11},{"not_picked":["Flying Knee","Bane"],"picked":"Cloak And Dagger","floor":13},{"not_picked":["Flying Knee","Reflex","Bane"],"picked":"SKIP","floor":14}],"player_experience":1077602,"relics_obtained":[{"floor":9,"key":"Vajra"},{"floor":11,"key":"Orichalcum"}],"event_choices":[{"cards_removed":["Strike_G"],"damage_healed":0,"gold_gain":0,"player_choice":"Forget","damage_taken":0,"max_hp_gain":0,"max_hp_loss":0,"event_name":"Living Wall","floor":3,"gold_loss":0},{"damage_healed":0,"gold_gain":0,"player_choice":"Entered Light","damage_taken":20,"max_hp_gain":0,"max_hp_loss":0,"event_name":"Shining Light","floor":5,"gold_loss":0,"cards_upgraded":["Strike_G","Defend_G"]},{"damage_healed":0,"gold_gain":75,"player_choice":"Gather Gold","damage_taken":11,"max_hp_gain":0,"max_hp_loss":0,"event_name":"World of Goop","floor":12,"gold_loss":0}],"is_beta":true,"boss_relics":[],"items_purged_floors":[],"is_endless":false,"potions_floor_spawned":[2,4,11],"killed_by":"Slime Boss","ascension_level":20}