{"gold_per_floor":[117,14,289,55,65,91,121,121,121,152,170,196,196,207,207,279,279,298,273,286,286,299,299,299,299,353,353,367,399,399,430,430,502,502,518,533,46,63,77,77,93,93,93,93,3,3],"floor_reached":46,"playtime":2634,"items_purged":["Strike_B","Regret","Strike_B"],"score":1055,"play_id":"c6364a88-6c64-4e5d-9ded-74f41fbaffe7","local_time":"20190305160935","is_ascension_mode":true,"campfire_choices":[{"data":"Loop","floor":8,"key":"SMITH"},{"data":"Zap","floor":13,"key":"SMITH"},{"data":"Hologram","floor":15,"key":"SMITH"},{"data":"Capacitor","floor":23,"key":"SMITH"},{"data":"Undo","floor":25,"key":"SMITH"},{"data":"Sweeping Beam","floor":27,"key":"SMITH"},{"floor":30,"key":"REST"},{"floor":32,"key":"REST"},{"floor":40,"key":"REST"},{"floor":42,"key":"REST"}],"neow_cost":"PERCENT_DAMAGE","seed_source_timestamp":484314060058920,"circlet_count":0,"master_deck":["AscendersBane","Strike_B","Strike_B","Defend_B","Defend_B","Defend_B","Defend_B","Zap+1","Dualcast","Sweeping Beam+1","Ball Lightning","Capacitor+1","Ball Lightning","Loop+1","Undo+1","Go for the Eyes+1","Cold Snap+1","Hologram+1","FTL+1","Echo Form+1","Conserve Battery+1","Static Discharge+1","Turbo","FTL+1","Ball Lightning+1","Streamline+1","Creative AI+1","Compile Driver+1","Compile Driver+1","Storm+1","Finesse"],"relics":["FrozenCore","FossilizedHelix","Ornamental Fan","Tiny Chest","Frozen Egg 2","Molten Egg 2","Regal Pillow","Dream Catcher","Kunai","Singing Bowl","Sozu","Pear","Blue Candle"],"potions_floor_usage":[6,16,20,29,29,33],"damage_taken":[{"damage":0,"enemies":"2 Louse","floor":1,"turns":2},{"damage":0,"enemies":"Cultist","floor":5,"turns":2},{"damage":0,"enemies":"Gremlin Nob","floor":6,"turns":4},{"damage":10,"enemies":"3 Sentries","floor":10,"turns":6},{"damage":0,"enemies":"Jaw Worm","floor":11,"turns":3},{"damage":0,"enemies":"Lagavulin","floor":12,"turns":6},{"damage":0,"enemies":"Blue Slaver","floor":14,"turns":2},{"damage":17,"enemies":"The Guardian","floor":16,"turns":10},{"damage":0,"enemies":"Shell Parasite","floor":18,"turns":7},{"damage":0,"enemies":"2 Thieves","floor":19,"turns":5},{"damage":9,"enemies":"Chosen and Byrds","floor":20,"turns":4},{"damage":9,"enemies":"Centurion and Healer","floor":22,"turns":9},{"damage":10,"enemies":"Snake Plant","floor":28,"turns":3},{"damage":43,"enemies":"Gremlin Leader","floor":29,"turns":6},{"damage":14,"enemies":"Slavers","floor":31,"turns":6},{"damage":2,"enemies":"Champ","floor":33,"turns":15},{"damage":0,"enemies":"Orb Walker","floor":35,"turns":4},{"damage":20,"enemies":"3 Darklings","floor":36,"turns":6},{"damage":44,"enemies":"Jaw Worm Horde","floor":38,"turns":5},{"damage":1,"enemies":"Writhing Mass","floor":39,"turns":8},{"damage":15,"enemies":"Maw","floor":41,"turns":7},{"damage":106,"enemies":"Reptomancer","floor":46,"turns":5}],"seed_played":"2328319516615054456","potions_obtained":[{"floor":5,"key":"Block Potion"},{"floor":6,"key":"Energy Potion"},{"floor":11,"key":"AttackPotion"},{"floor":14,"key":"Regen Potion"},{"floor":19,"key":"LiquidBronze"},{"floor":20,"key":"Regen Potion"},{"floor":31,"key":"EssenceOfSteel"}],"is_trial":false,"path_per_floor":["M","$","?","$","M","E","T","R","T","E","M","E","R","M","R","B",null,"M","M","M","?","M","R","?","R","T","R","M","E","R","E","R","B",null,"M","M","$","M","M","R","M","R","T","?","$","E"],"character_chosen":"DEFECT","items_purchased":["Ball Lightning","Capacitor","Ball Lightning","Pear","Storm+1","Finesse"],"campfire_rested":4,"item_purchase_floors":[2,4,4,37,37,45],"current_hp_per_floor":[46,46,46,46,46,46,46,46,46,36,36,36,36,36,36,34,62,62,62,53,67,58,58,58,58,58,58,48,20,56,44,73,71,73,73,53,63,21,22,65,52,93,93,93,93,0],"gold":3,"neow_bonus":"ONE_RARE_RELIC","is_prod":false,"is_daily":false,"chose_seed":false,"campfire_upgraded":6,"win_rate":0,"timestamp":1551802175,"path_taken":["M","$","?","$","?","E","?","R","T","E","?","E","R","M","R","BOSS","M","?","M","?","M","R","?","R","T","R","?","E","R","E","R","BOSS","M","?","$","M","M","R","M","R","T","?","$","E"],"build_version":"2019-02-06","purchased_purges":3,"victory":false,"max_hp_per_floor":[71,71,71,71,71,71,71,71,71,71,71,71,71,71,71,71,71,71,71,71,71,71,71,71,71,71,71,71,71,71,73,73,73,73,73,73,83,85,87,89,91,93,93,93,93,93],"card_choices":[{"not_picked":["Conserve Battery","Chaos"],"picked":"Sweeping Beam","floor":1},{"not_picked":["Blizzard","Stack"],"picked":"Loop","floor":5},{"not_picked":["Multi-Cast","Steam"],"picked":"Undo","floor":6},{"not_picked":["Compile Driver","Coolheaded"],"picked":"Go for the Eyes","floor":10},{"not_picked":["Streamline+1","Tempest"],"picked":"Cold Snap+1","floor":11},{"not_picked":["Redo","Compile Driver+1"],"picked":"Hologram","floor":12},{"not_picked":["Rebound+1","Recycle"],"picked":"FTL+1","floor":14},{"not_picked":["All For One+1","Machine Learning+1"],"picked":"Echo Form+1","floor":16},{"not_picked":["Go for the Eyes+1","Rebound+1"],"picked":"Conserve Battery+1","floor":18},{"not_picked":["Cold Snap+1","Compile Driver+1"],"picked":"Static Discharge+1","floor":19},{"not_picked":["Rebound+1","Cold Snap+1"],"picked":"Turbo","floor":20},{"not_picked":["Auto Shields","All For One+1","Coolheaded"],"picked":"SKIP","floor":22},{"not_picked":["Cold Snap+1","Beam Cell+1","Leap"],"picked":"SKIP","floor":28},{"not_picked":["Echo Form+1","Meteor Strike+1"],"picked":"Ball Lightning+1","floor":29},{"not_picked":["Chaos","Rebound+1","Conserve Battery"],"picked":"Singing Bowl","floor":31},{"not_picked":["Hello World+1","Redo"],"picked":"Streamline+1","floor":32},{"not_picked":["Reboot","Amplify"],"picked":"Creative AI+1","floor":33},{"not_picked":["Tempest+1","Melter+1"],"picked":"Compile Driver+1","floor":35},{"not_picked":["Sweeping Beam+1","Gash+1"],"picked":"Compile Driver+1","floor":36},{"not_picked":["Hologram","Barrage+1","BootSequence"],"picked":"Singing Bowl","floor":38},{"not_picked":["Streamline+1","Gash+1","Redo"],"picked":"Singing Bowl","floor":39},{"not_picked":["Hello World+1","Conserve Battery+1","Tempest"],"picked":"Singing Bowl","floor":40},{"not_picked":["Redo","Cold Snap+1","All For One+1"],"picked":"Singing Bowl","floor":41},{"not_picked":["Gash+1","Barrage+1","Coolheaded"],"picked":"Singing Bowl","floor":42}],"player_experience":1026826,"relics_obtained":[{"floor":6,"key":"Ornamental Fan"},{"floor":7,"key":"Tiny Chest"},{"floor":9,"key":"Frozen Egg 2"},{"floor":10,"key":"Molten Egg 2"},{"floor":12,"key":"Regal Pillow"},{"floor":26,"key":"Dream Catcher"},{"floor":29,"key":"Kunai"},{"floor":31,"key":"Singing Bowl"},{"floor":43,"key":"Blue Candle"}],"event_choices":[{"damage_healed":0,"gold_gain":275,"player_choice":"Desecrate","damage_taken":0,"max_hp_gain":0,"max_hp_loss":0,"event_name":"Golden Shrine","floor":3,"gold_loss":0,"cards_obtained":["Regret"]},{"damage_healed":14,"gold_gain":0,"player_choice":"Heal","damage_taken":0,"max_hp_gain":0,"max_hp_loss":0,"event_name":"The Library","floor":21,"gold_loss":0},{"damage_healed":0,"gold_gain":0,"player_choice":"Copied","damage_taken":0,"max_hp_gain":0,"max_hp_loss":0,"event_name":"Duplicator","floor":24,"gold_loss":0,"cards_obtained":["FTL"]},{"damage_healed":0,"gold_gain":0,"player_choice":"Ignored","damage_taken":0,"max_hp_gain":0,"max_hp_loss":0,"event_name":"Mysterious Sphere","floor":44,"gold_loss":0}],"is_beta":true,"boss_relics":[{"not_picked":["Astrolabe","Pandora\u0027s Box"],"picked":"FrozenCore"},{"not_picked":["Lizard Tail","Calling Bell"],"picked":"Sozu"}],"items_purged_floors":[2,4,37],"is_endless":false,"potions_floor_spawned":[5,6,11,14,19,20,28,31,35,36,39],"killed_by":"Reptomancer","ascension_level":19}