{"gold_per_floor":[118,118,118,118,118,118,149,163,163,203,203,203,243,256,256,385,385,399,412,263,213,234,234,234],"floor_reached":24,"playtime":607,"items_purged":["Lockon"],"score":329,"play_id":"4322715f-2713-4bfd-a973-95a022ac74a9","local_time":"20190312220753","is_ascension_mode":true,"campfire_choices":[{"data":"Darkness","floor":6,"key":"SMITH"},{"floor":11,"key":"REST"},{"data":"Darkness","floor":15,"key":"SMITH"},{"floor":23,"key":"REST"}],"neow_cost":"NONE","seed_source_timestamp":2277116296219852,"circlet_count":0,"master_deck":["AscendersBane","Zap","Dualcast","Darkness+1","Darkness+1","Gash","Leap","Melter","Beam Cell","Recycle","Leap","Redo","Gash","Static Discharge+1","Hologram","Buffer+1","Leap+1","Defragment+1"],"relics":["Pandora\u0027s Box","Strawberry","Golden Idol","Frozen Egg 2","Cables","Pantograph","GremlinMask","Question Card","Busted Crown"],"potions_floor_usage":[10,13],"damage_taken":[{"damage":0,"enemies":"Small Slimes","floor":1,"turns":3},{"damage":34,"enemies":"3 Sentries","floor":7,"turns":7},{"damage":3,"enemies":"Jaw Worm","floor":8,"turns":2},{"damage":12,"enemies":"Gremlin Nob","floor":10,"turns":3},{"damage":11,"enemies":"3 Sentries","floor":13,"turns":3},{"damage":0,"enemies":"2 Louse","floor":14,"turns":2},{"damage":33,"enemies":"Hexaghost","floor":16,"turns":5},{"damage":3,"enemies":"Chosen","floor":18,"turns":3},{"damage":11,"enemies":"Spheric Guardian","floor":19,"turns":3},{"damage":52,"enemies":"Cultist and Chosen","floor":22,"turns":6},{"damage":32,"enemies":"Snake Plant","floor":24,"turns":2}],"seed_played":"-1765958559403392926","potions_obtained":[{"floor":7,"key":"Dexterity Potion"},{"floor":10,"key":"Strength Potion"},{"floor":22,"key":"FearPotion"}],"is_trial":false,"path_per_floor":["M","?","?","?","?","R","E","M","T","E","R","?","E","M","R","B",null,"M","M","$","?","M","R","M"],"character_chosen":"DEFECT","items_purchased":["Defragment+1"],"campfire_rested":2,"item_purchase_floors":[20],"current_hp_per_floor":[68,68,68,73,66,66,32,29,29,17,43,43,32,32,32,24,71,68,57,57,57,5,31,0],"gold":234,"neow_bonus":"BOSS_RELIC","is_prod":false,"is_daily":false,"chose_seed":false,"campfire_upgraded":2,"win_rate":0,"timestamp":1552439273,"path_taken":["M","?","?","?","?","R","E","?","T","E","R","?","E","?","R","BOSS","M","M","$","?","M","R","M"],"build_version":"2019-01-23","purchased_purges":1,"victory":false,"max_hp_per_floor":[75,82,82,87,87,87,87,87,87,87,87,87,87,87,87,87,87,87,87,87,87,87,87,87],"card_choices":[{"not_picked":["Rebound","Steam Power"],"picked":"Leap","floor":1},{"not_picked":["Recycle","Ball Lightning","Beam Cell"],"picked":"SKIP","floor":7},{"not_picked":["Streamline","Beam Cell"],"picked":"Redo","floor":8},{"not_picked":["Double Energy","Steam"],"picked":"Gash","floor":10},{"not_picked":["White Noise","Consume"],"picked":"Static Discharge+1","floor":13},{"not_picked":["Force Field","Cold Snap","Hello World+1"],"picked":"Hologram","floor":14},{"not_picked":["Hyperbeam","Electrodynamics+1","Rainbow"],"picked":"Buffer+1","floor":16},{"not_picked":["Double Energy","Barrage"],"picked":"SKIP","floor":18},{"not_picked":["Coolheaded"],"picked":"Leap+1","floor":19},{"not_picked":["Fusion","Rebound"],"picked":"SKIP","floor":22}],"player_experience":914372,"relics_obtained":[{"floor":7,"key":"Frozen Egg 2"},{"floor":9,"key":"Cables"},{"floor":10,"key":"Pantograph"},{"floor":13,"key":"Question Card"}],"event_choices":[{"damage_healed":0,"gold_gain":0,"player_choice":"Success","damage_taken":7,"relics_obtained":["Strawberry"],"max_hp_gain":0,"max_hp_loss":0,"event_name":"Scrap Ooze","floor":2,"gold_loss":0},{"damage_healed":0,"gold_gain":0,"player_choice":"Take Wound","damage_taken":0,"relics_obtained":["Golden Idol"],"max_hp_gain":0,"max_hp_loss":0,"event_name":"Golden Idol","floor":3,"gold_loss":0,"cards_obtained":["Injury"]},{"damage_healed":0,"gold_gain":0,"player_choice":"Donut","damage_taken":0,"max_hp_gain":5,"max_hp_loss":0,"event_name":"Big Fish","floor":4,"gold_loss":0},{"cards_removed":["Injury"],"damage_healed":0,"gold_gain":0,"player_choice":"Card Removal","damage_taken":7,"max_hp_gain":0,"max_hp_loss":0,"event_name":"Golden Wing","floor":5,"gold_loss":0},{"damage_healed":0,"gold_gain":0,"player_choice":"Trade","damage_taken":0,"relics_obtained":["GremlinMask"],"max_hp_gain":0,"max_hp_loss":0,"event_name":"FaceTrader","floor":12,"gold_loss":0},{"damage_healed":0,"gold_gain":0,"player_choice":"Bet on Murderer","damage_taken":0,"max_hp_gain":0,"max_hp_loss":0,"event_name":"The Joust","floor":21,"gold_loss":50}],"is_beta":false,"boss_relics":[{"not_picked":["Inserter","Philosopher\u0027s Stone"],"picked":"Busted Crown"}],"items_purged_floors":[20],"is_endless":false,"potions_floor_spawned":[7,10,22],"killed_by":"Snake Plant","ascension_level":11}