{"gold_per_floor":[117,135,0,0,0,25,25,56,68,93,105,145,168,196,208,318,330,270,270,270,270,270,270,270,270,270,270,270,270],"floor_reached":29,"playtime":854,"items_purged":[],"score":438,"play_id":"668ff5ef-e194-49b9-ac9f-27fcb43415fa","local_time":"20190131202247","is_ascension_mode":true,"campfire_choices":[{"data":"Buffer","floor":7,"key":"SMITH"},{"data":"Storm","floor":11,"key":"SMITH"},{"floor":15,"key":"REST"},{"floor":23,"key":"REST"},{"floor":25,"key":"REST"}],"neow_cost":"NONE","seed_source_timestamp":156791424342974,"circlet_count":0,"master_deck":["Strike_B","Strike_B","Strike_B","Strike_B","Defend_B","Defend_B","Defend_B","Defend_B","Zap","Dualcast","Self Repair+1","Rip and Tear","Fission+1","Buffer+1","Storm+1","Storm","FTL","Go for the Eyes","Gash","Buffer","Conserve Battery","Barrage+1","FTL","Turbo","Stack","Hologram+1"],"relics":["Cracked Core","Ancient Tea Set","Blue Candle","MawBank","Peace Pipe","Shuriken","Ectoplasm","Blood Vial","Anchor","Ice Cream","Darkstone Periapt","Nilry\u0027s Codex"],"potions_floor_usage":[6,27,27,27],"damage_taken":[{"damage":2,"enemies":"Jaw Worm","floor":1,"turns":3},{"damage":9,"enemies":"2 Louse","floor":2,"turns":2},{"damage":32,"enemies":"Gremlin Nob","floor":6,"turns":4},{"damage":24,"enemies":"Lagavulin","floor":8,"turns":7},{"damage":0,"enemies":"Cultist","floor":10,"turns":4},{"damage":25,"enemies":"3 Sentries","floor":12,"turns":5},{"damage":10,"enemies":"2 Fungi Beasts","floor":13,"turns":3},{"damage":0,"enemies":"Exordium Wildlife","floor":14,"turns":2},{"damage":0,"enemies":"Slime Boss","floor":16,"turns":8},{"damage":23,"enemies":"2 Thieves","floor":18,"turns":4},{"damage":0,"enemies":"Spheric Guardian","floor":19,"turns":2},{"damage":49,"enemies":"3 Cultists","floor":20,"turns":6},{"damage":20,"enemies":"Centurion and Healer","floor":22,"turns":6},{"damage":27,"enemies":"Book of Stabbing","floor":24,"turns":5},{"damage":23,"enemies":"Colosseum Slavers","floor":27,"turns":3},{"damage":10,"enemies":"Colosseum Nobs","floor":27,"turns":4},{"damage":28,"enemies":"Gremlin Leader","floor":29,"turns":5}],"seed_played":"-5594305443135552791","potions_obtained":[{"floor":1,"key":"Strength Potion"},{"floor":8,"key":"FearPotion"},{"floor":14,"key":"Strength Potion"},{"floor":16,"key":"EssenceOfSteel"}],"is_trial":false,"path_per_floor":["M","M","$","?","?","E","R","E","T","M","R","E","M","M","R","B",null,"M","M","M","?","M","R","E","R","T","?","?","E"],"character_chosen":"DEFECT","items_purchased":["Fission"],"campfire_rested":3,"item_purchase_floors":[3],"current_hp_per_floor":[66,64,64,64,64,42,42,28,28,38,38,23,23,33,55,65,73,60,70,31,31,21,43,26,48,48,39,23,0],"gold":270,"neow_bonus":"RANDOM_COMMON_RELIC","is_prod":false,"is_daily":false,"chose_seed":false,"campfire_upgraded":2,"win_rate":0,"timestamp":1548976967,"path_taken":["M","M","$","?","?","E","R","E","T","?","R","E","M","M","R","BOSS","M","M","M","?","M","R","E","R","T","?","?","E"],"build_version":"2019-01-23","purchased_purges":0,"victory":false,"max_hp_per_floor":[75,75,75,75,75,75,75,75,75,75,75,75,75,75,75,75,75,75,75,75,75,75,75,75,75,75,75,75,75],"card_choices":[{"not_picked":["Stack","Coolheaded"],"picked":"Self Repair","floor":1},{"not_picked":["Reinforced Body","Redo"],"picked":"Rip and Tear","floor":2},{"not_picked":["Cold Snap","Hologram"],"picked":"Buffer","floor":6},{"not_picked":["Coolheaded","Heatsinks"],"picked":"Storm","floor":8},{"not_picked":["Skim","Steam"],"picked":"Storm","floor":10},{"not_picked":["Go for the Eyes","Cold Snap"],"picked":"FTL","floor":12},{"not_picked":["Rebound","Steam"],"picked":"Go for the Eyes","floor":13},{"not_picked":["Fusion","Genetic Algorithm"],"picked":"Gash","floor":14},{"not_picked":["Reboot","Fission"],"picked":"Buffer","floor":16},{"not_picked":["Force Field","Rebound"],"picked":"Conserve Battery","floor":18},{"not_picked":["White Noise","Glacier"],"picked":"Barrage+1","floor":19},{"not_picked":["Steam","Sweeping Beam"],"picked":"FTL","floor":20},{"not_picked":["Lockon","Steam"],"picked":"Turbo","floor":22},{"not_picked":["Compile Driver","Lockon"],"picked":"Stack","floor":24},{"not_picked":["Barrage","Leap"],"picked":"Hologram+1","floor":27}],"player_experience":702046,"relics_obtained":[{"floor":6,"key":"Blue Candle"},{"floor":8,"key":"MawBank"},{"floor":9,"key":"Peace Pipe"},{"floor":12,"key":"Shuriken"},{"floor":24,"key":"Blood Vial"},{"floor":26,"key":"Anchor"},{"floor":27,"key":"Ice Cream"},{"floor":27,"key":"Darkstone Periapt"},{"floor":28,"key":"Nilry\u0027s Codex"}],"event_choices":[{"damage_healed":0,"gold_gain":0,"player_choice":"Grow","damage_taken":0,"max_hp_gain":0,"max_hp_loss":0,"event_name":"Living Wall","floor":4,"gold_loss":0,"cards_upgraded":["Fission"]},{"damage_healed":0,"gold_gain":0,"player_choice":"Forge","damage_taken":0,"max_hp_gain":0,"max_hp_loss":0,"event_name":"Accursed Blacksmith","floor":5,"gold_loss":0,"cards_upgraded":["Self Repair"]},{"damage_healed":0,"gold_gain":99,"player_choice":"Stole From Cult","damage_taken":0,"max_hp_gain":0,"max_hp_loss":0,"event_name":"Nest","floor":21,"gold_loss":0},{"damage_healed":0,"gold_gain":0,"player_choice":"Fight","damage_taken":0,"max_hp_gain":0,"max_hp_loss":0,"event_name":"Colosseum","floor":27,"gold_loss":0},{"damage_healed":0,"gold_gain":0,"player_choice":"Fought Nobs","damage_taken":0,"max_hp_gain":0,"max_hp_loss":0,"event_name":"Colosseum","floor":27,"gold_loss":0},{"damage_healed":0,"gold_gain":0,"player_choice":"Obtained Book","damage_taken":16,"max_hp_gain":0,"max_hp_loss":0,"event_name":"Cursed Tome","floor":28,"gold_loss":0}],"is_beta":false,"boss_relics":[{"not_picked":["Pandora\u0027s Box","Lizard Tail"],"picked":"Ectoplasm"}],"items_purged_floors":[],"is_endless":false,"potions_floor_spawned":[1,8,14,16,20,24],"killed_by":"Gremlin Leader","ascension_level":8}