{"gold_per_floor":[109,10,10,10,20,20,53,63,86,86,110,65,65,125,125,228,228,238,238,258,57,73,73,104,117,117,128,128,155,186,214,226,343,355,382,412,438,464,476,514,526,556,568,580,604,643,113,133,133,133,133,133,23,49,49],"floor_reached":56,"playtime":3788,"items_purged":["Defend_G","Strike_G"],"score":1224,"play_id":"151a4854-69e2-4e7a-9257-b9ee4536f6b3","local_time":"20190423120751","is_ascension_mode":false,"campfire_choices":[{"data":"Skewer","floor":6,"key":"SMITH"},{"data":"Deadly Poison","floor":10,"key":"SMITH"},{"data":"Neutralize","floor":13,"key":"SMITH"},{"data":"Deadly Poison","floor":15,"key":"SMITH"},{"data":"Footwork","floor":23,"key":"SMITH"},{"floor":32,"key":"REST"},{"data":"After Image","floor":41,"key":"SMITH"},{"floor":44,"key":"REST"},{"floor":49,"key":"RECALL"},{"data":"Well Laid Plans","floor":52,"key":"SMITH"}],"neow_cost":"NONE","seed_source_timestamp":212626273566312,"circlet_count":0,"master_deck":["Defend_G","Defend_G","Defend_G","Defend_G","Strike_G","Strike_G","Strike_G","Survivor","Neutralize+1","Skewer+1","Deflect","Deadly Poison+1","After Image","Acrobatics+1","Dagger Spray","Deadly Poison+1","Bullet Time","Footwork+1","Blade Dance+1","After Image+1","Well Laid Plans+1","PiercingWail","Cloak And Dagger","Dagger Spray+1","Acrobatics","Dodge and Roll","Envenom","Dodge and Roll+1","Footwork+1","Finesse","Backflip","Acrobatics+1","Acrobatics+1","Infinite Blades","Backflip","Caltrops","Blade Dance","Cloak And Dagger","Blur","Adrenaline","Cloak And Dagger+1"],"relics":["Ring of the Serpent","Dream Catcher","Oddly Smooth Stone","Centennial Puzzle","Boot","Philosopher\u0027s Stone","DollysMirror","Potion Belt","Bottled Lightning","MawBank","Ornamental Fan","Pear","The Courier","Thread and Needle","Ninja Scroll"],"potions_floor_usage":[7,14,20,24,29,33,46,55,55,55,55,55],"damage_taken":[{"damage":1,"enemies":"Cultist","floor":1,"turns":4},{"damage":0,"enemies":"Jaw Worm","floor":5,"turns":4},{"damage":18,"enemies":"Lagavulin","floor":7,"turns":6},{"damage":0,"enemies":"Small Slimes","floor":8,"turns":3},{"damage":2,"enemies":"Lagavulin Event","floor":14,"turns":5},{"damage":8,"enemies":"Hexaghost","floor":16,"turns":8},{"damage":2,"enemies":"2 Thieves","floor":18,"turns":3},{"damage":5,"enemies":"Spheric Guardian","floor":20,"turns":5},{"damage":14,"enemies":"Chosen and Byrds","floor":22,"turns":5},{"damage":16,"enemies":"Slavers","floor":24,"turns":6},{"damage":0,"enemies":"Centurion and Healer","floor":25,"turns":7},{"damage":8,"enemies":"Snake Plant","floor":27,"turns":4},{"damage":5,"enemies":"Gremlin Leader","floor":29,"turns":6},{"damage":7,"enemies":"Sentry and Sphere","floor":30,"turns":6},{"damage":12,"enemies":"Snecko","floor":31,"turns":5},{"damage":27,"enemies":"Automaton","floor":33,"turns":11},{"damage":9,"enemies":"3 Shapes","floor":35,"turns":4},{"damage":0,"enemies":"Orb Walker","floor":36,"turns":5},{"damage":0,"enemies":"Transient","floor":37,"turns":5},{"damage":5,"enemies":"Spire Growth","floor":38,"turns":7},{"damage":6,"enemies":"Nemesis","floor":40,"turns":7},{"damage":17,"enemies":"3 Darklings","floor":42,"turns":6},{"damage":4,"enemies":"4 Shapes","floor":45,"turns":6},{"damage":10,"enemies":"Reptomancer","floor":46,"turns":9},{"damage":5,"enemies":"Transient","floor":48,"turns":5},{"damage":9,"enemies":"Donu and Deca","floor":50,"turns":16},{"damage":24,"enemies":"Shield and Spear","floor":54,"turns":14},{"damage":16,"enemies":"The Heart","floor":55,"turns":10}],"seed_played":"-864878936460833281","potions_obtained":[{"floor":1,"key":"PowerPotion"},{"floor":7,"key":"Swift Potion"},{"floor":16,"key":"Regen Potion"},{"floor":18,"key":"SkillPotion"},{"floor":24,"key":"LiquidBronze"},{"floor":29,"key":"Strength Potion"},{"floor":33,"key":"Ancient Potion"},{"floor":36,"key":"LiquidBronze"},{"floor":40,"key":"SpeedPotion"},{"floor":42,"key":"Regen Potion"},{"floor":45,"key":"SteroidPotion"},{"floor":48,"key":"Weak Potion"},{"floor":54,"key":"LiquidBronze"}],"is_trial":false,"path_per_floor":["M","$","?","?","M","R","E","M","T","R","T","$","R","?","R","B",null,"M","?","M","$","M","R","E","M","T","M","?","E","M","M","R","B",null,"M","M","M","M","?","E","R","M","T","R","M","E","$","M","R","B",null,"R","$","E","B",null],"character_chosen":"THE_SILENT","items_purchased":["Deflect","Dagger Spray","DollysMirror","Thread and Needle","Infinite Blades","Backflip","Caltrops","Blade Dance","Cloak And Dagger","Adrenaline"],"campfire_rested":2,"item_purchase_floors":[2,12,21,47,47,47,47,47,47,53],"current_hp_per_floor":[69,69,62,62,62,62,44,44,44,44,44,44,44,42,42,34,70,68,68,63,63,49,49,48,48,48,40,40,35,28,16,37,10,70,61,61,61,56,56,50,50,33,43,67,63,68,68,63,63,54,80,80,80,56,40],"gold":49,"neow_bonus":"RANDOM_COMMON_RELIC","is_prod":false,"is_daily":false,"chose_seed":false,"campfire_upgraded":7,"win_rate":0,"timestamp":1556017671,"path_taken":["M","$","?","?","M","R","E","M","T","R","?","$","R","?","R","BOSS","M","?","M","$","M","R","E","M","T","M","?","E","M","M","R","BOSS","M","M","M","?","?","E","R","M","T","R","M","E","$","M","R","BOSS","R","$","E","BOSS"],"build_version":"2019-04-21","purchased_purges":2,"victory":true,"max_hp_per_floor":[70,70,70,70,70,70,70,70,70,70,70,70,70,70,70,70,70,70,70,70,70,70,70,70,70,70,70,70,70,70,70,70,70,70,70,70,70,70,70,70,70,70,80,80,80,80,80,80,80,80,80,80,80,80,80],"card_choices":[{"not_picked":["Dagger Throw","Reflex"],"picked":"Skewer","floor":1},{"not_picked":["Deflect","Infinite Blades"],"picked":"Deadly Poison","floor":5},{"not_picked":["Blade Dance","Flying Knee"],"picked":"After Image","floor":7},{"not_picked":["Finisher","Underhanded Strike"],"picked":"Acrobatics","floor":8},{"not_picked":["Reflex","Dodge and Roll"],"picked":"Deadly Poison","floor":14},{"not_picked":["Wraith Form v2","Unload"],"picked":"Bullet Time","floor":16},{"not_picked":["Predator","Outmaneuver"],"picked":"Footwork","floor":18},{"not_picked":["Prepared","Quick Slash"],"picked":"Blade Dance+1","floor":20},{"not_picked":["Deflect","Bane"],"picked":"Well Laid Plans","floor":22},{"not_picked":["Dagger Spray","Underhanded Strike"],"picked":"PiercingWail","floor":24},{"not_picked":["Slice","Accuracy+1"],"picked":"Cloak And Dagger","floor":25},{"not_picked":["Poisoned Stab+1","Slice","Heel Hook"],"picked":"SKIP","floor":27},{"not_picked":["Poisoned Stab","Unload","Dodge and Roll"],"picked":"SKIP","floor":29},{"not_picked":["Dash+1","Bouncing Flask"],"picked":"Dagger Spray+1","floor":30},{"not_picked":["Predator","Blade Dance"],"picked":"Acrobatics","floor":31},{"not_picked":["Deflect","Underhanded Strike"],"picked":"Dodge and Roll","floor":32},{"not_picked":["Bullet Time","Storm of Steel"],"picked":"Envenom","floor":33},{"not_picked":["Dash","Acrobatics","Sucker Punch"],"picked":"SKIP","floor":35},{"not_picked":["PiercingWail+1","Deflect+1"],"picked":"Dodge and Roll+1","floor":36},{"not_picked":["Slice","Quick Slash+1"],"picked":"Footwork+1","floor":37},{"not_picked":["PiercingWail","Sucker Punch+1","Slice"],"picked":"SKIP","floor":38},{"not_picked":["Discovery","Jack Of All Trades"],"picked":"Finesse","floor":39},{"not_picked":["Skewer","Heel Hook"],"picked":"Backflip","floor":40},{"not_picked":["Sucker Punch+1","Terror+1"],"picked":"Acrobatics+1","floor":42},{"not_picked":["Masterful Stab+1","Slice"],"picked":"Acrobatics+1","floor":45},{"not_picked":["Poisoned Stab+1","Outmaneuver","Bane+1"],"picked":"SKIP","floor":46},{"not_picked":["Accuracy","Endless Agony"],"picked":"Blur","floor":48},{"not_picked":["Caltrops+1","Distraction+1"],"picked":"Cloak And Dagger+1","floor":54}],"player_experience":1216560,"relics_obtained":[{"floor":7,"key":"Oddly Smooth Stone"},{"floor":9,"key":"Centennial Puzzle"},{"floor":24,"key":"Potion Belt"},{"floor":26,"key":"Bottled Lightning"},{"floor":29,"key":"MawBank"},{"floor":40,"key":"Ornamental Fan"},{"floor":43,"key":"Pear"},{"floor":46,"key":"The Courier"},{"floor":54,"key":"Ninja Scroll"}],"event_choices":[{"cards_removed":["Strike_G"],"damage_healed":0,"gold_gain":0,"player_choice":"Card Removal","damage_taken":7,"max_hp_gain":0,"max_hp_loss":0,"event_name":"Golden Wing","floor":3,"gold_loss":0},{"damage_healed":0,"gold_gain":0,"player_choice":"Ignored","damage_taken":0,"max_hp_gain":0,"max_hp_loss":0,"event_name":"Liars Game","floor":4,"gold_loss":0},{"damage_healed":0,"gold_gain":0,"player_choice":"Searched \u00273\u0027 times","damage_taken":0,"relics_obtained":["Boot"],"max_hp_gain":0,"max_hp_loss":0,"event_name":"Dead Adventurer","floor":14,"gold_loss":0},{"damage_healed":0,"gold_gain":0,"player_choice":"Ignored","damage_taken":0,"max_hp_gain":0,"max_hp_loss":0,"event_name":"Ghosts","floor":19,"gold_loss":0},{"damage_healed":0,"gold_gain":0,"player_choice":"Upgraded","damage_taken":0,"max_hp_gain":0,"max_hp_loss":0,"event_name":"Upgrade Shrine","floor":28,"gold_loss":0,"cards_upgraded":["Acrobatics"]},{"damage_healed":0,"gold_gain":0,"player_choice":"Memory 1","damage_taken":0,"max_hp_gain":0,"max_hp_loss":0,"event_name":"SensoryStone","floor":39,"gold_loss":0}],"is_beta":true,"boss_relics":[{"not_picked":["Fusion Hammer","Ectoplasm"],"picked":"Philosopher\u0027s Stone"},{"not_picked":["Eternal Feather","Pandora\u0027s Box"],"picked":"Ring of the Serpent"}],"items_purged_floors":[2,47],"is_endless":false,"potions_floor_spawned":[1,7,16,18,24,29,33,36,40,42,45,48,54],"ascension_level":0}