{"gold_per_floor":[114,114,125,145,110,135,62,62,86,112,122,137,312,327,327,327],"floor_reached":16,"playtime":821,"items_purged":[],"score":146,"play_id":"c6f8d751-c617-4dd0-808b-b8b451d9dbd6","local_time":"20181223023155","is_ascension_mode":true,"campfire_choices":[{"data":"Havoc","floor":8,"key":"SMITH"},{"floor":15,"key":"REST"}],"neow_cost":"NONE","seed_source_timestamp":108018862407328,"circlet_count":0,"master_deck":["Strike_R","Strike_R","Strike_R","Strike_R","Strike_R","Defend_R","Defend_R","Defend_R","Defend_R","Bash","Headbutt","Sword Boomerang","Pain","Perfected Strike","Clash","Havoc+1","Seeing Red","Intimidate","Corruption","Rage","Doubt","Thunderclap"],"relics":["Burning Blood","WarpedTongs","Red Skull","Lantern","Singing Bowl"],"potions_floor_usage":[6],"damage_taken":[{"damage":10,"enemies":"Small Slimes","floor":1,"turns":3},{"damage":3,"enemies":"Cultist","floor":3,"turns":3},{"damage":8,"enemies":"2 Louse","floor":4,"turns":3},{"damage":19,"enemies":"Gremlin Nob","floor":6,"turns":3},{"damage":27,"enemies":"3 Sentries","floor":10,"turns":6},{"damage":15,"enemies":"Blue Slaver","floor":11,"turns":3},{"damage":0,"enemies":"2 Fungi Beasts","floor":12,"turns":1},{"damage":0,"enemies":"Large Slime","floor":14,"turns":4},{"damage":73,"enemies":"Hexaghost","floor":16,"turns":9}],"seed_played":"-3064990216603873911","potions_obtained":[{"floor":3,"key":"Ancient Potion"},{"floor":4,"key":"Fire Potion"},{"floor":11,"key":"Poison Potion"},{"floor":14,"key":"Strength Potion"}],"is_trial":false,"path_per_floor":["M","?","M","M","?","E","$","R","T","E","M","M","?","M","R","B"],"character_chosen":"IRONCLAD","items_purchased":["Seeing Red"],"campfire_rested":1,"item_purchase_floors":[7],"current_hp_per_floor":[68,68,71,69,80,67,67,67,67,46,37,43,43,49,73,0],"gold":327,"neow_bonus":"THREE_CARDS","is_prod":false,"is_daily":false,"chose_seed":false,"campfire_upgraded":1,"win_rate":0,"timestamp":1545543115,"path_taken":["M","?","M","?","?","E","$","R","T","E","M","M","?","M","R","BOSS"],"build_version":"2018-12-20","purchased_purges":0,"victory":false,"max_hp_per_floor":[80,80,80,80,80,80,80,80,80,80,80,80,80,80,80,80],"card_choices":[{"not_picked":["Warcry","Perfected Strike"],"picked":"Headbutt","floor":0},{"not_picked":["Shrug It Off","Disarm"],"picked":"Sword Boomerang","floor":1},{"not_picked":["Power Through","Wild Strike"],"picked":"Perfected Strike","floor":3},{"not_picked":["Heavy Blade","Bloodletting"],"picked":"Clash","floor":4},{"not_picked":["Juggernaut","Feel No Pain"],"picked":"Havoc","floor":6},{"not_picked":["True Grit","Twin Strike"],"picked":"Intimidate","floor":10},{"not_picked":["Pommel Strike","Twin Strike"],"picked":"Corruption","floor":11},{"not_picked":["Hemokinesis","Searing Blow"],"picked":"Rage","floor":12},{"not_picked":["Sword Boomerang","Metallicize"],"picked":"Thunderclap","floor":14}],"player_experience":530153,"relics_obtained":[{"floor":6,"key":"Red Skull"},{"floor":9,"key":"Lantern"},{"floor":10,"key":"Singing Bowl"}],"event_choices":[{"damage_healed":0,"gold_gain":0,"player_choice":"Rummage","damage_taken":0,"relics_obtained":["WarpedTongs"],"max_hp_gain":0,"max_hp_loss":0,"event_name":"Accursed Blacksmith","floor":2,"gold_loss":0,"cards_obtained":["Pain"]},{"damage_healed":20,"gold_gain":0,"player_choice":"Healed","damage_taken":0,"max_hp_gain":0,"max_hp_loss":0,"event_name":"The Cleric","floor":5,"gold_loss":35},{"damage_healed":0,"gold_gain":175,"player_choice":"AGREE","damage_taken":0,"max_hp_gain":0,"max_hp_loss":0,"event_name":"Liars Game","floor":13,"gold_loss":0,"cards_obtained":["Doubt"]}],"is_beta":false,"boss_relics":[],"items_purged_floors":[],"is_endless":false,"potions_floor_spawned":[3,4,11,14],"killed_by":"Hexaghost","ascension_level":6}