{"gold_per_floor":[114,125,140,215,53,78,78,110,110,110,110,122,297,315,315,419,419,399,413,413,257,257,283,303,303,303,315,315,344,363,396,396,495,495,506,256,236,254,96,96,123,123,193,212,238,269,299,321,333,345,357,369,64,98,98],"floor_reached":55,"playtime":1974,"items_purged":[],"score":1092,"play_id":"2ce1ded5-ffa8-491f-8d0c-4a62f3890244","local_time":"20190211151934","is_ascension_mode":true,"campfire_choices":[{"data":"Power Through","floor":10,"key":"SMITH"},{"data":"Limit Break","floor":15,"key":"SMITH"},{"floor":25,"key":"REST"},{"data":"Reaper","floor":28,"key":"SMITH"},{"floor":32,"key":"REST"},{"floor":40,"key":"RECALL"},{"data":"Spot Weakness","floor":49,"key":"SMITH"},{"floor":52,"key":"REST"}],"neow_cost":"NONE","seed_source_timestamp":506789179639384,"circlet_count":0,"master_deck":["Strike_R","Strike_R","Strike_R","Strike_R","Strike_R","Defend_R","Defend_R","Defend_R","Defend_R","Bash","Armaments+1","Anger","Cleave","Limit Break+1","Thunderclap","Power Through+1","Doubt","Warcry","Reaper+1","Evolve","Shame","Immolate","Blood for Blood+1","Intimidate+1","Berserk","Heavy Blade+1","Sword Boomerang+1","Berserk","Flex","Spot Weakness+1","Armaments+1","Injury","Ghostly Armor+1","Parasite","Heavy Blade+1","Cleave+1","Armaments+1","Heavy Blade+1","Demon Form"],"relics":["Burning Blood","PreservedInsect","Self Forming Clay","Du-Vu Doll","Incense Burner","Runic Pyramid","Red Skull","Dream Catcher","The Courier","Paper Frog","Mummified Hand","Mercury Hourglass","Cursed Key","FossilizedHelix","Lee\u0027s Waffle","Unceasing Top","MawBank","Bag of Marbles","Gremlin Horn","Bottled Tornado"],"potions_floor_usage":[6,16,16,24,31,33,33,41,46,54,55,55],"damage_taken":[{"damage":6,"enemies":"Cultist","floor":1,"turns":4},{"damage":2,"enemies":"2 Louse","floor":2,"turns":3},{"damage":2,"enemies":"Jaw Worm","floor":3,"turns":4},{"damage":13,"enemies":"Gremlin Nob","floor":6,"turns":3},{"damage":12,"enemies":"3 Sentries","floor":8,"turns":6},{"damage":1,"enemies":"2 Fungi Beasts","floor":12,"turns":4},{"damage":11,"enemies":"Exordium Wildlife","floor":14,"turns":6},{"damage":3,"enemies":"The Guardian","floor":16,"turns":13},{"damage":22,"enemies":"2 Thieves","floor":18,"turns":4},{"damage":41,"enemies":"Spheric Guardian","floor":19,"turns":8},{"damage":48,"enemies":"Book of Stabbing","floor":23,"turns":5},{"damage":28,"enemies":"Snake Plant","floor":24,"turns":4},{"damage":8,"enemies":"Cultist and Chosen","floor":27,"turns":6},{"damage":34,"enemies":"Slavers","floor":29,"turns":3},{"damage":37,"enemies":"Centurion and Healer","floor":30,"turns":6},{"damage":32,"enemies":"Gremlin Leader","floor":31,"turns":4},{"damage":59,"enemies":"Collector","floor":33,"turns":7},{"damage":24,"enemies":"Orb Walker","floor":35,"turns":2},{"damage":42,"enemies":"3 Shapes","floor":38,"turns":4},{"damage":14,"enemies":"Nemesis","floor":41,"turns":3},{"damage":0,"enemies":"Spire Growth","floor":44,"turns":4},{"damage":22,"enemies":"Reptomancer","floor":45,"turns":4},{"damage":3,"enemies":"Writhing Mass","floor":46,"turns":5},{"damage":21,"enemies":"Sphere and 2 Shapes","floor":47,"turns":3},{"damage":0,"enemies":"Maw","floor":48,"turns":7},{"damage":91,"enemies":"Awakened One","floor":50,"turns":8},{"damage":64,"enemies":"Shield and Spear","floor":54,"turns":3},{"damage":41,"enemies":"The Heart","floor":55,"turns":5}],"seed_played":"-8078758030287397976","potions_obtained":[{"floor":2,"key":"Dexterity Potion"},{"floor":3,"key":"Fire Potion"},{"floor":12,"key":"EssenceOfSteel"},{"floor":19,"key":"Swift Potion"},{"floor":23,"key":"Regen Potion"},{"floor":24,"key":"Poison Potion"},{"floor":30,"key":"Energy Potion"},{"floor":31,"key":"Energy Potion"},{"floor":33,"key":"FearPotion"},{"floor":37,"key":"Strength Potion"},{"floor":44,"key":"Energy Potion"},{"floor":45,"key":"SteroidPotion"},{"floor":48,"key":"Fire Potion"},{"floor":54,"key":"PowerPotion"}],"is_trial":false,"path_per_floor":["M","M","M","?","$","E","?","E","T","R","$","M","?","M","R","B",null,"M","M","?","$","?","E","M","R","T","M","R","E","M","E","R","B",null,"M","$","?","M","$","R","E","?","T","M","E","M","M","M","R","B",null,"R","$","E","B"],"character_chosen":"IRONCLAD","items_purchased":["Limit Break","Red Skull","FossilizedHelix","Lee\u0027s Waffle","Bag of Marbles","Gremlin Horn"],"campfire_rested":3,"item_purchase_floors":[5,21,36,39,53,53],"current_hp_per_floor":[72,76,80,69,69,62,62,56,56,56,56,61,61,56,56,59,75,67,40,40,40,40,13,12,36,36,52,52,52,41,20,44,12,63,45,45,45,23,87,87,79,79,79,85,69,87,85,87,87,23,71,87,87,29,0],"gold":98,"neow_bonus":"RANDOM_COMMON_RELIC","is_prod":false,"is_daily":false,"chose_seed":false,"campfire_upgraded":4,"win_rate":0,"timestamp":1549909174,"path_taken":["M","M","?","?","?","E","?","E","T","R","$","M","?","M","R","BOSS","M","M","?","?","?","E","M","R","T","?","R","E","M","E","R","BOSS","M","$","?","?","$","R","E","?","T","?","E","M","M","?","R","BOSS","R","$","E","BOSS"],"build_version":"2019-01-23","purchased_purges":0,"victory":false,"max_hp_per_floor":[80,80,80,80,80,80,80,80,80,80,80,80,80,80,80,80,80,80,80,80,80,80,80,80,80,80,80,80,80,80,80,80,80,80,80,80,80,80,87,87,87,87,87,87,87,87,87,87,87,87,87,87,87,87,87],"card_choices":[{"not_picked":["True Grit","Anger"],"picked":"Armaments","floor":1},{"not_picked":["Twin Strike","Headbutt"],"picked":"Anger","floor":2},{"not_picked":["Shrug It Off","Sword Boomerang"],"picked":"Cleave","floor":3},{"not_picked":["Body Slam","Second Wind"],"picked":"Thunderclap","floor":6},{"not_picked":["Clothesline","Searing Blow"],"picked":"Power Through","floor":8},{"not_picked":["Searing Blow","Perfected Strike","Dropkick"],"picked":"SKIP","floor":12},{"not_picked":["Body Slam","Hemokinesis"],"picked":"Warcry","floor":14},{"not_picked":["Juggernaut","Bludgeon"],"picked":"Reaper","floor":16},{"not_picked":["Thunderclap","Dual Wield+1","Hemokinesis"],"picked":"SKIP","floor":18},{"not_picked":["Heavy Blade","Battle Trance"],"picked":"Evolve","floor":19},{"not_picked":["Corruption","Uppercut"],"picked":"Immolate","floor":23},{"not_picked":["Armaments","Burning Pact","Clash"],"picked":"SKIP","floor":24},{"not_picked":["Cleave","Entrench"],"picked":"Blood for Blood+1","floor":25},{"not_picked":["Headbutt","Dropkick+1"],"picked":"Intimidate+1","floor":27},{"not_picked":["Metallicize","Heavy Blade"],"picked":"Berserk","floor":29},{"not_picked":["Pommel Strike","Second Wind+1"],"picked":"Heavy Blade+1","floor":30},{"not_picked":["Headbutt","Twin Strike+1"],"picked":"Sword Boomerang+1","floor":31},{"not_picked":["Brutality","Impervious"],"picked":"Berserk","floor":33},{"not_picked":["Burning Pact","Wild Strike"],"picked":"Flex","floor":35},{"not_picked":["True Grit+1","Shockwave+1"],"picked":"Spot Weakness","floor":38},{"not_picked":["Clash","Searing Blow"],"picked":"Armaments","floor":41},{"not_picked":["Rupture","Thunderclap"],"picked":"Ghostly Armor+1","floor":44},{"not_picked":["Sentinel","Fire Breathing","Perfected Strike+1"],"picked":"SKIP","floor":45},{"not_picked":["Flame Barrier","Carnage"],"picked":"Heavy Blade+1","floor":46},{"not_picked":["Shrug It Off","Pommel Strike"],"picked":"Cleave+1","floor":47},{"not_picked":["Corruption+1","Sever Soul+1"],"picked":"Armaments+1","floor":48},{"not_picked":["Clash+1","Pommel Strike+1"],"picked":"Heavy Blade+1","floor":52},{"not_picked":["Perfected Strike","Spot Weakness"],"picked":"Demon Form","floor":54}],"player_experience":755291,"relics_obtained":[{"floor":6,"key":"Self Forming Clay"},{"floor":8,"key":"Du-Vu Doll"},{"floor":9,"key":"Incense Burner"},{"floor":23,"key":"The Courier"},{"floor":26,"key":"Paper Frog"},{"floor":29,"key":"Mummified Hand"},{"floor":31,"key":"Mercury Hourglass"},{"floor":41,"key":"Unceasing Top"},{"floor":45,"key":"MawBank"},{"floor":54,"key":"Bottled Tornado"}],"event_choices":[{"damage_healed":0,"gold_gain":75,"player_choice":"Gather Gold","damage_taken":11,"max_hp_gain":0,"max_hp_loss":0,"event_name":"World of Goop","floor":4,"gold_loss":0},{"damage_healed":0,"gold_gain":0,"player_choice":"Grow","damage_taken":0,"max_hp_gain":0,"max_hp_loss":0,"event_name":"Living Wall","floor":7,"gold_loss":0,"cards_upgraded":["Armaments"]},{"damage_healed":0,"gold_gain":175,"player_choice":"AGREE","damage_taken":0,"max_hp_gain":0,"max_hp_loss":0,"event_name":"Liars Game","floor":13,"gold_loss":0,"cards_obtained":["Doubt"]},{"damage_healed":0,"gold_gain":0,"player_choice":"Ignored","damage_taken":0,"max_hp_gain":0,"max_hp_loss":0,"event_name":"Ghosts","floor":20,"gold_loss":0},{"damage_healed":0,"gold_gain":0,"player_choice":"Stole Relic","damage_taken":0,"relics_obtained":["Dream Catcher"],"max_hp_gain":0,"max_hp_loss":0,"event_name":"Addict","floor":22,"gold_loss":0,"cards_obtained":["Shame"]},{"damage_healed":0,"gold_gain":0,"player_choice":"Bought 1 Potion","damage_taken":0,"max_hp_gain":0,"max_hp_loss":0,"event_name":"The Woman in Blue","floor":37,"gold_loss":0},{"damage_healed":0,"gold_gain":0,"player_choice":"Upgraded","damage_taken":0,"max_hp_gain":0,"max_hp_loss":0,"event_name":"Upgrade Shrine","floor":42,"gold_loss":0,"cards_upgraded":["Armaments"]}],"is_beta":false,"boss_relics":[{"not_picked":["Eternal Feather","Pandora\u0027s Box"],"picked":"Runic Pyramid"},{"not_picked":["Snecko Eye","Sozu"],"picked":"Cursed Key"}],"items_purged_floors":[],"is_endless":false,"potions_floor_spawned":[2,3,12,19,23,24,30,31,33,38,44,45,48,54],"killed_by":"The Heart","ascension_level":7}