{"gold_per_floor":[109,109,188,201,220,220,295,629,653,481,481,493,510,264,264,338,338,303,303,315,26,26,59,59,59,59,82,108,29,29,44,44,44],"floor_reached":33,"playtime":1657,"items_purged":["Strike_G","Strike_G"],"score":542,"play_id":"6686e398-377c-48dc-8a1e-860ed5751504","local_time":"20190507005338","is_ascension_mode":true,"campfire_choices":[{"data":"Footwork","floor":6,"key":"SMITH"},{"data":"Heel Hook","floor":11,"key":"SMITH"},{"data":"Glass Knife","floor":15,"key":"SMITH"},{"data":"Adrenaline","floor":24,"key":"SMITH"},{"data":"Bouncing Flask","floor":30,"key":"SMITH"},{"floor":32,"key":"REST"}],"neow_cost":"TEN_PERCENT_HP_LOSS","seed_source_timestamp":2198813974859497,"circlet_count":0,"master_deck":["AscendersBane","Defend_G","Defend_G","Defend_G","Defend_G","Defend_G","Strike_G","Survivor","Neutralize+1","Well Laid Plans","Heel Hook+1","Blur","Footwork+1","Well Laid Plans","PiercingWail","Poisoned Stab","Blur","Escape Plan","Dodge and Roll","Poisoned Stab","Poisoned Stab+1","Poisoned Stab","Adrenaline+1","Bouncing Flask+1"],"relics":["Ring of the Snake","Tiny Chest","Gremlin Horn","Old Coin","Snake Skull","Omamori","Orrery","Mango","StoneCalendar","Incense Burner","Bag of Marbles","Strawberry"],"potions_floor_usage":[8,23,33,33],"damage_taken":[{"damage":2,"enemies":"Jaw Worm","floor":1,"turns":5},{"damage":0,"enemies":"Cultist","floor":4,"turns":6},{"damage":0,"enemies":"2 Louse","floor":5,"turns":5},{"damage":19,"enemies":"Gremlin Nob","floor":8,"turns":6},{"damage":0,"enemies":"Large Slime","floor":12,"turns":7},{"damage":0,"enemies":"Blue Slaver","floor":13,"turns":4},{"damage":13,"enemies":"The Guardian","floor":16,"turns":14},{"damage":25,"enemies":"2 Thieves","floor":18,"turns":5},{"damage":1,"enemies":"Shell Parasite","floor":20,"turns":6},{"damage":35,"enemies":"Gremlin Leader","floor":23,"turns":10},{"damage":16,"enemies":"Book of Stabbing","floor":28,"turns":7},{"damage":17,"enemies":"Cultist and Chosen","floor":31,"turns":7},{"damage":54,"enemies":"Collector","floor":33,"turns":6}],"seed_played":"4494461763778857484","potions_obtained":[{"floor":1,"key":"AttackPotion"},{"floor":5,"key":"EssenceOfSteel"},{"floor":20,"key":"GhostInAJar"},{"floor":31,"key":"Dexterity Potion"}],"is_trial":false,"path_per_floor":["M","?","T","M","M","R","T","E","T","$","R","M","M","$","R","B",null,"M","?","M","$","?","E","R","?","T","T","E","$","R","M","R","B"],"character_chosen":"THE_SILENT","items_purchased":["Poisoned Stab","Blur","Omamori","Mango","Bouncing Flask"],"campfire_rested":1,"item_purchase_floors":[10,10,14,21,29],"current_hp_per_floor":[57,57,57,57,57,57,57,38,38,38,38,38,38,38,38,25,51,26,70,69,83,83,48,48,48,48,48,39,39,39,22,49,0],"gold":44,"neow_bonus":"TRANSFORM_TWO_CARDS","is_prod":false,"is_daily":false,"chose_seed":false,"campfire_upgraded":5,"win_rate":0,"timestamp":1557201218,"path_taken":["M","?","?","M","M","R","?","E","T","$","R","M","M","?","R","BOSS","M","?","?","$","?","E","R","?","T","?","E","$","R","M","R","BOSS"],"build_version":"2019-01-23","purchased_purges":2,"victory":false,"max_hp_per_floor":[60,60,60,60,60,60,60,60,60,60,60,60,60,60,60,60,60,60,70,70,84,84,84,84,84,84,84,91,91,91,91,91,91],"card_choices":[{"not_picked":["Flechettes","Acrobatics"],"picked":"Blur","floor":1},{"not_picked":["Endless Agony","Deadly Poison"],"picked":"Footwork","floor":4},{"not_picked":["Poisoned Stab","Bane"],"picked":"Well Laid Plans","floor":5},{"not_picked":["Masterful Stab","Dagger Spray"],"picked":"PiercingWail","floor":8},{"not_picked":["Dagger Throw","Concentrate"],"picked":"Glass Knife","floor":12},{"not_picked":["Eviscerate","Backflip","Terror"],"picked":"SKIP","floor":13},{"not_picked":["Backflip","Finisher"],"picked":"Escape Plan","floor":17},{"not_picked":["Cloak And Dagger","Blade Dance"],"picked":"Dodge and Roll","floor":17},{"not_picked":["Infinite Blades","Bane"],"picked":"Poisoned Stab","floor":17},{"not_picked":["Flying Knee","PiercingWail+1"],"picked":"Poisoned Stab+1","floor":18},{"not_picked":["Outmaneuver","Slice","Eviscerate"],"picked":"SKIP","floor":20},{"not_picked":["Sucker Punch+1","Heel Hook"],"picked":"Adrenaline","floor":23},{"not_picked":["All Out Attack+1","Underhanded Strike","Outmaneuver"],"picked":"SKIP","floor":28},{"not_picked":["Blade Dance","Underhanded Strike","Backstab"],"picked":"SKIP","floor":31}],"player_experience":1306139,"relics_obtained":[{"floor":3,"key":"Tiny Chest"},{"floor":7,"key":"Gremlin Horn"},{"floor":8,"key":"Old Coin"},{"floor":9,"key":"Snake Skull"},{"floor":23,"key":"StoneCalendar"},{"floor":26,"key":"Incense Burner"},{"floor":27,"key":"Bag of Marbles"},{"floor":28,"key":"Strawberry"}],"event_choices":[{"damage_healed":0,"gold_gain":0,"player_choice":"Grow","damage_taken":0,"max_hp_gain":0,"max_hp_loss":0,"event_name":"Living Wall","floor":2,"gold_loss":0,"cards_upgraded":["Neutralize"]},{"cards_removed":["Glass Knife"],"damage_healed":34,"gold_gain":0,"player_choice":"Offered Rare","damage_taken":0,"max_hp_gain":10,"max_hp_loss":0,"event_name":"Bonfire Elementals","floor":19,"gold_loss":0},{"damage_healed":0,"gold_gain":0,"player_choice":"Read","damage_taken":0,"max_hp_gain":0,"max_hp_loss":0,"event_name":"The Library","floor":22,"gold_loss":0,"cards_obtained":["Poisoned Stab"]},{"damage_healed":0,"gold_gain":0,"player_choice":"Ignored","damage_taken":0,"max_hp_gain":0,"max_hp_loss":0,"event_name":"Ghosts","floor":25,"gold_loss":0}],"is_beta":false,"boss_relics":[{"not_picked":["Runic Dome","Empty Cage"],"picked":"Orrery"}],"items_purged_floors":[10,14],"is_endless":false,"potions_floor_spawned":[1,5,20,31],"killed_by":"Collector","ascension_level":15}