{"gold_per_floor":[144,144,17,62,62,62,152,152,177,267,267,312,312,402,402,702,702,747,747,762,475,137,227,227,32,32,32,32,122,22,322,322,622,622,667,392,392,302,347,437,437,482,482,482,167,212,67,451,451,451],"floor_reached":51,"playtime":3340,"items_purged":["Doppelganger","Wraith Form v2","Venomology","Writhe","Decay"],"score":923,"play_id":"851af0ad-6583-4eb2-adb5-ca8575b35bfb","local_time":"20190328124406","daily_mods":["Shiny","Flight","Midas"],"is_ascension_mode":false,"campfire_choices":[{"floor":6,"key":"REST"},{"floor":8,"key":"REST"},{"floor":13,"key":"REST"},{"floor":15,"key":"REST"},{"floor":24,"key":"REST"},{"floor":27,"key":"REST"},{"floor":32,"key":"REST"},{"floor":41,"key":"REST"},{"floor":44,"key":"REST"},{"floor":49,"key":"REST"}],"neow_cost":"","seed_source_timestamp":0,"circlet_count":0,"master_deck":["Corpse Explosion+1","Malaise","Phantasmal Killer","Die Die Die","Adrenaline+1","Envenom","Burst","Tools of the Trade","Night Terror","Unload","After Image","Bullet Time","Storm of Steel","Glass Knife","A Thousand Cuts","Grand Finale+1","Footwork","Deflect","Dodge and Roll+1","Cloak And Dagger","Finisher","Neutralize","Flying Knee","Outmaneuver","Acrobatics+1","Accuracy","Dash+1","Well Laid Plans","Backflip","Underhanded Strike","Storm of Steel","Choke","Cloak And Dagger","Accuracy+1","Infinite Blades","Cloak And Dagger+1"],"special_seed":17983,"relics":["Ring of the Snake","The Specimen","Darkstone Periapt","Strawberry","Kunai","Boot","Cursed Key","Bronze Scales","Membership Card","Anchor","Nunchaku","PreservedInsect","Toolbox","Dodecahedron","Pen Nib","Snake Skull","MealTicket","Tough Bandages","Pantograph","Sozu","Letter Opener","War Paint","Ancient Tea Set","Mercury Hourglass","Vajra","Pear","Gremlin Horn","Old Coin"],"potions_floor_usage":[23,31,31,50],"damage_taken":[{"damage":0,"enemies":"Small Slimes","floor":1,"turns":3},{"damage":3,"enemies":"2 Louse","floor":4,"turns":2},{"damage":27,"enemies":"3 Sentries","floor":7,"turns":3},{"damage":15,"enemies":"Lagavulin","floor":10,"turns":7},{"damage":6,"enemies":"Cultist","floor":12,"turns":4},{"damage":8,"enemies":"Gremlin Nob","floor":14,"turns":4},{"damage":42,"enemies":"The Guardian","floor":16,"turns":8},{"damage":0,"enemies":"3 Byrds","floor":18,"turns":3},{"damage":11,"enemies":"2 Thieves","floor":20,"turns":4},{"damage":28,"enemies":"Book of Stabbing","floor":23,"turns":5},{"damage":4,"enemies":"Gremlin Leader","floor":29,"turns":4},{"damage":0,"enemies":"Colosseum Slavers","floor":31,"turns":4},{"damage":26,"enemies":"Colosseum Nobs","floor":31,"turns":4},{"damage":0,"enemies":"Champ","floor":33,"turns":9},{"damage":19,"enemies":"3 Shapes","floor":35,"turns":2},{"damage":16,"enemies":"3 Darklings","floor":39,"turns":3},{"damage":26,"enemies":"Reptomancer","floor":40,"turns":4},{"damage":5,"enemies":"4 Shapes","floor":42,"turns":3},{"damage":19,"enemies":"Writhing Mass","floor":46,"turns":4},{"damage":40,"enemies":"2 Orb Walkers","floor":48,"turns":5},{"damage":7,"enemies":"Donu and Deca","floor":50,"turns":6}],"seed_played":"8691496002598521880","potions_obtained":[{"floor":1,"key":"Energy Potion"},{"floor":4,"key":"Ancient Potion"},{"floor":7,"key":"Dexterity Potion"},{"floor":14,"key":"Block Potion"},{"floor":29,"key":"Swift Potion"},{"floor":33,"key":"Regen Potion"}],"is_trial":false,"path_per_floor":["M","?","$","M","?","R","E","R","T","E","?","M","R","E","R","B",null,"M","?","M","$","$","E","R","$","T","R","?","E","$","?","R","B",null,"M","$","?","?","M","E","R","M","T","R","$","M","$","?","R","B",null],"character_chosen":"THE_SILENT","items_purchased":["Deflect","Bronze Scales","Accuracy","Membership Card","Anchor","PreservedInsect","Toolbox","Well Laid Plans","MealTicket","Letter Opener","War Paint","Vajra","Pear","Cloak And Dagger","Gremlin Horn","Infinite Blades"],"campfire_rested":10,"item_purchase_floors":[3,21,21,22,22,25,25,25,30,36,36,45,45,45,47,47],"current_hp_per_floor":[70,67,67,64,50,70,43,64,71,56,56,50,73,65,77,35,77,77,70,59,59,59,31,54,54,60,83,89,85,85,59,85,89,89,70,85,85,85,69,43,68,63,69,91,101,82,97,57,87,94],"gold":451,"neow_bonus":"","is_prod":false,"is_daily":true,"chose_seed":false,"campfire_upgraded":0,"win_rate":0.0,"timestamp":1553791446,"path_taken":["M","?","$","M","?","R","E","R","T","E","?","?","R","E","R","BOSS","M","?","?","$","$","E","R","$","T","R","?","E","?","?","R","BOSS","M","$","?","?","M","E","R","?","T","R","$","?","$","?","R","BOSS"],"build_version":"2019-01-23","purchased_purges":5,"victory":true,"max_hp_per_floor":[70,70,70,70,70,70,70,70,77,77,77,77,77,77,77,77,77,77,77,77,77,77,77,77,77,83,83,89,89,89,89,89,89,89,89,89,85,85,85,85,85,85,91,91,101,101,101,101,101,101],"card_choices":[{"not_picked":["Sucker Punch","Setup"],"picked":"Footwork","floor":1},{"not_picked":["PiercingWail","Backstab"],"picked":"Dodge and Roll","floor":4},{"not_picked":["Underhanded Strike","Burst"],"picked":"Cloak And Dagger","floor":7},{"not_picked":["Bane","Flechettes"],"picked":"Finisher","floor":10},{"not_picked":["All Out Attack","Tactician","Riddle With Holes"],"picked":"SKIP","floor":12},{"not_picked":["Deadly Poison","Poisoned Stab"],"picked":"Flying Knee","floor":14},{"not_picked":["Slice","Skewer"],"picked":"Outmaneuver","floor":18},{"not_picked":["Terror+1","Sucker Punch"],"picked":"Acrobatics","floor":20},{"not_picked":["Underhanded Strike","Doppelganger"],"picked":"Dash+1","floor":23},{"not_picked":["Terror","Predator"],"picked":"Backflip","floor":29},{"not_picked":["Deadly Poison","Quick Slash"],"picked":"Underhanded Strike","floor":31},{"not_picked":["Grand Finale","Wraith Form v2"],"picked":"Storm of Steel","floor":33},{"not_picked":["Underhanded Strike+1","Terror","Slice+1"],"picked":"SKIP","floor":35},{"not_picked":["Tactician","Deflect","Quick Slash"],"picked":"SKIP","floor":39},{"not_picked":["Finisher","Wraith Form v2"],"picked":"Choke","floor":40},{"not_picked":["Dagger Spray","Outmaneuver","Terror"],"picked":"SKIP","floor":42},{"not_picked":["Tactician+1","Blade Dance"],"picked":"Accuracy+1","floor":46},{"not_picked":["Underhanded Strike+1","Blade Dance"],"picked":"Cloak And Dagger+1","floor":48}],"player_experience":54619,"relics_obtained":[{"floor":7,"key":"Darkstone Periapt"},{"floor":9,"key":"Strawberry"},{"floor":10,"key":"Kunai"},{"floor":14,"key":"Boot"},{"floor":23,"key":"Nunchaku"},{"floor":26,"key":"Dodecahedron"},{"floor":29,"key":"Snake Skull"},{"floor":31,"key":"Tough Bandages"},{"floor":31,"key":"Pantograph"},{"floor":40,"key":"Ancient Tea Set"},{"floor":43,"key":"Mercury Hourglass"},{"floor":48,"key":"Old Coin"}],"event_choices":[{"damage_healed":0,"gold_gain":0,"player_choice":"Success","damage_taken":3,"relics_obtained":["The Specimen"],"max_hp_gain":0,"max_hp_loss":0,"event_name":"Scrap Ooze","floor":2,"gold_loss":0},{"damage_healed":0,"gold_gain":0,"player_choice":"Entered Light","damage_taken":14,"max_hp_gain":0,"max_hp_loss":0,"event_name":"Shining Light","floor":5,"gold_loss":0,"cards_upgraded":["Grand Finale","Corpse Explosion"]},{"damage_healed":0,"gold_gain":0,"player_choice":"1 cards matched","damage_taken":0,"max_hp_gain":0,"max_hp_loss":0,"event_name":"Match and Keep!","floor":11,"gold_loss":0,"cards_obtained":["Neutralize"]},{"damage_healed":0,"gold_gain":0,"player_choice":"","damage_taken":7,"max_hp_gain":0,"max_hp_loss":0,"event_name":"Knowing Skull","floor":19,"potions_obtained":[],"gold_loss":0,"cards_obtained":[]},{"damage_healed":0,"gold_gain":0,"player_choice":"Opened","damage_taken":0,"relics_obtained":["Pen Nib"],"max_hp_gain":0,"max_hp_loss":0,"event_name":"The Mausoleum","floor":28,"gold_loss":0,"cards_obtained":["Writhe"]},{"damage_healed":0,"gold_gain":0,"player_choice":"Fight","damage_taken":0,"max_hp_gain":0,"max_hp_loss":0,"event_name":"Colosseum","floor":31,"gold_loss":0},{"damage_healed":0,"gold_gain":0,"player_choice":"Fought Nobs","damage_taken":0,"max_hp_gain":0,"max_hp_loss":0,"event_name":"Colosseum","floor":31,"gold_loss":0},{"damage_healed":0,"gold_gain":0,"player_choice":"Max HP","damage_taken":0,"max_hp_gain":0,"max_hp_loss":4,"event_name":"Winding Halls","floor":37,"gold_loss":0},{"cards_removed":["Writhe"],"damage_healed":0,"gold_gain":0,"player_choice":"Upgrade and Remove","damage_taken":0,"max_hp_gain":0,"max_hp_loss":0,"event_name":"Designer","floor":38,"gold_loss":90,"cards_upgraded":["Adrenaline"]},{"damage_healed":0,"gold_gain":0,"player_choice":"Fight","damage_taken":0,"max_hp_gain":0,"max_hp_loss":0,"event_name":"Mysterious Sphere","floor":48,"gold_loss":0}],"is_beta":false,"boss_relics":[{"not_picked":["Ectoplasm","Velvet Choker"],"picked":"Cursed Key"},{"not_picked":["Snecko Eye","Coffee Dripper"],"picked":"Sozu"}],"items_purged_floors":[3,21,22,36,45],"is_endless":false,"potions_floor_spawned":[1,4,7,14,18,29,31,33,40,42,46],"ascension_level":0}