{"gold_per_floor":[110,70,70,70,83,114,171,204,204,204,304,304,318,318,318,423,423,407,407,417,246,256,256],"floor_reached":23,"playtime":2124,"items_purged":["Regret"],"score":266,"play_id":"fbbb30a2-83b0-4174-8906-9121c89dd652","local_time":"20181221021959","is_ascension_mode":true,"campfire_choices":[{"floor":10,"key":"REST"},{"floor":12,"key":"REST"},{"data":"Phantasmal Killer","floor":15,"key":"SMITH"}],"neow_cost":"NONE","seed_source_timestamp":701496568225407,"circlet_count":0,"master_deck":["Defend_G","Defend_G","Defend_G+1","Defend_G+1","Defend_G","Strike_G","Strike_G","Strike_G","Strike_G","Strike_G","Survivor","Neutralize","Endless Agony","Poisoned Stab","Crippling Poison","Prepared","Phantasmal Killer+1","Prepared","Backflip","Corpse Explosion","Escape Plan","Cloak And Dagger","Well Laid Plans","Deadly Poison","Footwork","Flying Knee","Riddle With Holes+1","Slice+1"],"relics":["Ring of the Snake","NeowsBlessing","Tough Bandages","War Paint","Prayer Wheel","FossilizedHelix","Bronze Scales","Blue Candle","HoveringKite"],"potions_floor_usage":[8],"damage_taken":[{"damage":0,"enemies":"2 Louse","floor":1,"turns":1},{"damage":0,"enemies":"Small Slimes","floor":5,"turns":1},{"damage":0,"enemies":"Gremlin Nob","floor":6,"turns":1},{"damage":29,"enemies":"Lagavulin Event","floor":7,"turns":7},{"damage":16,"enemies":"3 Sentries","floor":8,"turns":9},{"damage":0,"enemies":"Cultist","floor":13,"turns":3},{"damage":42,"enemies":"Hexaghost","floor":16,"turns":10},{"damage":2,"enemies":"2 Thieves","floor":18,"turns":4},{"damage":16,"enemies":"Spheric Guardian","floor":20,"turns":6},{"damage":11,"enemies":"Centurion and Healer","floor":22,"turns":7},{"damage":43,"enemies":"Slavers","floor":23,"turns":5}],"seed_played":"-4970231365121727736","potions_obtained":[{"floor":1,"key":"GhostInAJar"},{"floor":5,"key":"SkillPotion"},{"floor":13,"key":"LiquidBronze"},{"floor":16,"key":"Energy Potion"},{"floor":18,"key":"EssenceOfSteel"}],"is_trial":false,"path_per_floor":["M","$","?","?","M","E","?","E","T","R","?","R","M","?","R","B",null,"M","?","M","$","M","E"],"character_chosen":"THE_SILENT","items_purchased":["Endless Agony","Footwork","Flying Knee"],"campfire_rested":2,"item_purchase_floors":[2,21,21],"current_hp_per_floor":[70,70,70,58,58,58,29,13,13,34,34,55,55,70,70,28,70,68,68,52,52,41,0],"gold":256,"neow_bonus":"THREE_ENEMY_KILL","is_prod":false,"is_daily":false,"chose_seed":false,"campfire_upgraded":1,"win_rate":0,"timestamp":1545369599,"path_taken":["M","$","?","?","M","E","?","E","T","R","?","R","?","?","R","BOSS","M","?","M","$","M","E"],"build_version":"2018-12-13","purchased_purges":1,"victory":false,"max_hp_per_floor":[70,70,70,70,70,70,70,70,70,70,70,70,70,70,70,70,70,70,70,70,70,70,70],"card_choices":[{"not_picked":["Tactician","Quick Slash"],"picked":"Infinite Blades","floor":1},{"not_picked":["Blade Dance","Deflect"],"picked":"Poisoned Stab","floor":5},{"not_picked":["Dagger Throw","Blur"],"picked":"Crippling Poison","floor":6},{"not_picked":["Bane","Flying Knee"],"picked":"Prepared","floor":7},{"not_picked":["Dagger Spray","Outmaneuver"],"picked":"Phantasmal Killer","floor":8},{"not_picked":["Masterful Stab","Eviscerate"],"picked":"Prepared","floor":13},{"not_picked":["Heel Hook","Leg Sweep"],"picked":"Backflip","floor":13},{"not_picked":["Grand Finale","Malaise"],"picked":"Corpse Explosion","floor":16},{"not_picked":["Sucker Punch","Dagger Throw"],"picked":"Escape Plan","floor":18},{"not_picked":["Terror","Sucker Punch"],"picked":"Cloak And Dagger","floor":18},{"not_picked":["Dagger Throw","Quick Slash"],"picked":"Well Laid Plans","floor":20},{"not_picked":["Underhanded Strike+1","Prepared"],"picked":"Deadly Poison","floor":20},{"not_picked":["Bouncing Flask","Bane"],"picked":"Riddle With Holes+1","floor":22},{"not_picked":["Outmaneuver","Wraith Form v2"],"picked":"Slice+1","floor":22}],"player_experience":518761,"relics_obtained":[{"floor":6,"key":"Prayer Wheel"},{"floor":7,"key":"FossilizedHelix"},{"floor":8,"key":"Bronze Scales"},{"floor":9,"key":"Blue Candle"}],"event_choices":[{"damage_healed":0,"gold_gain":0,"player_choice":"Box","damage_taken":0,"relics_obtained":["Tough Bandages"],"max_hp_gain":0,"max_hp_loss":0,"event_name":"Big Fish","floor":3,"gold_loss":0,"cards_obtained":["Regret"]},{"damage_healed":0,"gold_gain":0,"player_choice":"Success","damage_taken":12,"relics_obtained":["War Paint"],"max_hp_gain":0,"max_hp_loss":0,"event_name":"Scrap Ooze","floor":4,"gold_loss":0},{"damage_healed":0,"gold_gain":30,"player_choice":"Searched \u00272\u0027 times","damage_taken":0,"max_hp_gain":0,"max_hp_loss":0,"event_name":"Dead Adventurer","floor":7,"gold_loss":0},{"damage_healed":0,"gold_gain":100,"player_choice":"Pray","damage_taken":0,"max_hp_gain":0,"max_hp_loss":0,"event_name":"Golden Shrine","floor":11,"gold_loss":0},{"cards_removed":["Infinite Blades"],"damage_healed":15,"gold_gain":0,"player_choice":"Offered Uncommon","damage_taken":0,"max_hp_gain":0,"max_hp_loss":0,"event_name":"Bonfire Elementals","floor":14,"gold_loss":0},{"damage_healed":0,"gold_gain":0,"player_choice":"Ignored","damage_taken":0,"max_hp_gain":0,"max_hp_loss":0,"event_name":"Ghosts","floor":19,"gold_loss":0}],"is_beta":false,"boss_relics":[{"not_picked":["Philosopher\u0027s Stone","Coffee Dripper"],"picked":"HoveringKite"}],"items_purged_floors":[21],"is_endless":false,"potions_floor_spawned":[1,5,13,16,18,20],"killed_by":"Slavers","ascension_level":4}