{"gold_per_floor":[113,113,127,127,137,167,167,196,270,270,287,60,25,42,42,42],"floor_reached":16,"playtime":711,"items_purged":[],"score":171,"play_id":"3544fb23-bbe4-4ec0-85a7-f49ec12a4a78","local_time":"20190314233632","is_ascension_mode":true,"campfire_choices":[{"floor":7,"key":"REST"},{"floor":15,"key":"REST"}],"neow_cost":"NONE","seed_source_timestamp":165846733183918,"circlet_count":0,"master_deck":["AscendersBane","Strike_B","Strike_B","Defend_B","Defend_B","Defend_B","Defend_B","Zap","Dualcast","Barrage","Streamline","Fusion+1","Core Surge","Panache+1","Double Energy+1","BootSequence+1"],"relics":["Cracked Core","Pen Nib","Toxic Egg 2","Smiling Mask","Frozen Egg 2","Matryoshka"],"potions_floor_usage":[8,11,16],"damage_taken":[{"damage":9,"enemies":"Small Slimes","floor":1,"turns":4},{"damage":0,"enemies":"Cultist","floor":3,"turns":3},{"damage":7,"enemies":"Jaw Worm","floor":5,"turns":2},{"damage":45,"enemies":"3 Sentries","floor":6,"turns":8},{"damage":16,"enemies":"Gremlin Nob","floor":8,"turns":3},{"damage":7,"enemies":"Exordium Wildlife","floor":11,"turns":3},{"damage":11,"enemies":"Blue Slaver","floor":14,"turns":3},{"damage":35,"enemies":"Hexaghost","floor":16,"turns":9}],"seed_played":"-3250464437870833535","potions_obtained":[{"floor":1,"key":"Energy Potion"},{"floor":5,"key":"FearPotion"},{"floor":8,"key":"GamblersBrew"}],"is_trial":false,"path_per_floor":["M","?","M","T","M","E","R","E","T","?","M","$","?","M","R","B"],"character_chosen":"DEFECT","items_purchased":["Panache+1","Double Energy+1"],"campfire_rested":2,"item_purchase_floors":[12,12],"current_hp_per_floor":[59,59,59,59,52,7,29,13,13,13,6,6,24,13,35,0],"gold":42,"neow_bonus":"RANDOM_COMMON_RELIC","is_prod":false,"is_daily":false,"chose_seed":false,"campfire_upgraded":0,"win_rate":0,"timestamp":1552617392,"path_taken":["M","?","?","?","M","E","R","E","T","?","?","$","?","M","R","BOSS"],"build_version":"2019-01-23","purchased_purges":0,"victory":false,"max_hp_per_floor":[75,75,75,75,75,75,75,75,75,75,75,75,75,75,75,75],"card_choices":[{"not_picked":["Fusion","Stack","Aggregate"],"picked":"SKIP","floor":1},{"not_picked":["Hologram","Capacitor"],"picked":"Barrage","floor":3},{"not_picked":["Lockon","Steam+1"],"picked":"Streamline","floor":5},{"not_picked":["Steam+1","Steam Power+1","Scrape"],"picked":"SKIP","floor":6},{"not_picked":["Ball Lightning","Sweeping Beam"],"picked":"Fusion+1","floor":8},{"not_picked":["Cold Snap","Rebound"],"picked":"Core Surge","floor":11},{"not_picked":["Heatsinks+1","Gash"],"picked":"BootSequence+1","floor":14}],"player_experience":965446,"relics_obtained":[{"floor":4,"key":"Toxic Egg 2"},{"floor":6,"key":"Smiling Mask"},{"floor":8,"key":"Frozen Egg 2"},{"floor":9,"key":"Matryoshka"}],"event_choices":[{"cards_removed":["Strike_B"],"damage_healed":0,"gold_gain":0,"player_choice":"Offered Basic","damage_taken":0,"max_hp_gain":0,"max_hp_loss":0,"event_name":"Bonfire Elementals","floor":2,"gold_loss":0},{"cards_removed":["Strike_B"],"damage_healed":0,"gold_gain":0,"player_choice":"Card Removal","damage_taken":0,"max_hp_gain":0,"max_hp_loss":0,"event_name":"Wheel of Change","floor":10,"gold_loss":0},{"damage_healed":18,"gold_gain":0,"player_choice":"Healed","damage_taken":0,"max_hp_gain":0,"max_hp_loss":0,"event_name":"The Cleric","floor":13,"gold_loss":35}],"is_beta":false,"boss_relics":[],"items_purged_floors":[],"is_endless":false,"potions_floor_spawned":[1,5,8],"killed_by":"Hexaghost","ascension_level":11}