{"gold_per_floor":[115,115,190,205,205,205,236,6,29,46,60,90,90,121,121,198,198,208,308,325,30,40,69,69,83,131,143],"floor_reached":27,"playtime":851,"items_purged":["Regret","Strike_R"],"score":427,"play_id":"269014c1-98a4-449c-9911-56ba9f6786ca","local_time":"20190402194743","is_ascension_mode":true,"campfire_choices":[{"data":"Seeing Red","floor":6,"key":"SMITH"},{"floor":13,"key":"REST"},{"floor":15,"key":"REST"},{"data":"Mayhem","floor":24,"key":"SMITH"}],"neow_cost":"NONE","seed_source_timestamp":114467998439385,"circlet_count":0,"master_deck":["AscendersBane","Strike_R","Strike_R","Strike_R","Strike_R","Defend_R","Defend_R","Defend_R","Defend_R","Bash","Demon Form","Seeing Red+1","Warcry","Intimidate","Pommel Strike","Iron Wave","Twin Strike","Flame Barrier","Wild Strike+1","Reaper+1","Carnage+1","Battle Trance+1","Mayhem+1","Cleave+1","Thunderclap+1"],"relics":["Burning Blood","Happy Flower","Potion Belt","Bag of Marbles","Orichalcum","Molten Egg 2","Question Card","Black Star","Dodecahedron","Omamori","MawBank"],"potions_floor_usage":[7,12,12,16,22,23,25,27],"damage_taken":[{"damage":6,"enemies":"Cultist","floor":1,"turns":3},{"damage":12,"enemies":"Small Slimes","floor":4,"turns":4},{"damage":50,"enemies":"Gremlin Nob","floor":7,"turns":5},{"damage":0,"enemies":"Jaw Worm","floor":10,"turns":3},{"damage":7,"enemies":"Blue Slaver","floor":11,"turns":4},{"damage":6,"enemies":"Lagavulin","floor":12,"turns":5},{"damage":18,"enemies":"Gremlin Nob","floor":14,"turns":4},{"damage":32,"enemies":"Hexaghost","floor":16,"turns":9},{"damage":29,"enemies":"Spheric Guardian","floor":18,"turns":5},{"damage":6,"enemies":"Chosen","floor":20,"turns":4},{"damage":0,"enemies":"Centurion and Healer","floor":22,"turns":5},{"damage":45,"enemies":"Slavers","floor":23,"turns":4},{"damage":14,"enemies":"3 Cultists","floor":25,"turns":5},{"damage":72,"enemies":"Gremlin Leader","floor":27,"turns":6}],"seed_played":"1009037278151006828","potions_obtained":[{"floor":1,"key":"EssenceOfSteel"},{"floor":4,"key":"FearPotion"},{"floor":7,"key":"Strength Potion"},{"floor":14,"key":"Poison Potion"},{"floor":16,"key":"Explosive Potion"},{"floor":20,"key":"PowerPotion"},{"floor":22,"key":"PowerPotion"},{"floor":23,"key":"Fire Potion"}],"is_trial":false,"path_per_floor":["M","?","?","M","?","R","E","$","T","M","M","E","R","E","R","B",null,"M","?","M","$","M","E","R","M","T","E"],"character_chosen":"IRONCLAD","items_purchased":["Bag of Marbles","Mayhem","Cleave+1"],"campfire_rested":2,"item_purchase_floors":[8,21,21],"current_hp_per_floor":[68,68,57,51,51,51,7,7,7,13,12,12,34,22,44,18,61,38,38,45,45,62,54,54,53,53,0],"gold":143,"neow_bonus":"ONE_RANDOM_RARE_CARD","is_prod":false,"is_daily":false,"chose_seed":false,"campfire_upgraded":2,"win_rate":0,"timestamp":1554245263,"path_taken":["M","?","?","M","?","R","E","$","T","?","M","E","R","E","R","BOSS","M","?","?","?","M","E","R","M","T","E"],"build_version":"2019-01-23","purchased_purges":2,"victory":false,"max_hp_per_floor":[75,75,75,75,75,75,75,75,75,75,75,75,75,75,75,75,75,75,75,75,75,75,75,75,75,75,75],"card_choices":[{"not_picked":["Flex","Disarm"],"picked":"Seeing Red","floor":1},{"not_picked":["Ghostly Armor","Flex"],"picked":"Warcry","floor":4},{"not_picked":["True Grit","Anger"],"picked":"Iron Wave","floor":7},{"not_picked":["Dropkick","Intimidate"],"picked":"Twin Strike","floor":10},{"not_picked":["Rampage","Juggernaut","Entrench"],"picked":"SKIP","floor":11},{"not_picked":["Bloodletting","Ghostly Armor"],"picked":"Flame Barrier","floor":12},{"not_picked":["Clash+1","Rupture"],"picked":"Wild Strike+1","floor":14},{"not_picked":["Barricade","Feed+1","Juggernaut"],"picked":"Reaper+1","floor":16},{"not_picked":["Twin Strike+1","Entrench","Searing Blow+1"],"picked":"Carnage+1","floor":18},{"not_picked":["Power Through+1","Heavy Blade+1","Carnage+1"],"picked":"Battle Trance+1","floor":20},{"not_picked":["Cleave+1","Entrench","Wild Strike+1"],"picked":"Thunderclap+1","floor":22},{"not_picked":["Clothesline+1","Feel No Pain","Demon Form","Thunderclap+1"],"picked":"SKIP","floor":23},{"not_picked":["Fire Breathing","Wild Strike+1","Pommel Strike+1","Sword Boomerang+1"],"picked":"SKIP","floor":25}],"player_experience":1027407,"relics_obtained":[{"floor":7,"key":"Potion Belt"},{"floor":9,"key":"Orichalcum"},{"floor":12,"key":"Molten Egg 2"},{"floor":14,"key":"Question Card"},{"floor":23,"key":"Dodecahedron"},{"floor":23,"key":"Omamori"},{"floor":26,"key":"MawBank"}],"event_choices":[{"damage_healed":0,"gold_gain":0,"player_choice":"Box","damage_taken":0,"relics_obtained":["Happy Flower"],"max_hp_gain":0,"max_hp_loss":0,"event_name":"Big Fish","floor":2,"gold_loss":0,"cards_obtained":["Regret"]},{"damage_healed":0,"gold_gain":75,"player_choice":"Gather Gold","damage_taken":11,"max_hp_gain":0,"max_hp_loss":0,"event_name":"World of Goop","floor":3,"gold_loss":0},{"damage_healed":0,"gold_gain":0,"player_choice":"2 cards matched","damage_taken":0,"max_hp_gain":0,"max_hp_loss":0,"event_name":"Match and Keep!","floor":5,"gold_loss":0,"cards_obtained":["Intimidate","Pommel Strike"]},{"damage_healed":0,"gold_gain":100,"player_choice":"Pray","damage_taken":0,"max_hp_gain":0,"max_hp_loss":0,"event_name":"Golden Shrine","floor":19,"gold_loss":0}],"is_beta":false,"boss_relics":[{"not_picked":["Ectoplasm","Cursed Key"],"picked":"Black Star"}],"items_purged_floors":[8,21],"is_endless":false,"potions_floor_spawned":[1,4,7,14,16,20,22,23],"killed_by":"Gremlin Leader","ascension_level":14}