{"gold_per_floor":[111,61,77,77,94,94,129,129,129,185,185,198,229,249,249,353,353,369,369,64,81,127,127,154,154,154,154,183,202,46,146,146,245,245,263,283,558,578,578,603,603,613,637,653,683,694,694,714,714,714,714,714,75,105,105],"floor_reached":56,"playtime":3365,"items_purged":["Writhe","Regret"],"score":1496,"play_id":"8bb7e267-a649-4710-b3c3-b6c31e976109","local_time":"20190508165543","is_ascension_mode":true,"campfire_choices":[{"data":"Neutralize","floor":6,"key":"SMITH"},{"data":"Skewer","floor":8,"key":"SMITH"},{"data":"Bouncing Flask","floor":11,"key":"SMITH"},{"data":"Adrenaline","floor":15,"key":"SMITH"},{"data":"Burst","floor":23,"key":"SMITH"},{"data":"Noxious Fumes","floor":25,"key":"SMITH"},{"data":"Catalyst","floor":32,"key":"SMITH"},{"floor":41,"key":"RECALL"},{"data":"Burst","floor":47,"key":"SMITH"},{"data":"Burst","floor":49,"key":"SMITH"},{"data":"Adrenaline","floor":52,"key":"SMITH"}],"neow_cost":"NONE","seed_source_timestamp":417880817171035,"circlet_count":0,"master_deck":["Defend_G","Defend_G","Defend_G","Defend_G","Defend_G","Strike_G","Strike_G+1","Strike_G","Strike_G","Survivor","Neutralize+1","Dagger Spray+1","Cloak And Dagger","Skewer+1","Adrenaline+1","Bouncing Flask+1","Adrenaline+1","Cloak And Dagger","Burst+1","Crippling Poison","Noxious Fumes+1","Masterful Stab","Catalyst+1","Noxious Fumes+1","Adrenaline","Blur","Infinite Blades+1","Burst+1","Dodge and Roll","Dodge and Roll+1","PiercingWail+1","Deflect+1","Burst+1","Flying Knee+1","Night Terror","Sucker Punch+1","Concentrate","After Image"],"relics":["Ring of the Snake","Vajra","Shovel","Letter Opener","StoneCalendar","Tiny Chest","Calipers","Runic Dome","Bag of Preparation","Orichalcum","PreservedInsect","Potion Belt","Happy Flower","Bird Faced Urn","Bottled Tornado","Runic Pyramid","Molten Egg 2","Whetstone","Juzu Bracelet","Torii","Kunai"],"potions_floor_usage":[13,16,55,55,55,55,55],"damage_taken":[{"damage":0,"enemies":"Small Slimes","floor":1,"turns":3},{"damage":0,"enemies":"2 Louse","floor":3,"turns":1},{"damage":0,"enemies":"Jaw Worm","floor":5,"turns":4},{"damage":17,"enemies":"Gremlin Nob","floor":7,"turns":5},{"damage":4,"enemies":"3 Sentries","floor":10,"turns":6},{"damage":0,"enemies":"2 Fungi Beasts","floor":12,"turns":2},{"damage":0,"enemies":"Gremlin Nob","floor":13,"turns":2},{"damage":0,"enemies":"Looter","floor":14,"turns":2},{"damage":0,"enemies":"Hexaghost","floor":16,"turns":7},{"damage":0,"enemies":"Shell Parasite","floor":18,"turns":4},{"damage":0,"enemies":"3 Byrds","floor":21,"turns":2},{"damage":0,"enemies":"Slavers","floor":24,"turns":2},{"damage":0,"enemies":"Book of Stabbing","floor":28,"turns":3},{"damage":6,"enemies":"Centurion and Healer","floor":29,"turns":4},{"damage":3,"enemies":"Colosseum Slavers","floor":31,"turns":2},{"damage":0,"enemies":"Colosseum Nobs","floor":31,"turns":2},{"damage":8,"enemies":"Automaton","floor":33,"turns":6},{"damage":0,"enemies":"3 Darklings","floor":35,"turns":3},{"damage":0,"enemies":"Orb Walker","floor":36,"turns":3},{"damage":17,"enemies":"Spire Growth","floor":38,"turns":4},{"damage":3,"enemies":"Reptomancer","floor":40,"turns":4},{"damage":0,"enemies":"Transient","floor":42,"turns":5},{"damage":0,"enemies":"3 Darklings","floor":44,"turns":3},{"damage":4,"enemies":"Giant Head","floor":45,"turns":4},{"damage":30,"enemies":"Writhing Mass","floor":46,"turns":3},{"damage":4,"enemies":"4 Shapes","floor":48,"turns":4},{"damage":18,"enemies":"Awakened One","floor":50,"turns":13},{"damage":4,"enemies":"Shield and Spear","floor":54,"turns":4},{"damage":6,"enemies":"The Heart","floor":55,"turns":8}],"seed_played":"-1780834089121828894","potions_obtained":[{"floor":3,"key":"FearPotion"},{"floor":12,"key":"GamblersBrew"},{"floor":13,"key":"PowerPotion"},{"floor":14,"key":"Dexterity Potion"},{"floor":28,"key":"Ancient Potion"},{"floor":29,"key":"SpeedPotion"},{"floor":36,"key":"PowerPotion"},{"floor":38,"key":"EssenceOfSteel"},{"floor":40,"key":"Energy Potion"},{"floor":42,"key":"PowerPotion"}],"is_trial":false,"path_per_floor":["M","?","M","?","M","R","E","R","T","E","R","M","E","M","R","B",null,"M","?","$","M","T","R","E","R","T","?","E","M","$","?","R","B",null,"M","M","?","M","?","E","R","M","T","M","E","M","R","M","R","B",null,"R","$","E","B",null],"character_chosen":"THE_SILENT","items_purchased":["Noxious Fumes","Bag of Preparation","Masterful Stab","Blur","Night Terror","Sucker Punch+1","Torii","Concentrate"],"campfire_rested":0,"item_purchase_floors":[20,20,20,30,53,53,53,53],"current_hp_per_floor":[70,70,70,52,52,52,35,35,35,31,31,31,31,31,31,31,70,70,70,70,70,70,70,70,70,70,70,70,64,64,61,61,59,70,70,70,70,54,54,57,57,63,63,69,66,40,40,42,42,30,70,70,70,68,64],"gold":105,"neow_bonus":"RANDOM_COMMON_RELIC","is_prod":false,"is_daily":false,"chose_seed":false,"campfire_upgraded":10,"win_rate":0,"timestamp":1557348943,"path_taken":["M","?","M","?","M","R","E","R","T","E","R","M","E","M","R","BOSS","M","?","$","M","?","R","E","R","T","?","E","M","$","?","R","BOSS","M","M","?","?","?","E","R","?","T","M","E","M","R","M","R","BOSS","R","$","E","BOSS"],"build_version":"2019-05-07","purchased_purges":2,"victory":true,"max_hp_per_floor":[70,70,70,70,70,70,70,70,70,70,70,70,70,70,70,70,70,70,70,70,70,70,70,70,70,70,70,70,70,70,70,70,70,70,70,70,70,70,70,70,70,70,70,70,70,70,70,70,70,70,70,70,70,70,70],"card_choices":[{"not_picked":["Prepared","Blade Dance"],"picked":"Dagger Spray","floor":1},{"not_picked":["Heel Hook","Choke"],"picked":"Cloak And Dagger","floor":3},{"not_picked":["Underhanded Strike","Prepared"],"picked":"Skewer","floor":5},{"not_picked":["Leg Sweep","Cloak And Dagger"],"picked":"Adrenaline","floor":7},{"not_picked":["Calculated Gamble","Sucker Punch"],"picked":"Bouncing Flask","floor":10},{"not_picked":["Accuracy","Expertise","Quick Slash"],"picked":"SKIP","floor":12},{"not_picked":["Dagger Throw","Reflex"],"picked":"Adrenaline","floor":13},{"not_picked":["Dodge and Roll","Dagger Spray"],"picked":"Cloak And Dagger","floor":14},{"not_picked":["Phantasmal Killer","Envenom"],"picked":"Burst","floor":16},{"not_picked":["Dagger Throw+1","Backflip"],"picked":"Crippling Poison","floor":18},{"not_picked":["Backflip","Heel Hook"],"picked":"Catalyst","floor":21},{"not_picked":["Phantasmal Killer","Dagger Throw","Blade Dance+1"],"picked":"SKIP","floor":24},{"not_picked":["Poisoned Stab","Flying Knee"],"picked":"Noxious Fumes+1","floor":28},{"not_picked":["Deflect","Terror"],"picked":"Adrenaline","floor":29},{"not_picked":["Flechettes","Distraction"],"picked":"Infinite Blades+1","floor":31},{"not_picked":["Grand Finale","Bullet Time"],"picked":"Burst","floor":33},{"not_picked":["Well Laid Plans+1","Dagger Throw","Finisher+1"],"picked":"SKIP","floor":35},{"not_picked":["Masterful Stab","Flying Knee","Slice+1"],"picked":"SKIP","floor":36},{"not_picked":["Acrobatics","Blade Dance"],"picked":"Dodge and Roll","floor":38},{"not_picked":["Cloak And Dagger","Blade Dance"],"picked":"Dodge and Roll+1","floor":40},{"not_picked":["Flechettes+1","Skewer+1"],"picked":"PiercingWail+1","floor":42},{"not_picked":["Well Laid Plans+1","Poisoned Stab+1"],"picked":"Deflect+1","floor":44},{"not_picked":["Blur","Reflex"],"picked":"Burst","floor":45},{"not_picked":["Deadly Poison+1","Slice+1","Poisoned Stab+1"],"picked":"SKIP","floor":46},{"not_picked":["Acrobatics","Underhanded Strike+1"],"picked":"Flying Knee+1","floor":48},{"not_picked":["Deadly Poison+1","Quick Slash+1"],"picked":"After Image","floor":54}],"player_experience":5680026,"relics_obtained":[{"floor":7,"key":"Letter Opener"},{"floor":9,"key":"StoneCalendar"},{"floor":10,"key":"Tiny Chest"},{"floor":13,"key":"Calipers"},{"floor":22,"key":"Orichalcum"},{"floor":24,"key":"PreservedInsect"},{"floor":28,"key":"Happy Flower"},{"floor":31,"key":"Bird Faced Urn"},{"floor":31,"key":"Bottled Tornado"},{"floor":40,"key":"Molten Egg 2"},{"floor":43,"key":"Whetstone"},{"floor":45,"key":"Juzu Bracelet"},{"floor":54,"key":"Kunai"}],"event_choices":[{"cards_removed":["Strike_G"],"damage_healed":0,"gold_gain":0,"player_choice":"Card Removal","damage_taken":0,"max_hp_gain":0,"max_hp_loss":0,"event_name":"The Cleric","floor":2,"gold_loss":50},{"damage_healed":0,"gold_gain":0,"player_choice":"Success","damage_taken":18,"relics_obtained":["Shovel"],"max_hp_gain":0,"max_hp_loss":0,"event_name":"Scrap Ooze","floor":4,"gold_loss":0},{"damage_healed":0,"gold_gain":0,"player_choice":"Ignored","damage_taken":0,"max_hp_gain":0,"max_hp_loss":0,"event_name":"Vampires","floor":19,"gold_loss":0},{"damage_healed":0,"gold_gain":0,"player_choice":"Opened","damage_taken":0,"relics_obtained":["Potion Belt"],"max_hp_gain":0,"max_hp_loss":0,"event_name":"The Mausoleum","floor":27,"gold_loss":0,"cards_obtained":["Writhe"]},{"damage_healed":0,"gold_gain":0,"player_choice":"Fight","damage_taken":0,"max_hp_gain":0,"max_hp_loss":0,"event_name":"Colosseum","floor":31,"gold_loss":0},{"damage_healed":0,"gold_gain":0,"player_choice":"Fought Nobs","damage_taken":0,"max_hp_gain":0,"max_hp_loss":0,"event_name":"Colosseum","floor":31,"gold_loss":0},{"damage_healed":0,"gold_gain":275,"player_choice":"Desecrate","damage_taken":0,"max_hp_gain":0,"max_hp_loss":0,"event_name":"Golden Shrine","floor":37,"gold_loss":0,"cards_obtained":["Regret"]},{"damage_healed":0,"gold_gain":0,"player_choice":"0 cards matched","damage_taken":0,"max_hp_gain":0,"max_hp_loss":0,"event_name":"Match and Keep!","floor":39,"gold_loss":0,"cards_obtained":[]}],"is_beta":true,"boss_relics":[{"not_picked":["Pandora\u0027s Box","Black Star"],"picked":"Runic Dome"},{"not_picked":["Philosopher\u0027s Stone","Tiny House"],"picked":"Runic Pyramid"}],"items_purged_floors":[30,53],"is_endless":false,"potions_floor_spawned":[3,12,13,14,28,29,31,36,38,40,42,45,48],"ascension_level":1}