{"path_per_floor":["M","M","?","$","?","R","M","E","T","M","R","E","M","M","R","B",null,"M","M","M","M","M","R","M","R","T","$","M","$","?","M","R"],"character_chosen":"THE_SILENT","items_purchased":["Setup","Setup","Lee\u0027s Waffle","Escape Plan","Footwork","Choke"],"gold_per_floor":[109,126,126,18,118,118,128,161,215,233,233,258,270,288,288,389,389,407,420,432,447,465,465,485,485,509,267,284,63,63,74,74,74],"floor_reached":33,"campfire_rested":2,"playtime":2728,"item_purchase_floors":[4,27,27,29,29,29],"current_hp_per_floor":[68,68,75,75,75,75,75,74,74,75,75,77,76,76,76,77,77,65,67,63,28,11,44,42,52,52,84,71,71,71,58,84,0],"items_purged":["Regret"],"gold":74,"score":389,"play_id":"f6449da7-a42e-4e52-b9d4-b7bee1f99f0e","local_time":"20180620011800","is_prod":false,"is_daily":false,"chose_seed":false,"is_ascension_mode":true,"campfire_upgraded":4,"win_rate":0,"timestamp":1529468280,"campfire_choices":[{"data":"Riddle With Holes","floor":6,"key":"SMITH"},{"data":"Setup","floor":11,"key":"SMITH"},{"data":"Dodge and Roll","floor":15,"key":"SMITH"},{"floor":23,"key":"REST"},{"data":"Envenom","floor":25,"key":"SMITH"},{"floor":32,"key":"REST"}],"path_taken":["M","M","?","$","?","R","M","E","T","M","R","E","M","M","R","BOSS","M","M","M","M","M","R","M","R","T","$","M","$","?","?","R","BOSS"],"build_version":"2018-06-14v2","seed_source_timestamp":527076132904096,"purchased_purges":1,"victory":false,"master_deck":["Defend_G","Defend_G","Defend_G","Defend_G+1","Defend_G","Strike_G","Strike_G","Strike_G","Strike_G","Strike_G","Survivor+1","Neutralize","Riddle With Holes+1","Leg Sweep","Setup+1","Endless Agony","Dodge and Roll+1","Backflip","Well Laid Plans","Sucker Punch","Endless Agony","Envenom+1","Dash","Dagger Spray+1","All Out Attack+1","Well Laid Plans","Setup","Deflect+1","Escape Plan","Footwork","Choke","Dagger Spray"],"max_hp_per_floor":[70,70,77,77,77,77,77,77,77,77,77,77,77,77,77,77,77,77,77,77,77,77,77,77,77,77,84,84,84,84,84,84,84],"relics":["Ring of the Snake","Pen Nib","Strawberry","Bag of Marbles","Blood Vial","War Paint","Eternal Feather","Ancient Tea Set","Lee\u0027s Waffle"],"card_choices":[{"not_picked":["Dash","Slice"],"picked":"Riddle With Holes","floor":1},{"not_picked":["Eviscerate","Bouncing Flask"],"picked":"Leg Sweep","floor":2},{"not_picked":["Dagger Throw","Dodge and Roll"],"picked":"Endless Agony","floor":7},{"not_picked":["Dagger Throw","Flechettes"],"picked":"Dodge and Roll","floor":8},{"not_picked":["Quick Slash","Flying Knee"],"picked":"Backflip","floor":10},{"not_picked":["Setup","Prepared"],"picked":"Well Laid Plans","floor":12},{"not_picked":["Bane","PiercingWail"],"picked":"Sucker Punch","floor":13},{"not_picked":["Caltrops","Bane"],"picked":"Endless Agony","floor":14},{"not_picked":["Glass Knife","Tactician"],"picked":"Envenom","floor":16},{"not_picked":["Flying Knee","Underhanded Strike"],"picked":"Dash","floor":18},{"not_picked":["Expertise","Catalyst"],"picked":"Dagger Spray+1","floor":19},{"not_picked":["Blur","Deadly Poison"],"picked":"All Out Attack+1","floor":20},{"not_picked":["Crippling Poison","Sucker Punch","Flying Knee"],"picked":"SKIP","floor":21},{"not_picked":["PiercingWail","Flying Knee","Caltrops"],"picked":"SKIP","floor":22},{"not_picked":["Dodge and Roll","PiercingWail"],"picked":"Well Laid Plans","floor":24},{"not_picked":["Glass Knife","Dagger Throw"],"picked":"Deflect+1","floor":28},{"not_picked":["Deadly Poison","Poisoned Stab"],"picked":"Dagger Spray","floor":31}],"player_experience":365628,"potions_floor_usage":[8,8,12,16,19,22,28,33],"damage_taken":[{"damage":2,"enemies":"2 Louse","floor":1,"turns":3},{"damage":0,"enemies":"Jaw Worm","floor":2,"turns":4},{"damage":0,"enemies":"Cultist","floor":7,"turns":4},{"damage":1,"enemies":"Lagavulin","floor":8,"turns":5},{"damage":1,"enemies":"Blue Slaver","floor":10,"turns":4},{"damage":0,"enemies":"3 Sentries","floor":12,"turns":7},{"damage":1,"enemies":"Exordium Thugs","floor":13,"turns":5},{"damage":1,"enemies":"Large Slime","floor":14,"turns":7},{"damage":0,"enemies":"Slime Boss","floor":16,"turns":7},{"damage":12,"enemies":"3 Byrds","floor":18,"turns":7},{"damage":0,"enemies":"Spheric Guardian","floor":19,"turns":1},{"damage":6,"enemies":"Cultist and Chosen","floor":20,"turns":7},{"damage":37,"enemies":"Snake Plant","floor":21,"turns":7},{"damage":19,"enemies":"Sentry and Sphere","floor":22,"turns":4},{"damage":4,"enemies":"Snecko","floor":24,"turns":5},{"damage":13,"enemies":"Snake Plant","floor":28,"turns":2},{"damage":15,"enemies":"Sentry and Sphere","floor":31,"turns":7},{"damage":88,"enemies":"Collector","floor":33,"turns":6}],"relics_obtained":[{"floor":8,"key":"Bag of Marbles"},{"floor":9,"key":"Blood Vial"},{"floor":12,"key":"War Paint"},{"floor":26,"key":"Ancient Tea Set"}],"event_choices":[{"event_name":"Big Fish","player_choice":"Box","floor":3,"damage_taken":0},{"event_name":"Golden Shrine","player_choice":"Pray","floor":5,"damage_taken":0},{"event_name":"Purifier","player_choice":"Skipped","floor":30,"damage_taken":0}],"boss_relics":[{"not_picked":["Pandora\u0027s Box","Velvet Choker"],"picked":"Eternal Feather"}],"items_purged_floors":[4],"is_endless":false,"potions_floor_spawned":[1,2,7,10,18,20,21,24],"seed_played":"8373754281759312763","killed_by":"Collector","ascension_level":3,"potions_obtained":[{"floor":1,"key":"EssenceOfSteel"},{"floor":2,"key":"Explosive Potion"},{"floor":7,"key":"AttackPotion"},{"floor":10,"key":"FearPotion"},{"floor":18,"key":"Energy Potion"},{"floor":20,"key":"LiquidBronze"},{"floor":21,"key":"AttackPotion"},{"floor":24,"key":"LiquidBronze"}],"is_trial":false}