{"gold_per_floor":[119,136,12,32,48,48,59,79,161,161,161,176,29,46,46,149,149,160,160,35,54,71,71,104,114,140,19,19,19,37,49,49,148,148,161,161,161,172,0,34,34],"floor_reached":41,"playtime":3035,"items_purged":["Strike_G","Strike_G","Strike_G"],"score":512,"play_id":"ea325a94-14b4-4abe-a0b0-abada7f8e885","local_time":"20180721045805","is_ascension_mode":false,"campfire_choices":[{"data":"Bane","floor":6,"key":"SMITH"},{"floor":10,"key":"REST"},{"floor":15,"key":"REST"},{"floor":23,"key":"REST"},{"floor":28,"key":"REST"},{"floor":32,"key":"REST"}],"neow_cost":"TEN_PERCENT_HP_LOSS","seed_source_timestamp":875817786356926,"circlet_count":0,"master_deck":["Defend_G+1","Defend_G+1","Defend_G+1","Defend_G+1","Defend_G+1","Strike_G+1","Survivor+1","Neutralize+1","Corpse Explosion+1","Caltrops+1","Quick Slash+1","Poisoned Stab+1","Quick Slash+1","Bane+1","Bullet Time+1","Crippling Poison+1","Caltrops+1","Quick Slash+1","Calculated Gamble+1","Burst+1","Expertise+1","Caltrops+1","Ghostly+1","Ghostly+1","Ghostly+1","Ghostly+1","Ghostly+1","Backflip+1","Endless Agony+1","Venomology+1","Heel Hook+1","Outmaneuver+1","Well Laid Plans","Deadly Poison","Crippling Poison"],"relics":["Ring of the Snake","Kunai","Busted Crown","Darkstone Periapt","War Paint","Cursed Key","Mark of the Bloom","Peace Pipe"],"potions_floor_usage":[16,16,16,22,24,24,33,33,40,40,40,41,41],"damage_taken":[{"damage":0,"enemies":"Jaw Worm","floor":1,"turns":4},{"damage":0,"enemies":"Cultist","floor":2,"turns":4},{"damage":0,"enemies":"2 Louse","floor":4,"turns":3},{"damage":13,"enemies":"Gremlin Gang","floor":5,"turns":4},{"damage":17,"enemies":"Large Slime","floor":7,"turns":4},{"damage":10,"enemies":"2 Fungi Beasts","floor":8,"turns":2},{"damage":0,"enemies":"Lots of Slimes","floor":12,"turns":1},{"damage":12,"enemies":"Exordium Thugs","floor":14,"turns":2},{"damage":21,"enemies":"The Guardian","floor":16,"turns":7},{"damage":15,"enemies":"Shell Parasite","floor":18,"turns":4},{"damage":12,"enemies":"Chosen","floor":21,"turns":5},{"damage":7,"enemies":"Centurion and Healer","floor":22,"turns":3},{"damage":14,"enemies":"Gremlin Leader","floor":24,"turns":5},{"damage":15,"enemies":"Snake Plant","floor":25,"turns":3},{"damage":14,"enemies":"3 Cultists","floor":30,"turns":4},{"damage":0,"enemies":"Centurion and Healer","floor":31,"turns":6},{"damage":17,"enemies":"Automaton","floor":33,"turns":8},{"damage":4,"enemies":"3 Shapes","floor":35,"turns":2},{"damage":15,"enemies":"Orb Walker","floor":38,"turns":3},{"damage":9,"enemies":"2 Orb Walkers","floor":40,"turns":2},{"damage":6,"enemies":"3 Darklings","floor":41,"turns":3}],"seed_played":"472146977012016434","potions_obtained":[{"floor":1,"key":"Strength Potion"},{"floor":5,"key":"Swift Potion"},{"floor":7,"key":"Fire Potion"},{"floor":8,"key":"Poison Potion"},{"floor":16,"key":"Energy Potion"},{"floor":18,"key":"LiquidBronze"},{"floor":21,"key":"Block Potion"},{"floor":30,"key":"GamblersBrew"},{"floor":31,"key":"Regen Potion"},{"floor":40,"key":"AttackPotion"}],"is_trial":false,"path_per_floor":["M","M","$","M","M","R","M","M","T","R","?","M","$","M","R","B",null,"M","?","$","M","M","R","E","M","T","$","R","?","M","M","R","B",null,"M","?","?","M","$","E"],"character_chosen":"THE_SILENT","items_purchased":["Poisoned Stab","Quick Slash","Caltrops","PowerPotion","Well Laid Plans","Deadly Poison","Fire Potion"],"campfire_rested":5,"item_purchase_floors":[3,13,27,27,39,39,39],"current_hp_per_floor":[63,63,63,63,50,50,33,23,23,41,28,28,28,16,34,13,63,48,37,37,25,18,38,24,9,9,9,29,29,15,15,25,23,34,30,30,30,15,15,6,0],"gold":34,"neow_bonus":"THREE_RARE_CARDS","is_prod":false,"is_daily":false,"chose_seed":false,"campfire_upgraded":1,"win_rate":0,"timestamp":1532167085,"path_taken":["M","M","$","M","M","R","M","M","T","R","?","M","$","M","R","BOSS","M","?","$","M","M","R","E","?","T","$","R","?","M","M","R","BOSS","M","?","?","M","$","E","M"],"build_version":"2018-07-19v2","purchased_purges":3,"victory":false,"max_hp_per_floor":[63,63,63,63,63,63,63,63,63,63,63,63,63,63,63,63,63,63,68,68,68,68,68,68,68,68,68,68,34,34,34,34,34,34,34,34,34,34,34,34,34],"card_choices":[{"not_picked":["Wraith Form v2","Burst"],"picked":"Corpse Explosion","floor":0},{"not_picked":["Cloak And Dagger","Flying Knee"],"picked":"Caltrops","floor":1},{"not_picked":["Sucker Punch","Blur"],"picked":"Quick Slash","floor":2},{"not_picked":["Dagger Throw","Dash"],"picked":"Quick Slash","floor":4},{"not_picked":["Expertise","Acrobatics"],"picked":"Bane","floor":5},{"not_picked":["All Out Attack","Endless Agony"],"picked":"Bullet Time","floor":7},{"not_picked":["Deadly Poison","Poisoned Stab"],"picked":"Crippling Poison","floor":8},{"not_picked":["Dagger Spray","Expertise"],"picked":"Caltrops","floor":12},{"not_picked":["Slice","Skewer"],"picked":"Calculated Gamble","floor":14},{"not_picked":["Wraith Form v2","Unload"],"picked":"Burst","floor":16},{"not_picked":["Dagger Throw+1"],"picked":"SKIP","floor":18},{"not_picked":["Skewer"],"picked":"SKIP","floor":21},{"not_picked":["Slice"],"picked":"SKIP","floor":22},{"not_picked":[],"picked":"Expertise","floor":24},{"not_picked":["Leg Sweep+1"],"picked":"SKIP","floor":25},{"not_picked":[],"picked":"Backflip","floor":30},{"not_picked":[],"picked":"Endless Agony+1","floor":31},{"not_picked":[],"picked":"Venomology","floor":33},{"not_picked":["All Out Attack+1"],"picked":"SKIP","floor":35},{"not_picked":[],"picked":"Outmaneuver+1","floor":38},{"not_picked":[],"picked":"Crippling Poison","floor":40}],"player_experience":92093,"relics_obtained":[{"floor":9,"key":"Kunai"},{"floor":24,"key":"Darkstone Periapt"},{"floor":26,"key":"War Paint"},{"floor":40,"key":"Peace Pipe"}],"event_choices":[{"event_name":"Shining Light","player_choice":"Entered Light","floor":11,"damage_taken":0},{"event_name":"Forgotten Altar","player_choice":"Shed Blood","floor":19,"damage_taken":0},{"event_name":"Ghosts","player_choice":"Became a Ghost","floor":29,"damage_taken":0},{"event_name":"Transmorgrifier","player_choice":"Transform","floor":36,"damage_taken":0},{"event_name":"MindBloom","player_choice":"Upgrade","floor":37,"damage_taken":0}],"is_beta":false,"boss_relics":[{"not_picked":["Snecko Eye","WristBlade"],"picked":"Busted Crown"},{"not_picked":["Velvet Choker","Fusion Hammer"],"picked":"Cursed Key"}],"items_purged_floors":[3,13,20],"is_endless":false,"potions_floor_spawned":[1,5,7,8,16,18,21,30,31,40],"killed_by":"3 Darklings","ascension_level":0}