{"gold_per_floor":[19,29,44,54,64,98,118,149,149,149,164,193,193,251,251,354,354,354,13,13,0,0,0,0,0,0,0,0,0,0,0,0,0,0,0,0,0,0,0,0,0,0,0,0,0,0,0,0,0,0,0,0,0,0,0],"floor_reached":56,"playtime":3437,"items_purged":["Strike_R"],"score":1495,"play_id":"831aa268-bf47-415d-953b-320c91b81854","local_time":"20190403175331","is_ascension_mode":true,"campfire_choices":[{"data":"Armaments","floor":10,"key":"SMITH"},{"data":"Regret","floor":15,"key":"PURGE"},{"data":"Inflame","floor":29,"key":"SMITH"},{"data":"Inflame","floor":32,"key":"SMITH"},{"floor":41,"key":"RECALL"},{"data":"Shockwave","floor":44,"key":"SMITH"},{"data":"Uppercut","floor":49,"key":"SMITH"},{"data":"Offering","floor":52,"key":"SMITH"}],"neow_cost":"NO_GOLD","seed_source_timestamp":1981127360972562,"circlet_count":0,"master_deck":["Strike_R","Strike_R","Strike_R","Defend_R","Defend_R","Defend_R","Defend_R","Bash","Armaments+1","Hemokinesis","Inflame+1","Sword Boomerang","Battle Trance","Battle Trance","Spot Weakness","Offering+1","Metallicize","Iron Wave","Reaper","Thunderclap+1","Inflame+1","Shockwave+1","Shrug It Off+1","Shrug It Off","Sword Boomerang+1","Evolve+1","Feel No Pain","Uppercut+1","Havoc","Feed","Metallicize","Spot Weakness+1","Warcry","Mayhem","Discovery","Iron Wave+1","True Grit+1"],"relics":["Burning Blood","Bronze Scales","Dream Catcher","Singing Bowl","Peace Pipe","Darkstone Periapt","Boot","Ectoplasm","Oddly Smooth Stone","Thread and Needle","Sundial","Mummified Hand","Dead Branch","Charon\u0027s Ashes","Meat on the Bone","Sozu","Red Mask","Regal Pillow","Ice Cream","PreservedInsect","Champion Belt","Self Forming Clay"],"potions_floor_usage":[4,6,6,6,7,23,28,30,55,55],"damage_taken":[{"damage":4,"enemies":"Cultist","floor":1,"turns":4},{"damage":2,"enemies":"Small Slimes","floor":2,"turns":5},{"damage":9,"enemies":"Jaw Worm","floor":3,"turns":2},{"damage":5,"enemies":"Looter","floor":4,"turns":2},{"damage":0,"enemies":"Large Slime","floor":5,"turns":6},{"damage":16,"enemies":"Lagavulin","floor":6,"turns":6},{"damage":3,"enemies":"Exordium Thugs","floor":7,"turns":3},{"damage":6,"enemies":"Gremlin Nob","floor":8,"turns":3},{"damage":3,"enemies":"Looter","floor":11,"turns":3},{"damage":13,"enemies":"Lagavulin","floor":12,"turns":5},{"damage":17,"enemies":"3 Sentries","floor":14,"turns":5},{"damage":43,"enemies":"Hexaghost","floor":16,"turns":5},{"damage":6,"enemies":"3 Byrds","floor":18,"turns":3},{"damage":12,"enemies":"Colosseum Slavers","floor":20,"turns":2},{"damage":8,"enemies":"Colosseum Nobs","floor":20,"turns":4},{"damage":14,"enemies":"2 Thieves","floor":21,"turns":4},{"damage":6,"enemies":"Chosen and Byrds","floor":22,"turns":5},{"damage":11,"enemies":"Gremlin Leader","floor":23,"turns":5},{"damage":12,"enemies":"Slavers","floor":27,"turns":2},{"damage":15,"enemies":"Snecko","floor":28,"turns":5},{"damage":17,"enemies":"Gremlin Leader","floor":30,"turns":6},{"damage":6,"enemies":"Centurion and Healer","floor":31,"turns":3},{"damage":38,"enemies":"Automaton","floor":33,"turns":8},{"damage":0,"enemies":"3 Shapes","floor":35,"turns":2},{"damage":6,"enemies":"Orb Walker","floor":37,"turns":1},{"damage":8,"enemies":"Nemesis","floor":40,"turns":3},{"damage":18,"enemies":"Reptomancer","floor":42,"turns":4},{"damage":21,"enemies":"Nemesis","floor":46,"turns":5},{"damage":1,"enemies":"Spire Growth","floor":47,"turns":3},{"damage":0,"enemies":"Mind Bloom Boss Battle","floor":48,"turns":3},{"damage":9,"enemies":"Awakened One","floor":50,"turns":8},{"damage":18,"enemies":"Shield and Spear","floor":54,"turns":1},{"damage":56,"enemies":"The Heart","floor":55,"turns":6}],"seed_played":"-8478096043019265599","potions_obtained":[{"floor":3,"key":"Energy Potion"},{"floor":4,"key":"FearPotion"},{"floor":5,"key":"EntropicBrew"},{"floor":7,"key":"Block Potion"},{"floor":11,"key":"LiquidBronze"},{"floor":27,"key":"Block Potion"},{"floor":28,"key":"SkillPotion"},{"floor":31,"key":"SpeedPotion"}],"is_trial":false,"path_per_floor":["M","M","M","M","M","E","M","E","T","R","M","E","?","?","R","B",null,"M","$","?","M","M","E","?","?","T","E","M","R","E","M","R","B",null,"M","?","M","?","?","E","R","E","T","R","?","E","M","?","R","B",null,"R","$","E","B",null],"character_chosen":"IRONCLAD","items_purchased":["Inflame","Shockwave","Oddly Smooth Stone"],"campfire_rested":0,"item_purchase_floors":[19,19,19],"current_hp_per_floor":[96,96,93,94,96,86,89,89,89,89,92,85,91,80,80,43,102,102,102,102,102,102,102,102,102,102,102,102,102,104,104,104,91,104,106,106,106,106,106,107,107,105,105,105,97,97,104,120,120,120,120,120,120,123,88],"gold":0,"neow_bonus":"TWENTY_PERCENT_HP_BONUS","is_prod":false,"is_daily":false,"chose_seed":false,"campfire_upgraded":6,"win_rate":0,"timestamp":1554328411,"path_taken":["M","M","M","M","M","E","M","E","T","R","?","E","?","?","R","BOSS","M","$","?","M","M","E","?","?","T","E","?","R","E","M","R","BOSS","M","?","?","?","?","E","R","E","T","R","?","E","M","?","R","BOSS","R","$","E","BOSS"],"build_version":"2019-03-15","purchased_purges":1,"victory":true,"max_hp_per_floor":[96,96,96,96,96,96,96,96,96,96,96,96,102,102,102,102,102,102,102,102,102,102,102,102,102,102,102,102,102,104,104,104,104,104,106,106,106,106,106,109,109,111,111,111,113,113,115,120,120,120,120,120,120,123,123],"card_choices":[{"not_picked":["Burning Pact","Warcry"],"picked":"Armaments","floor":1},{"not_picked":["Twin Strike","Pommel Strike"],"picked":"Hemokinesis","floor":2},{"not_picked":["Carnage","Heavy Blade"],"picked":"Inflame","floor":3},{"not_picked":["Seeing Red","Pommel Strike"],"picked":"Sword Boomerang","floor":4},{"not_picked":["Flex","Heavy Blade"],"picked":"Cleave","floor":5},{"not_picked":["True Grit","Thunderclap"],"picked":"Battle Trance","floor":6},{"not_picked":["Heavy Blade","Clash"],"picked":"Battle Trance","floor":7},{"not_picked":["Wild Strike","Rage"],"picked":"Spot Weakness","floor":8},{"not_picked":["Flex","Shrug It Off"],"picked":"Offering","floor":11},{"not_picked":["Burning Pact","Armaments"],"picked":"Metallicize","floor":12},{"not_picked":["Corruption","Warcry"],"picked":"Iron Wave","floor":14},{"not_picked":["Immolate","Bludgeon"],"picked":"Reaper","floor":16},{"not_picked":["Clothesline","Rampage"],"picked":"Thunderclap+1","floor":18},{"not_picked":["Thunderclap","Seeing Red"],"picked":"Shrug It Off+1","floor":20},{"not_picked":["Clash","Metallicize"],"picked":"Shrug It Off","floor":21},{"not_picked":["Searing Blow","Shrug It Off+1"],"picked":"Sword Boomerang+1","floor":22},{"not_picked":["Twin Strike","Berserk"],"picked":"Evolve+1","floor":23},{"not_picked":["Shrug It Off","Clothesline+1"],"picked":"Feel No Pain","floor":27},{"not_picked":["Heavy Blade","Anger"],"picked":"Uppercut","floor":28},{"not_picked":["Body Slam","Twin Strike+1","Heavy Blade"],"picked":"Singing Bowl","floor":30},{"not_picked":["Uppercut","Searing Blow"],"picked":"Havoc","floor":31},{"not_picked":["Bludgeon","Berserk"],"picked":"Feed","floor":33},{"not_picked":["Armaments","Bloodletting","Anger+1"],"picked":"Singing Bowl","floor":35},{"not_picked":["Second Wind+1","Armaments"],"picked":"Spot Weakness+1","floor":37},{"not_picked":["Flame Barrier","Wild Strike"],"picked":"Warcry","floor":40},{"not_picked":["Fire Breathing","Twin Strike+1","Thunderclap"],"picked":"Singing Bowl","floor":42},{"not_picked":["Bandage Up","Dramatic Entrance"],"picked":"Mayhem","floor":45},{"not_picked":["Sadistic Nature","Forethought","HandOfGreed"],"picked":"Singing Bowl","floor":45},{"not_picked":["Jack Of All Trades","Dramatic Entrance"],"picked":"Discovery","floor":45},{"not_picked":["Sword Boomerang+1","Cleave+1"],"picked":"Iron Wave+1","floor":46},{"not_picked":["Bloodletting+1","Twin Strike+1","Evolve+1"],"picked":"Singing Bowl","floor":47},{"not_picked":["Dual Wield","Evolve+1","Dropkick"],"picked":"Singing Bowl","floor":48},{"not_picked":["Clothesline","Wild Strike"],"picked":"True Grit+1","floor":54}],"player_experience":5132029,"relics_obtained":[{"floor":6,"key":"Bronze Scales"},{"floor":8,"key":"Dream Catcher"},{"floor":9,"key":"Singing Bowl"},{"floor":12,"key":"Peace Pipe"},{"floor":14,"key":"Boot"},{"floor":20,"key":"Thread and Needle"},{"floor":20,"key":"Sundial"},{"floor":23,"key":"Mummified Hand"},{"floor":26,"key":"Dead Branch"},{"floor":27,"key":"Charon\u0027s Ashes"},{"floor":30,"key":"Meat on the Bone"},{"floor":40,"key":"Regal Pillow"},{"floor":42,"key":"Ice Cream"},{"floor":46,"key":"PreservedInsect"},{"floor":48,"key":"Champion Belt"},{"floor":54,"key":"Self Forming Clay"}],"event_choices":[{"damage_healed":0,"gold_gain":0,"player_choice":"Box","damage_taken":0,"relics_obtained":["Darkstone Periapt"],"max_hp_gain":0,"max_hp_loss":0,"event_name":"Big Fish","floor":13,"gold_loss":0,"cards_obtained":["Regret"]},{"damage_healed":0,"gold_gain":0,"player_choice":"Searched \u00271\u0027 times","damage_taken":0,"max_hp_gain":0,"max_hp_loss":0,"event_name":"Dead Adventurer","floor":14,"gold_loss":0},{"damage_healed":0,"gold_gain":0,"player_choice":"Fight","damage_taken":0,"max_hp_gain":0,"max_hp_loss":0,"event_name":"Colosseum","floor":20,"gold_loss":0},{"damage_healed":0,"gold_gain":0,"player_choice":"Fought Nobs","damage_taken":0,"max_hp_gain":0,"max_hp_loss":0,"event_name":"Colosseum","floor":20,"gold_loss":0},{"damage_healed":0,"gold_gain":0,"player_choice":"Ignored","damage_taken":0,"max_hp_gain":0,"max_hp_loss":0,"event_name":"Vampires","floor":24,"gold_loss":0},{"damage_healed":0,"gold_gain":0,"player_choice":"Ignored","damage_taken":0,"max_hp_gain":0,"max_hp_loss":0,"event_name":"Ghosts","floor":25,"gold_loss":0},{"damage_healed":0,"gold_gain":0,"cards_transformed":["Strike_R"],"player_choice":"Transformed","damage_taken":0,"max_hp_gain":0,"max_hp_loss":0,"event_name":"Transmorgrifier","floor":36,"gold_loss":0,"cards_obtained":["Metallicize"]},{"damage_healed":0,"gold_gain":0,"player_choice":"Paid","damage_taken":0,"relics_obtained":["Red Mask"],"max_hp_gain":0,"max_hp_loss":0,"event_name":"Tomb of Lord Red Mask","floor":38,"gold_loss":0},{"cards_removed":["Cleave"],"damage_healed":0,"gold_gain":0,"player_choice":"Removed Attack","damage_taken":0,"max_hp_gain":0,"max_hp_loss":0,"event_name":"Falling","floor":39,"gold_loss":0},{"damage_healed":0,"gold_gain":0,"player_choice":"Memory 3","damage_taken":10,"max_hp_gain":0,"max_hp_loss":0,"event_name":"SensoryStone","floor":45,"gold_loss":0},{"damage_healed":0,"gold_gain":0,"player_choice":"Fight","damage_taken":0,"max_hp_gain":0,"max_hp_loss":0,"event_name":"MindBloom","floor":48,"gold_loss":0}],"is_beta":true,"boss_relics":[{"not_picked":["Runic Pyramid","Empty Cage"],"picked":"Ectoplasm"},{"not_picked":["Snecko Eye","Velvet Choker"],"picked":"Sozu"}],"items_purged_floors":[19],"is_endless":false,"potions_floor_spawned":[3,4,5,7,11,12,18,20,27,28,31,40,47],"ascension_level":1}