{"gold_per_floor":[361,1,13,13,13,46,46,78,124,138,156,156,187,201,201,298,298,316,316,18,19,39,70,70,88,163,163,193,193,218,229,229,332,332,347,394,407,407,407,440,440,472,519,519,553,566,580,591,591,591,591,591,151,179,179],"floor_reached":56,"playtime":2855,"items_purged":["Strike_B","Strike_B"],"score":1522,"play_id":"c9ed4bb0-cb5f-4598-907c-a8e29bc707d6","local_time":"20190408004215","is_ascension_mode":true,"campfire_choices":[{"data":"Zap","floor":7,"key":"SMITH"},{"data":"Capacitor","floor":15,"key":"SMITH"},{"data":"Defragment","floor":24,"key":"SMITH"},{"data":"Chill","floor":27,"key":"SMITH"},{"data":"Storm","floor":29,"key":"SMITH"},{"data":"Loop","floor":32,"key":"SMITH"},{"floor":41,"key":"RECALL"},{"data":"Biased Cognition","floor":44,"key":"SMITH"},{"data":"Buffer","floor":49,"key":"SMITH"},{"data":"Thunder Strike","floor":52,"key":"SMITH"}],"neow_cost":"TEN_PERCENT_HP_LOSS","seed_source_timestamp":2351833603864194,"circlet_count":0,"master_deck":["Strike_B","Strike_B","Defend_B","Defend_B","Defend_B","Defend_B","Zap+1","Dualcast","Cold Snap","Storm+1","Creative AI+1","FTL","Glacier","Capacitor+1","Double Energy","Thunder Strike+1","Electrodynamics","Go for the Eyes+1","Glacier","Biased Cognition+1","Steam","Steam Power","Ball Lightning+1","Chill+1","Defragment+1","Loop+1","BootSequence+1","Buffer+1","FTL+1","Coolheaded+1","Defragment+1","Reinforced Body+1","Conserve Battery+1","FTL","Compile Driver","Steam Power","Loop+1"],"relics":["Cracked Core","Pantograph","DataDisk","Gremlin Horn","Meat on the Bone","Sozu","Pear","Symbiotic Virus","Bottled Tornado","PreservedInsect","Runic Dome","Omamori","Sundial","Potion Belt","Ornamental Fan","Anchor","Bronze Scales","Cables","StoneCalendar"],"potions_floor_usage":[3,6,6,13,16,28,33,55],"damage_taken":[{"damage":0,"enemies":"Small Slimes","floor":1,"turns":2},{"damage":4,"enemies":"2 Louse","floor":3,"turns":2},{"damage":15,"enemies":"3 Sentries","floor":6,"turns":6},{"damage":12,"enemies":"Lagavulin","floor":8,"turns":5},{"damage":1,"enemies":"Cultist","floor":10,"turns":3},{"damage":0,"enemies":"Blue Slaver","floor":11,"turns":4},{"damage":1,"enemies":"Gremlin Nob","floor":13,"turns":4},{"damage":0,"enemies":"Red Slaver","floor":14,"turns":4},{"damage":0,"enemies":"Slime Boss","floor":16,"turns":5},{"damage":0,"enemies":"3 Byrds","floor":18,"turns":1},{"damage":2,"enemies":"2 Thieves","floor":21,"turns":4},{"damage":0,"enemies":"Cultist and Chosen","floor":22,"turns":5},{"damage":0,"enemies":"Gremlin Leader","floor":23,"turns":6},{"damage":0,"enemies":"Snake Plant","floor":25,"turns":2},{"damage":8,"enemies":"Slavers","floor":28,"turns":4},{"damage":1,"enemies":"Gremlin Leader","floor":30,"turns":5},{"damage":0,"enemies":"Snecko","floor":31,"turns":4},{"damage":7,"enemies":"Collector","floor":33,"turns":7},{"damage":0,"enemies":"Orb Walker","floor":35,"turns":3},{"damage":3,"enemies":"3 Darklings","floor":37,"turns":3},{"damage":0,"enemies":"Nemesis","floor":40,"turns":5},{"damage":0,"enemies":"Giant Head","floor":42,"turns":6},{"damage":0,"enemies":"Reptomancer","floor":45,"turns":4},{"damage":0,"enemies":"4 Shapes","floor":46,"turns":4},{"damage":0,"enemies":"Spire Growth","floor":47,"turns":3},{"damage":0,"enemies":"Sphere and 2 Shapes","floor":48,"turns":5},{"damage":45,"enemies":"Time Eater","floor":50,"turns":9},{"damage":21,"enemies":"Shield and Spear","floor":54,"turns":4},{"damage":71,"enemies":"The Heart","floor":55,"turns":7}],"seed_played":"-5563126305401304734","potions_obtained":[{"floor":3,"key":"EntropicBrew"},{"floor":8,"key":"SkillPotion"},{"floor":10,"key":"Explosive Potion"},{"floor":12,"key":"Regen Potion"},{"floor":12,"key":"Weak Potion"},{"floor":13,"key":"Fire Potion"},{"floor":16,"key":"GamblersBrew"}],"is_trial":false,"path_per_floor":["M","$","M","?","?","E","R","E","T","M","M","?","E","M","R","B",null,"M","?","$","M","M","E","R","M","T","R","E","R","E","M","R","B",null,"M","T","M","T","?","E","R","E","T","R","E","M","M","M","R","B",null,"R","$","E","B",null],"character_chosen":"DEFECT","items_purchased":["Pantograph","Storm","AttackPotion","Biased Cognition","Steam","Steam Power","Cables","Steam Power"],"campfire_rested":0,"item_purchase_floors":[2,2,2,20,20,20,53,53],"current_hp_per_floor":[68,68,64,64,64,49,49,37,37,36,36,36,35,35,35,60,68,68,68,68,66,66,76,76,76,76,76,68,68,67,67,67,71,78,78,78,75,75,75,75,75,75,75,75,75,75,75,75,75,45,78,78,78,57,33],"gold":179,"neow_bonus":"TWO_FIFTY_GOLD","is_prod":false,"is_daily":false,"chose_seed":false,"campfire_upgraded":9,"win_rate":0,"timestamp":1554698535,"path_taken":["M","$","M","?","?","E","R","E","T","?","M","?","E","?","R","BOSS","M","?","$","M","M","E","R","M","T","R","E","R","E","M","R","BOSS","M","?","?","?","?","E","R","E","T","R","E","M","M","?","R","BOSS","R","$","E","BOSS"],"build_version":"2019-04-04","purchased_purges":2,"victory":true,"max_hp_per_floor":[68,68,68,68,68,68,68,68,68,68,68,68,68,68,68,68,68,68,68,68,68,68,78,78,78,78,78,78,78,78,78,78,78,78,78,78,78,78,78,78,78,78,78,78,78,78,78,78,78,78,78,78,78,78,78],"card_choices":[{"not_picked":["Turbo","Beam Cell"],"picked":"Cold Snap","floor":1},{"not_picked":["Beam Cell","Leap"],"picked":"Creative AI","floor":3},{"not_picked":["Hologram","Gash"],"picked":"FTL","floor":6},{"not_picked":["Conserve Battery","Rebound"],"picked":"Glacier","floor":8},{"not_picked":["Rebound","Aggregate","Compile Driver"],"picked":"SKIP","floor":10},{"not_picked":["Leap","Steam"],"picked":"Capacitor","floor":11},{"not_picked":["Steam Power","Static Discharge"],"picked":"Double Energy","floor":13},{"not_picked":["Rebound","Streamline"],"picked":"Thunder Strike","floor":14},{"not_picked":["Echo Form","Creative AI"],"picked":"Electrodynamics","floor":16},{"not_picked":["Lockon","Turbo"],"picked":"Go for the Eyes+1","floor":18},{"not_picked":["Force Field","Turbo"],"picked":"Ball Lightning+1","floor":21},{"not_picked":["Rebound","Coolheaded"],"picked":"Chill","floor":22},{"not_picked":["Rainbow","Stack"],"picked":"Defragment","floor":23},{"not_picked":["Turbo","Chaos","Static Discharge"],"picked":"SKIP","floor":25},{"not_picked":["Leap","Melter"],"picked":"Loop","floor":28},{"not_picked":["Stack","Beam Cell","Doom and Gloom"],"picked":"SKIP","floor":30},{"not_picked":["Leap","Rebound+1"],"picked":"BootSequence+1","floor":31},{"not_picked":["Seek","Creative AI"],"picked":"Buffer","floor":33},{"not_picked":["Sweeping Beam","Aggregate+1"],"picked":"FTL+1","floor":35},{"not_picked":["Gash+1","Cold Snap+1"],"picked":"Coolheaded+1","floor":37},{"not_picked":["Steam+1","Scrape"],"picked":"Defragment+1","floor":40},{"not_picked":["Lockon","Redo+1"],"picked":"Reinforced Body+1","floor":42},{"not_picked":["Steam","Beam Cell+1"],"picked":"Conserve Battery+1","floor":45},{"not_picked":["Go for the Eyes+1","Cold Snap"],"picked":"FTL","floor":46},{"not_picked":["Chaos","Streamline+1"],"picked":"Compile Driver","floor":47},{"not_picked":["Reinforced Body","Rebound","Beam Cell"],"picked":"SKIP","floor":48},{"not_picked":["Chaos","Buffer"],"picked":"Loop+1","floor":54}],"player_experience":5205692,"relics_obtained":[{"floor":6,"key":"DataDisk"},{"floor":8,"key":"Gremlin Horn"},{"floor":13,"key":"Meat on the Bone"},{"floor":23,"key":"Pear"},{"floor":26,"key":"Symbiotic Virus"},{"floor":28,"key":"Bottled Tornado"},{"floor":30,"key":"PreservedInsect"},{"floor":36,"key":"Omamori"},{"floor":38,"key":"Sundial"},{"floor":40,"key":"Potion Belt"},{"floor":42,"key":"Ornamental Fan"},{"floor":43,"key":"Anchor"},{"floor":45,"key":"Bronze Scales"},{"floor":54,"key":"StoneCalendar"}],"event_choices":[{"damage_healed":0,"gold_gain":0,"player_choice":"Leave","damage_taken":0,"max_hp_gain":0,"max_hp_loss":0,"event_name":"The Cleric","floor":4,"gold_loss":0},{"damage_healed":0,"gold_gain":0,"player_choice":"Upgraded","damage_taken":0,"max_hp_gain":0,"max_hp_loss":0,"event_name":"Upgrade Shrine","floor":5,"gold_loss":0,"cards_upgraded":["Creative AI"]},{"damage_healed":0,"gold_gain":0,"player_choice":"Got Potions","damage_taken":0,"max_hp_gain":0,"max_hp_loss":0,"event_name":"Lab","floor":12,"gold_loss":0},{"damage_healed":0,"gold_gain":0,"player_choice":"Copied","damage_taken":0,"max_hp_gain":0,"max_hp_loss":0,"event_name":"Duplicator","floor":19,"gold_loss":0,"cards_obtained":["Glacier"]},{"damage_healed":0,"gold_gain":0,"player_choice":"1 cards matched","damage_taken":0,"max_hp_gain":0,"max_hp_loss":0,"event_name":"Match and Keep!","floor":39,"gold_loss":0,"cards_obtained":["Shame"]}],"is_beta":true,"boss_relics":[{"not_picked":["Tiny House","White Beast Statue"],"picked":"Sozu"},{"not_picked":["Pandora\u0027s Box","Nuclear Battery"],"picked":"Runic Dome"}],"items_purged_floors":[20,53],"is_endless":false,"potions_floor_spawned":[3,8,10,13,16,18,21,23,30,40,42,46,47],"ascension_level":1}