{"gold_per_floor":[116,92,92,92,115,159,159,48,78,78,103,127,127,152,152,272,272,295,314,229,229,229,229,95,95,95,59,59,103,128,3,3,3],"floor_reached":33,"playtime":715,"items_purged":["Injury","Writhe","Doubt"],"score":383,"play_id":"8b6eb762-8966-4e6c-b993-f4f91aed52c1","local_time":"20190204182114","is_ascension_mode":true,"campfire_choices":[{"data":"Armaments","floor":10,"key":"SMITH"},{"data":"Body Slam","floor":13,"key":"SMITH"},{"data":"Power Through","floor":15,"key":"SMITH"},{"data":"Berserk","floor":23,"key":"SMITH"},{"data":"Rupture","floor":25,"key":"SMITH"},{"data":"Combust","floor":28,"key":"SMITH"},{"floor":32,"key":"RECALL"}],"neow_cost":"NONE","seed_source_timestamp":495254260996923,"circlet_count":0,"master_deck":["Strike_R","Strike_R","Strike_R","Strike_R","Strike_R","Defend_R","Defend_R","Defend_R","Defend_R","Bash","Armaments+1","Armaments+1","Power Through+1","Clothesline","Seeing Red","Sword Boomerang","Body Slam+1","Berserk+1","Evolve+1","Battle Trance","Rupture+1","Combust+1","Entrench+1","Ghostly Armor"],"relics":["Burning Blood","NeowsBlessing","Golden Idol","Centennial Puzzle","Tiny Chest","Vajra","Cursed Key","Happy Flower","MutagenicStrength","Letter Opener","Pear","Anchor"],"potions_floor_usage":[16,29,30],"damage_taken":[{"damage":0,"enemies":"Cultist","floor":1,"turns":1},{"damage":0,"enemies":"Jaw Worm","floor":5,"turns":1},{"damage":0,"enemies":"Gremlin Nob","floor":6,"turns":1},{"damage":2,"enemies":"2 Louse","floor":11,"turns":2},{"damage":12,"enemies":"Blue Slaver","floor":12,"turns":5},{"damage":24,"enemies":"The Guardian","floor":16,"turns":15},{"damage":12,"enemies":"2 Thieves","floor":18,"turns":4},{"damage":14,"enemies":"3 Byrds","floor":19,"turns":7},{"damage":23,"enemies":"Book of Stabbing","floor":29,"turns":5},{"damage":0,"enemies":"Centurion and Healer","floor":30,"turns":3},{"damage":89,"enemies":"Automaton","floor":33,"turns":6}],"seed_played":"13576364802609807","potions_obtained":[{"floor":1,"key":"SteroidPotion"},{"floor":6,"key":"BloodPotion"},{"floor":18,"key":"SteroidPotion"}],"is_trial":false,"path_per_floor":["M","$","?","?","M","E","?","$","T","R","M","M","R","T","R","B",null,"M","M","?","?","T","R","$","R","T","$","R","E","M","$","R","B"],"character_chosen":"IRONCLAD","items_purchased":["Armaments","Seeing Red","Rupture","Combust"],"campfire_rested":0,"item_purchase_floors":[2,8,24,27],"current_hp_per_floor":[78,78,78,78,80,80,80,80,80,80,80,74,74,74,74,56,74,68,60,60,60,60,60,60,60,70,70,70,62,68,68,68,0],"gold":3,"neow_bonus":"THREE_ENEMY_KILL","is_prod":false,"is_daily":false,"chose_seed":false,"campfire_upgraded":6,"win_rate":0,"timestamp":1549315274,"path_taken":["M","$","?","?","M","E","?","?","T","R","?","M","R","?","R","BOSS","M","?","?","?","?","R","$","R","T","$","R","E","?","?","R","BOSS"],"build_version":"2019-01-23","purchased_purges":3,"victory":false,"max_hp_per_floor":[80,80,80,80,80,80,80,80,80,80,80,80,80,80,80,80,80,80,80,80,80,80,80,80,80,90,90,90,90,90,90,90,90],"card_choices":[{"not_picked":["Whirlwind","Thunderclap"],"picked":"Armaments","floor":1},{"not_picked":["Evolve","Reckless Charge"],"picked":"Power Through","floor":5},{"not_picked":["Wild Strike","Exhume"],"picked":"Clothesline","floor":6},{"not_picked":["Blood for Blood","Warcry"],"picked":"Sword Boomerang","floor":11},{"not_picked":["Havoc","Burning Pact"],"picked":"Body Slam","floor":12},{"not_picked":["Juggernaut","Dark Embrace"],"picked":"Berserk","floor":16},{"not_picked":["Warcry","Havoc"],"picked":"Evolve+1","floor":18},{"not_picked":["Flex","Sentinel"],"picked":"Battle Trance","floor":19},{"not_picked":["Thunderclap","Anger"],"picked":"Entrench+1","floor":29},{"not_picked":["Searing Blow","Clothesline"],"picked":"Ghostly Armor","floor":30}],"player_experience":713864,"relics_obtained":[{"floor":6,"key":"Centennial Puzzle"},{"floor":9,"key":"Tiny Chest"},{"floor":14,"key":"Vajra"},{"floor":22,"key":"Letter Opener"},{"floor":26,"key":"Pear"},{"floor":29,"key":"Anchor"}],"event_choices":[{"damage_healed":0,"gold_gain":0,"player_choice":"Leave","damage_taken":0,"max_hp_gain":0,"max_hp_loss":0,"event_name":"The Cleric","floor":3,"gold_loss":0},{"damage_healed":0,"gold_gain":0,"player_choice":"Take Wound","damage_taken":0,"relics_obtained":["Golden Idol"],"max_hp_gain":0,"max_hp_loss":0,"event_name":"Golden Idol","floor":4,"gold_loss":0,"cards_obtained":["Injury"]},{"damage_healed":0,"gold_gain":0,"player_choice":"Grow","damage_taken":0,"max_hp_gain":0,"max_hp_loss":0,"event_name":"Living Wall","floor":7,"gold_loss":0,"cards_upgraded":["Armaments"]},{"damage_healed":0,"gold_gain":0,"player_choice":"Obtained Relic","damage_taken":0,"relics_obtained":["Happy Flower"],"max_hp_gain":0,"max_hp_loss":0,"event_name":"Addict","floor":20,"gold_loss":85},{"damage_healed":0,"gold_gain":0,"player_choice":"Inject Mutagens","damage_taken":0,"relics_obtained":["MutagenicStrength"],"max_hp_gain":0,"max_hp_loss":0,"event_name":"Drug Dealer","floor":21,"gold_loss":0}],"is_beta":false,"boss_relics":[{"not_picked":["Coffee Dripper","Ectoplasm"],"picked":"Cursed Key"}],"items_purged_floors":[8,24,31],"is_endless":false,"potions_floor_spawned":[1,6,18],"killed_by":"Automaton","ascension_level":7}