{"gold_per_floor":[113,123,123,138,148,173,173,202,202,202,214,86,86,112,112,214,214,226,241,241,166,166,166,185,199,225,253,263,280,294,319,319,319],"floor_reached":33,"playtime":2471,"items_purged":[],"score":427,"play_id":"6ee20fe5-bcb4-46e2-9746-f782dbd073f5","local_time":"20180713145954","is_ascension_mode":true,"campfire_choices":[{"floor":7,"key":"REST"},{"data":"White Noise","floor":10,"key":"SMITH"},{"floor":13,"key":"REST"},{"floor":15,"key":"REST"},{"data":"Fusion","floor":23,"key":"SMITH"},{"floor":32,"key":"REST"}],"neow_cost":"NONE","seed_source_timestamp":52331367790575,"circlet_count":0,"master_deck":["Defend_B","Defend_B","Defend_B","Defend_B","Dualcast","Chill","Glacier","Steam","Go for the Eyes","White Noise+1","Conserve Battery","Sweeping Beam+1","Glacier","Hyperbeam+1","Go for the Eyes+1","Double Energy","Bite+1","Bite+1","Bite+1","Bite+1","Bite+1","Fusion+1","Sweeping Beam+1","Compile Driver+1","Sunder+1","Sunder+1","Blizzard+1","Undo","Defragment+1"],"relics":["Cracked Core","Potion Belt","Centennial Puzzle","Strawberry","Ginger","Molten Egg 2","Mummified Hand","White Beast Statue","Lantern","Dead Branch","Symbiotic Virus"],"potions_floor_usage":[6,16,16,24,24,25,25,29,31,33,33,33],"damage_taken":[{"damage":5,"enemies":"2 Louse","floor":1,"turns":2},{"damage":0,"enemies":"Cultist","floor":2,"turns":4},{"damage":0,"enemies":"Jaw Worm","floor":4,"turns":4},{"damage":0,"enemies":"Large Slime","floor":5,"turns":7},{"damage":15,"enemies":"Gremlin Nob","floor":6,"turns":5},{"damage":9,"enemies":"3 Sentries","floor":8,"turns":10},{"damage":3,"enemies":"Exordium Wildlife","floor":11,"turns":4},{"damage":55,"enemies":"Gremlin Nob","floor":14,"turns":5},{"damage":63,"enemies":"Slime Boss","floor":16,"turns":17},{"damage":12,"enemies":"2 Thieves","floor":18,"turns":3},{"damage":5,"enemies":"Shell Parasite","floor":19,"turns":10},{"damage":2,"enemies":"Centurion and Healer","floor":24,"turns":3},{"damage":0,"enemies":"Snecko","floor":25,"turns":4},{"damage":34,"enemies":"Gremlin Leader","floor":27,"turns":7},{"damage":7,"enemies":"3 Cultists","floor":28,"turns":3},{"damage":11,"enemies":"Sentry and Sphere","floor":29,"turns":4},{"damage":16,"enemies":"Snake Plant","floor":30,"turns":2},{"damage":11,"enemies":"Slavers","floor":31,"turns":2},{"damage":78,"enemies":"Champ","floor":33,"turns":10}],"seed_played":"7255382116379296777","potions_obtained":[{"floor":1,"key":"Strength Potion"},{"floor":4,"key":"SpeedPotion"},{"floor":11,"key":"Regen Potion"},{"floor":14,"key":"SpeedPotion"},{"floor":16,"key":"Swift Potion"},{"floor":18,"key":"Ancient Potion"},{"floor":19,"key":"Weak Potion"},{"floor":24,"key":"GamblersBrew"},{"floor":25,"key":"Regen Potion"},{"floor":27,"key":"GamblersBrew"},{"floor":28,"key":"SkillPotion"},{"floor":29,"key":"GamblersBrew"},{"floor":30,"key":"Regen Potion"},{"floor":31,"key":"Poison Potion"}],"is_trial":false,"path_per_floor":["M","M","?","M","M","E","R","E","T","R","M","$","R","E","R","B",null,"M","M","?","?","?","R","M","M","T","E","M","M","M","E","R"],"character_chosen":"DEFECT","items_purchased":["Sweeping Beam+1","Glacier"],"campfire_rested":4,"item_purchase_floors":[12,12],"current_hp_per_floor":[63,63,63,63,63,55,79,70,70,70,67,67,82,27,51,3,62,50,45,45,45,45,45,57,57,57,32,34,46,36,33,50,0],"gold":319,"neow_bonus":"RANDOM_COMMON_RELIC","is_prod":false,"is_daily":false,"chose_seed":false,"campfire_upgraded":2,"win_rate":0,"timestamp":1531504794,"path_taken":["M","M","?","M","?","E","R","E","T","R","M","$","R","E","R","BOSS","M","?","?","?","?","R","M","M","T","E","M","?","M","E","R","BOSS"],"build_version":"2018-07-12","purchased_purges":0,"victory":false,"max_hp_per_floor":[75,75,75,75,75,82,82,82,82,82,82,82,82,82,82,82,82,82,82,57,57,57,57,57,57,57,57,57,57,57,57,57,57],"card_choices":[{"not_picked":["Force Field","Streamline"],"picked":"Chill","floor":1},{"not_picked":["Barrage","Leap"],"picked":"Glacier","floor":2},{"not_picked":["Stack","Scrape","Lockon"],"picked":"SKIP","floor":4},{"not_picked":["Skim","Barrage"],"picked":"Steam","floor":5},{"not_picked":["Stack","Cold Snap"],"picked":"Go for the Eyes","floor":6},{"not_picked":["Beam Cell","Tempest"],"picked":"White Noise","floor":8},{"not_picked":["Doom and Gloom+1","Static Discharge"],"picked":"Conserve Battery","floor":11},{"not_picked":["Thunder Strike+1","Redo","Recycle"],"picked":"SKIP","floor":14},{"not_picked":["All For One+1","Multi-Cast"],"picked":"Hyperbeam+1","floor":16},{"not_picked":["Barrage+1","BootSequence"],"picked":"Go for the Eyes+1","floor":18},{"not_picked":["Leap","Hologram"],"picked":"Double Energy","floor":19},{"not_picked":["Streamline+1","Gash+1"],"picked":"Sweeping Beam+1","floor":24},{"not_picked":["Turbo","White Noise"],"picked":"Compile Driver+1","floor":25},{"not_picked":["Compile Driver+1","Fusion"],"picked":"Sunder+1","floor":27},{"not_picked":["Double Energy","Gash+1"],"picked":"Sunder+1","floor":28},{"not_picked":["Beam Cell+1","Gash+1"],"picked":"Blizzard+1","floor":29},{"not_picked":["Rainbow","Chill"],"picked":"Undo","floor":30},{"not_picked":["Coolheaded+1","Conserve Battery+1"],"picked":"Defragment+1","floor":31}],"player_experience":475013,"relics_obtained":[{"floor":6,"key":"Strawberry"},{"floor":8,"key":"Ginger"},{"floor":9,"key":"Molten Egg 2"},{"floor":14,"key":"Mummified Hand"},{"floor":26,"key":"Lantern"},{"floor":27,"key":"Dead Branch"},{"floor":31,"key":"Symbiotic Virus"}],"event_choices":[{"event_name":"Wheel of Change","player_choice":"Relic","floor":3,"damage_taken":0},{"event_name":"Vampires","player_choice":"Became a vampire","floor":20,"damage_taken":0},{"event_name":"Beggar","player_choice":"Gave Gold","floor":21,"damage_taken":0},{"event_name":"The Library","player_choice":"Read","floor":22,"damage_taken":0}],"boss_relics":[{"not_picked":["Ectoplasm","Nuclear Battery"],"picked":"White Beast Statue"}],"items_purged_floors":[],"is_endless":false,"potions_floor_spawned":[1,4,11,14,16,18,19,24,25,27,28,29,30,31],"killed_by":"Champ","ascension_level":6}