{"gold_per_floor":[359,98,98,131,171,171,224,224,224,224,287,357,397,333,333,333],"floor_reached":16,"playtime":447,"items_purged":["Injury"],"score":190,"play_id":"13d17959-f8b9-4554-b291-16cb18553b71","local_time":"20190509225652","is_ascension_mode":true,"campfire_choices":[{"data":"HandOfGreed","floor":6,"key":"SMITH"},{"data":"Bash","floor":8,"key":"SMITH"},{"data":"Cleave","floor":10,"key":"SMITH"},{"floor":15,"key":"REST"}],"neow_cost":"CURSE","seed_source_timestamp":2452244897051529,"circlet_count":0,"master_deck":["AscendersBane","Strike_R","Strike_R","Strike_R","Strike_R","Strike_R","Defend_R","Defend_R","Defend_R","Defend_R","Bash+1","Cleave+1","HandOfGreed+1","Headbutt","Inflame","Fiend Fire"],"relics":["Burning Blood","Golden Idol","Dodecahedron"],"potions_floor_usage":[13,16],"damage_taken":[{"damage":4,"enemies":"2 Louse","floor":1,"turns":4},{"damage":9,"enemies":"Jaw Worm","floor":4,"turns":4},{"damage":8,"enemies":"Cultist","floor":5,"turns":5},{"damage":12,"enemies":"2 Fungi Beasts","floor":11,"turns":3},{"damage":18,"enemies":"Exordium Thugs","floor":12,"turns":3},{"damage":25,"enemies":"Lagavulin","floor":13,"turns":5},{"damage":50,"enemies":"The Guardian","floor":16,"turns":9}],"seed_played":"-2577590762952435458","potions_obtained":[{"floor":1,"key":"LiquidBronze"},{"floor":12,"key":"Energy Potion"}],"is_trial":false,"path_per_floor":["M","$","?","M","M","R","?","R","T","R","M","M","E","?","R","B"],"character_chosen":"IRONCLAD","items_purchased":["HandOfGreed"],"campfire_rested":1,"item_purchase_floors":[2],"current_hp_per_floor":[70,70,68,65,63,63,63,63,63,63,57,45,26,26,46,0],"gold":333,"neow_bonus":"TWO_FIFTY_GOLD","is_prod":false,"is_daily":false,"chose_seed":false,"campfire_upgraded":3,"win_rate":0,"timestamp":1557453412,"path_taken":["M","$","?","M","M","R","?","R","T","R","M","M","E","?","R","BOSS"],"build_version":"2019-01-23","purchased_purges":1,"victory":false,"max_hp_per_floor":[75,75,68,68,68,68,68,68,68,68,68,68,68,68,68,68],"card_choices":[{"not_picked":["Pommel Strike","Iron Wave"],"picked":"Cleave","floor":1},{"not_picked":["Flex","Rampage"],"picked":"Headbutt","floor":4},{"not_picked":["Headbutt","Carnage","Heavy Blade"],"picked":"SKIP","floor":5},{"not_picked":["Clothesline","Heavy Blade","Hemokinesis"],"picked":"SKIP","floor":11},{"not_picked":["Clothesline","Heavy Blade","Hemokinesis"],"picked":"SKIP","floor":11},{"not_picked":["Ghostly Armor","True Grit"],"picked":"Inflame","floor":12},{"not_picked":["Body Slam","Cleave"],"picked":"Fiend Fire","floor":13}],"player_experience":1318508,"relics_obtained":[{"floor":13,"key":"Dodecahedron"}],"event_choices":[{"damage_healed":0,"gold_gain":0,"player_choice":"Lose Max HP","damage_taken":0,"relics_obtained":["Golden Idol"],"max_hp_gain":0,"max_hp_loss":7,"event_name":"Golden Idol","floor":3,"gold_loss":0},{"damage_healed":0,"gold_gain":53,"player_choice":"Gained Gold","damage_taken":0,"max_hp_gain":0,"max_hp_loss":0,"event_name":"Golden Wing","floor":7,"gold_loss":0},{"damage_healed":0,"gold_gain":0,"player_choice":"Left Gold","damage_taken":0,"max_hp_gain":0,"max_hp_loss":0,"event_name":"World of Goop","floor":14,"gold_loss":64}],"is_beta":false,"boss_relics":[],"items_purged_floors":[2],"is_endless":false,"potions_floor_spawned":[1,12],"killed_by":"The Guardian","ascension_level":18}