{"gold_per_floor":[111,36,36,54,74,74,109,124,147,174,187,262,262,262,262,361,361,371,79,79,79,79,79,114,114,141,141,158,185,25,45,45,140,140,160,260,260,278,293,293,328,328,396,429,440,450,460,91,91,91,91,91,6,36,36],"floor_reached":55,"playtime":2882,"items_purged":["Strike_G","Strike_G","Strike_G"],"score":848,"play_id":"6ad20444-4405-49f4-aadf-fe59cb9b1d50","local_time":"20190328234732","is_ascension_mode":false,"campfire_choices":[{"data":"Dagger Spray","floor":6,"key":"SMITH"},{"data":"Noxious Fumes","floor":13,"key":"SMITH"},{"data":"Noxious Fumes","floor":15,"key":"SMITH"},{"data":"A Thousand Cuts","floor":23,"key":"SMITH"},{"data":"Prepared","floor":25,"key":"SMITH"},{"data":"Caltrops","floor":27,"key":"SMITH"},{"data":"Footwork","floor":32,"key":"SMITH"},{"data":"Blade Dance","floor":40,"key":"SMITH"},{"data":"Acrobatics","floor":42,"key":"SMITH"},{"floor":49,"key":"RECALL"},{"data":"Leg Sweep","floor":52,"key":"SMITH"}],"neow_cost":"NONE","seed_source_timestamp":652099165525577,"circlet_count":0,"master_deck":["Defend_G","Defend_G","Defend_G","Defend_G","Strike_G+1","Survivor","Neutralize+1","Flying Knee","Leg Sweep+1","Dagger Spray+1","Noxious Fumes+1","Caltrops+1","Acrobatics+1","Noxious Fumes+1","A Thousand Cuts+1","Backflip","Blade Dance+1","Prepared+1","Deflect+1","Cloak And Dagger","Footwork+1","Cloak And Dagger","Bullet Time","Blade Dance+1","Dodge and Roll+1","Shame","Quick Slash+1","Blur+1","Infinite Blades","Finisher","Acrobatics+1"],"relics":["Ring of the Snake","Vajra","Whetstone","Ancient Tea Set","FaceOfCleric","Eternal Feather","Tiny Chest","Turnip","Oddly Smooth Stone","Anchor","Cursed Key","Thread and Needle","Blood Vial","Darkstone Periapt","Bottled Tornado","Kunai"],"potions_floor_usage":[16,18,18,41,54,55,55],"damage_taken":[{"damage":0,"enemies":"Jaw Worm","floor":1,"turns":5},{"damage":0,"enemies":"Cultist","floor":4,"turns":2},{"damage":0,"enemies":"Small Slimes","floor":5,"turns":3},{"damage":10,"enemies":"Gremlin Nob","floor":7,"turns":5},{"damage":12,"enemies":"Exordium Thugs","floor":8,"turns":5},{"damage":11,"enemies":"Lagavulin","floor":10,"turns":7},{"damage":4,"enemies":"Looter","floor":11,"turns":4},{"damage":3,"enemies":"Hexaghost","floor":16,"turns":7},{"damage":12,"enemies":"Chosen","floor":18,"turns":5},{"damage":52,"enemies":"Colosseum Slavers","floor":21,"turns":6},{"damage":22,"enemies":"Gremlin Leader","floor":24,"turns":6},{"damage":3,"enemies":"2 Thieves","floor":28,"turns":3},{"damage":29,"enemies":"Slavers","floor":29,"turns":5},{"damage":1,"enemies":"Shelled Parasite and Fungi","floor":31,"turns":7},{"damage":0,"enemies":"Automaton","floor":33,"turns":10},{"damage":12,"enemies":"3 Darklings","floor":35,"turns":4},{"damage":0,"enemies":"Mind Bloom Boss Battle","floor":36,"turns":6},{"damage":0,"enemies":"Orb Walker","floor":38,"turns":4},{"damage":0,"enemies":"Transient","floor":39,"turns":5},{"damage":16,"enemies":"Nemesis","floor":41,"turns":7},{"damage":0,"enemies":"Giant Head","floor":44,"turns":8},{"damage":0,"enemies":"4 Shapes","floor":45,"turns":4},{"damage":6,"enemies":"Sphere and 2 Shapes","floor":46,"turns":5},{"damage":0,"enemies":"Transient","floor":47,"turns":5},{"damage":45,"enemies":"Awakened One","floor":50,"turns":14},{"damage":28,"enemies":"Shield and Spear","floor":54,"turns":7},{"damage":73,"enemies":"The Heart","floor":55,"turns":5}],"seed_played":"-1044695115916851253","potions_obtained":[{"floor":1,"key":"Poison Potion"},{"floor":5,"key":"AttackPotion"},{"floor":11,"key":"Energy Potion"},{"floor":28,"key":"Regen Potion"},{"floor":31,"key":"GamblersBrew"},{"floor":35,"key":"Swift Potion"},{"floor":45,"key":"SmokeBomb"},{"floor":54,"key":"Ancient Potion"}],"is_trial":false,"path_per_floor":["M","$","?","M","M","R","E","M","T","E","M","?","R","?","R","B",null,"M","$","?","?","?","R","E","R","T","R","M","E","$","M","R","B",null,"M","?","?","M","M","R","E","R","T","E","M","M","M","$","R","B",null,"R","$","E","B"],"character_chosen":"THE_SILENT","items_purchased":["Blade Dance","Prepared","Tiny Chest","Footwork","Bottled Tornado","Strength Potion","Infinite Blades","PowerPotion","Finisher"],"campfire_rested":0,"item_purchase_floors":[19,19,19,30,48,48,48,53,53],"current_hp_per_floor":[70,70,70,70,70,70,60,48,48,37,33,22,22,22,22,20,71,60,60,60,9,83,83,62,74,74,84,82,54,54,54,66,67,88,77,78,78,79,80,92,77,92,92,94,95,90,93,93,97,53,98,98,98,71,0],"gold":36,"neow_bonus":"UPGRADE_CARD","is_prod":false,"is_daily":false,"chose_seed":false,"campfire_upgraded":10,"win_rate":0,"timestamp":1553816852,"path_taken":["M","$","?","M","M","R","E","?","T","E","M","?","R","?","R","BOSS","M","$","?","?","?","R","E","R","T","R","?","E","$","M","R","BOSS","M","?","?","M","M","R","E","R","T","E","M","M","M","?","R","BOSS","R","$","E","BOSS"],"build_version":"2019-03-15","purchased_purges":3,"victory":false,"max_hp_per_floor":[70,70,70,70,70,70,70,70,70,70,70,70,70,70,70,71,71,72,72,72,73,83,83,84,84,84,84,85,86,86,87,87,88,88,89,90,90,91,92,92,93,93,93,94,95,96,97,97,97,98,98,98,98,99,99],"card_choices":[{"not_picked":["Distraction","Sucker Punch"],"picked":"Flying Knee","floor":1},{"not_picked":["Outmaneuver","Infinite Blades"],"picked":"Leg Sweep","floor":4},{"not_picked":["Cloak And Dagger","Deadly Poison"],"picked":"Dagger Spray","floor":5},{"not_picked":["Quick Slash","Backflip"],"picked":"Noxious Fumes","floor":7},{"not_picked":["Underhanded Strike","Venomology"],"picked":"Caltrops","floor":8},{"not_picked":["Flying Knee","Noxious Fumes"],"picked":"Acrobatics","floor":10},{"not_picked":["Caltrops","Prepared"],"picked":"Noxious Fumes","floor":11},{"not_picked":["Bullet Time","Night Terror"],"picked":"A Thousand Cuts","floor":16},{"not_picked":["Underhanded Strike","Dagger Throw"],"picked":"Backflip","floor":18},{"not_picked":["Flechettes","Masterful Stab"],"picked":"Deflect+1","floor":24},{"not_picked":["Bane","PiercingWail"],"picked":"Cloak And Dagger","floor":28},{"not_picked":["Sucker Punch","Leg Sweep","Dagger Throw"],"picked":"SKIP","floor":29},{"not_picked":["Bane","Quick Slash"],"picked":"Cloak And Dagger","floor":31},{"not_picked":["Malaise","Phantasmal Killer"],"picked":"Bullet Time","floor":33},{"not_picked":["Endless Agony+1","Dagger Throw+1","Underhanded Strike"],"picked":"SKIP","floor":35},{"not_picked":["Poisoned Stab","Slice"],"picked":"Blade Dance+1","floor":36},{"not_picked":["Terror","Poisoned Stab"],"picked":"Dodge and Roll+1","floor":38},{"not_picked":["Skewer+1","Flying Knee","Deadly Poison+1"],"picked":"SKIP","floor":39},{"not_picked":["Bane","Noxious Fumes+1","Dodge and Roll"],"picked":"SKIP","floor":41},{"not_picked":["All Out Attack+1","Catalyst"],"picked":"Quick Slash+1","floor":44},{"not_picked":["Blur","Quick Slash+1","Prepared"],"picked":"SKIP","floor":45},{"not_picked":["PiercingWail+1","Flechettes+1","Deflect"],"picked":"SKIP","floor":46},{"not_picked":["Phantasmal Killer","Poisoned Stab+1"],"picked":"Blur+1","floor":47},{"not_picked":["Blade Dance+1","Bane+1"],"picked":"Acrobatics+1","floor":54}],"player_experience":1170984,"relics_obtained":[{"floor":7,"key":"Vajra"},{"floor":9,"key":"Whetstone"},{"floor":10,"key":"Ancient Tea Set"},{"floor":24,"key":"Turnip"},{"floor":26,"key":"Oddly Smooth Stone"},{"floor":29,"key":"Anchor"},{"floor":36,"key":"Thread and Needle"},{"floor":41,"key":"Blood Vial"},{"floor":44,"key":"Darkstone Periapt"},{"floor":54,"key":"Kunai"}],"event_choices":[{"damage_healed":0,"gold_gain":0,"cards_transformed":["Defend_G"],"player_choice":"Transformed","damage_taken":0,"max_hp_gain":0,"max_hp_loss":0,"event_name":"Transmorgrifier","floor":3,"gold_loss":0,"cards_obtained":["Grand Finale"]},{"damage_healed":0,"gold_gain":75,"player_choice":"Gather Gold","damage_taken":11,"max_hp_gain":0,"max_hp_loss":0,"event_name":"World of Goop","floor":12,"gold_loss":0},{"damage_healed":0,"gold_gain":0,"player_choice":"Trade","damage_taken":0,"relics_obtained":["FaceOfCleric"],"max_hp_gain":0,"max_hp_loss":0,"event_name":"FaceTrader","floor":14,"gold_loss":0},{"damage_healed":0,"gold_gain":0,"player_choice":"Ignored","damage_taken":0,"max_hp_gain":0,"max_hp_loss":0,"event_name":"Ghosts","floor":20,"gold_loss":0},{"damage_healed":0,"gold_gain":0,"player_choice":"Fight","damage_taken":0,"max_hp_gain":0,"max_hp_loss":0,"event_name":"Colosseum","floor":21,"gold_loss":0},{"damage_healed":0,"gold_gain":0,"player_choice":"Fled From Nobs","damage_taken":0,"max_hp_gain":0,"max_hp_loss":0,"event_name":"Colosseum","floor":21,"gold_loss":0},{"cards_removed":["Grand Finale"],"damage_healed":64,"gold_gain":0,"player_choice":"Offered Rare","damage_taken":0,"max_hp_gain":10,"max_hp_loss":0,"event_name":"Bonfire Elementals","floor":22,"gold_loss":0},{"damage_healed":0,"gold_gain":0,"player_choice":"Fight","damage_taken":0,"max_hp_gain":0,"max_hp_loss":0,"event_name":"MindBloom","floor":36,"gold_loss":0},{"cards_removed":["Strike_G"],"damage_healed":0,"gold_gain":0,"player_choice":"Removed Attack","damage_taken":0,"max_hp_gain":0,"max_hp_loss":0,"event_name":"Falling","floor":37,"gold_loss":0}],"is_beta":true,"boss_relics":[{"not_picked":["Calling Bell","Coffee Dripper"],"picked":"Eternal Feather"},{"not_picked":["Tiny House","Snecko Eye"],"picked":"Cursed Key"}],"items_purged_floors":[2,19,30],"is_endless":false,"potions_floor_spawned":[1,5,11,28,31,35,45,54],"killed_by":"The Heart","ascension_level":0}