{"gold_per_floor":[110,12,12,23,23,58,58,74,74,74,92,123,43,63,63,168,168,185,201,160,186,186],"floor_reached":22,"playtime":694,"items_purged":[],"score":307,"play_id":"db0652de-6b2f-400a-a940-d2bea7c235ef","local_time":"20190119185252","is_ascension_mode":true,"campfire_choices":[{"data":"Static Discharge","floor":7,"key":"SMITH"},{"data":"Biased Cognition","floor":10,"key":"SMITH"},{"floor":15,"key":"REST"}],"neow_cost":"NONE","seed_source_timestamp":543584510371273,"circlet_count":0,"master_deck":["Strike_B","Strike_B","Strike_B","Strike_B","Defend_B","Defend_B","Defend_B","Defend_B+1","Zap","Dualcast+1","Sweeping Beam","Gash","Static Discharge+1","Turbo+1","Chill+1","Biased Cognition+1","Steam Power+1","Defragment","Hello World","Redo+1","Creative AI","Parasite","Shame","Shame","White Noise+1","Reinforced Body+1","Consume+1","Rainbow+1"],"relics":["Cracked Core","NeowsBlessing","Toxic Egg 2","War Paint","PreservedInsect","Calling Bell","Omamori","Blue Candle","Gambling Chip","Red Mask"],"potions_floor_usage":[11],"damage_taken":[{"damage":0,"enemies":"Cultist","floor":1,"turns":1},{"damage":0,"enemies":"Jaw Worm","floor":4,"turns":1},{"damage":0,"enemies":"Gremlin Nob","floor":6,"turns":1},{"damage":12,"enemies":"Small Slimes","floor":8,"turns":3},{"damage":0,"enemies":"Exordium Wildlife","floor":11,"turns":4},{"damage":16,"enemies":"Lagavulin","floor":12,"turns":5},{"damage":6,"enemies":"Blue Slaver","floor":14,"turns":2},{"damage":24,"enemies":"Hexaghost","floor":16,"turns":6},{"damage":5,"enemies":"Chosen","floor":18,"turns":5},{"damage":9,"enemies":"3 Byrds","floor":19,"turns":4},{"damage":46,"enemies":"Masked Bandits","floor":21,"turns":6},{"damage":14,"enemies":"Colosseum Slavers","floor":22,"turns":1}],"seed_played":"-8926410327966219241","potions_obtained":[{"floor":4,"key":"SpeedPotion"},{"floor":11,"key":"Fruit Juice"},{"floor":14,"key":"SkillPotion"},{"floor":16,"key":"Poison Potion"}],"is_trial":false,"path_per_floor":["M","$","?","M","?","E","R","M","T","R","M","E","$","M","R","B",null,"M","M","$","?","?"],"character_chosen":"DEFECT","items_purchased":["Gash","Static Discharge","Hello World","Consume+1"],"campfire_rested":1,"item_purchase_floors":[2,2,13,20],"current_hp_per_floor":[68,68,68,68,61,61,61,49,49,49,54,38,38,32,56,32,68,63,54,54,8,0],"gold":186,"neow_bonus":"THREE_ENEMY_KILL","is_prod":false,"is_daily":false,"chose_seed":false,"campfire_upgraded":2,"win_rate":0,"timestamp":1547934772,"path_taken":["M","?","?","M","?","E","R","?","T","R","M","E","$","M","R","BOSS","M","M","$","?","?"],"build_version":"2019-01-17v2","purchased_purges":0,"victory":false,"max_hp_per_floor":[75,75,75,75,75,75,75,75,75,75,80,80,80,80,80,80,80,80,80,80,80,80],"card_choices":[{"not_picked":["Go for the Eyes","Rip and Tear"],"picked":"Sweeping Beam","floor":1},{"not_picked":["Go for the Eyes","Compile Driver"],"picked":"Turbo+1","floor":4},{"not_picked":["Sunder","Glacier+1"],"picked":"Chill+1","floor":6},{"not_picked":["Chill+1","Leap+1"],"picked":"Biased Cognition","floor":8},{"not_picked":["Recycle+1","Hello World"],"picked":"Steam Power+1","floor":11},{"not_picked":["Aggregate+1","Skim+1"],"picked":"Defragment","floor":12},{"not_picked":["Stack+1","Gash"],"picked":"Redo+1","floor":14},{"not_picked":["Fission+1","Hyperbeam"],"picked":"Creative AI","floor":16},{"not_picked":["Go for the Eyes","Streamline"],"picked":"White Noise+1","floor":18},{"not_picked":["Steam+1","Rebound"],"picked":"Reinforced Body+1","floor":19},{"not_picked":["Chaos+1","Conserve Battery+1"],"picked":"Rainbow+1","floor":21}],"player_experience":661147,"relics_obtained":[{"floor":6,"key":"War Paint"},{"floor":12,"key":"PreservedInsect"},{"floor":17,"key":"Omamori"},{"floor":17,"key":"Blue Candle"},{"floor":17,"key":"Gambling Chip"},{"floor":21,"key":"Red Mask"}],"event_choices":[{"damage_healed":0,"gold_gain":0,"player_choice":"Box","damage_taken":0,"relics_obtained":["Toxic Egg 2"],"max_hp_gain":0,"max_hp_loss":0,"event_name":"Big Fish","floor":3,"gold_loss":0,"cards_obtained":["Regret"]},{"cards_removed":["Regret"],"damage_healed":0,"gold_gain":0,"player_choice":"Card Removal","damage_taken":7,"max_hp_gain":0,"max_hp_loss":0,"event_name":"Golden Wing","floor":5,"gold_loss":0},{"damage_healed":0,"gold_gain":0,"player_choice":"Fought Bandits","damage_taken":0,"max_hp_gain":0,"max_hp_loss":0,"event_name":"Masked Bandits","floor":21,"gold_loss":0},{"damage_healed":0,"gold_gain":0,"player_choice":"Fight","damage_taken":0,"max_hp_gain":0,"max_hp_loss":0,"event_name":"Colosseum","floor":22,"gold_loss":0}],"is_beta":false,"boss_relics":[{"not_picked":["Tiny House","Fusion Hammer"],"picked":"Calling Bell"}],"items_purged_floors":[],"is_endless":false,"potions_floor_spawned":[4,11,14,16,18,21],"killed_by":"Colosseum Slavers","ascension_level":8}