{"gold_per_floor":[112,128,138,154,154,154,180,180,204,233,233,243,269,288,288,288],"floor_reached":16,"playtime":610,"items_purged":[],"score":189,"play_id":"e14a2227-4a8b-4dfe-9876-6d9026816501","local_time":"20190311154632","is_ascension_mode":true,"campfire_choices":[{"data":"Bash","floor":6,"key":"SMITH"},{"floor":8,"key":"REST"},{"data":"Body Slam","floor":11,"key":"SMITH"},{"floor":15,"key":"REST"}],"neow_cost":"PERCENT_DAMAGE","seed_source_timestamp":632357431842900,"circlet_count":0,"master_deck":["AscendersBane","Strike_R","Strike_R","Strike_R","Strike_R","Strike_R","Defend_R","Defend_R","Defend_R","Defend_R","Bash+1","Body Slam+1","Battle Trance","Cleave","Shrug It Off","Heavy Blade","Evolve","Anger","Iron Wave","Feel No Pain","Clothesline"],"relics":["Burning Blood","Torii","Lantern","Pen Nib","Dream Catcher","Ginger"],"potions_floor_usage":[7,10],"damage_taken":[{"damage":1,"enemies":"Small Slimes","floor":1,"turns":4},{"damage":1,"enemies":"Cultist","floor":2,"turns":3},{"damage":7,"enemies":"Jaw Worm","floor":3,"turns":5},{"damage":31,"enemies":"Large Slime","floor":4,"turns":8},{"damage":32,"enemies":"3 Sentries","floor":7,"turns":10},{"damage":16,"enemies":"Gremlin Nob","floor":10,"turns":3},{"damage":1,"enemies":"Blue Slaver","floor":12,"turns":3},{"damage":25,"enemies":"Lagavulin","floor":13,"turns":6},{"damage":1,"enemies":"2 Fungi Beasts","floor":14,"turns":3},{"damage":47,"enemies":"Slime Boss","floor":16,"turns":6}],"seed_played":"-6931193725365469304","potions_obtained":[{"floor":2,"key":"SneckoOil"},{"floor":3,"key":"Strength Potion"},{"floor":4,"key":"BloodPotion"},{"floor":13,"key":"Strength Potion"}],"is_trial":false,"path_per_floor":["M","M","M","M","?","R","E","R","T","E","R","M","E","M","R","B"],"character_chosen":"IRONCLAD","items_purchased":[],"campfire_rested":2,"item_purchase_floors":[],"current_hp_per_floor":[56,61,60,35,35,35,17,41,41,31,31,36,17,22,46,0],"gold":288,"neow_bonus":"ONE_RARE_RELIC","is_prod":false,"is_daily":false,"chose_seed":false,"campfire_upgraded":2,"win_rate":0,"timestamp":1552315592,"path_taken":["M","M","M","M","?","R","E","R","T","E","R","?","E","M","R","BOSS"],"build_version":"2019-01-23","purchased_purges":0,"victory":false,"max_hp_per_floor":[80,80,80,80,80,80,80,80,80,80,80,80,80,80,80,80],"card_choices":[{"not_picked":["Headbutt","Clothesline"],"picked":"Body Slam","floor":1},{"not_picked":["Flex","Twin Strike"],"picked":"Battle Trance","floor":2},{"not_picked":["Heavy Blade","Thunderclap"],"picked":"Cleave","floor":3},{"not_picked":["Clothesline","Berserk"],"picked":"Shrug It Off","floor":4},{"not_picked":["Perfected Strike","Cleave"],"picked":"Heavy Blade","floor":7},{"not_picked":["Second Wind","Berserk"],"picked":"Evolve","floor":10},{"not_picked":["Pummel","True Grit"],"picked":"Anger","floor":12},{"not_picked":["Perfected Strike","True Grit"],"picked":"Iron Wave","floor":13},{"not_picked":["Sever Soul","Anger"],"picked":"Feel No Pain","floor":14},{"not_picked":["Wild Strike","Sword Boomerang"],"picked":"Clothesline","floor":15}],"player_experience":546103,"relics_obtained":[{"floor":7,"key":"Lantern"},{"floor":9,"key":"Pen Nib"},{"floor":10,"key":"Dream Catcher"},{"floor":13,"key":"Ginger"}],"event_choices":[{"damage_healed":0,"gold_gain":0,"player_choice":"Bought 0 Potions","damage_taken":0,"max_hp_gain":0,"max_hp_loss":0,"event_name":"The Woman in Blue","floor":5,"gold_loss":0}],"is_beta":false,"boss_relics":[],"items_purged_floors":[],"is_endless":false,"potions_floor_spawned":[2,3,4,13],"killed_by":"Slime Boss","ascension_level":11}