{"gold_per_floor":[118,133,150,225,225,243,268,233,284,50,50,50,50,89,89,218,218,239,263,188,188,203,203,238,238,287,313,344,400,6,186,186,314,314,333,45,45,103,103,167,192,231,258,591,591,610,50,50,50,50,50,50,11,36,36],"floor_reached":55,"playtime":2307,"items_purged":["Strike_B","Zap"],"score":799,"play_id":"3e7cf8f1-6a13-488f-85ba-2411caa72214","local_time":"20190314192252","is_ascension_mode":false,"campfire_choices":[{"data":"Defragment","floor":11,"key":"SMITH"},{"data":"Defragment","floor":15,"key":"SMITH"},{"data":"Loop","floor":23,"key":"SMITH"},{"data":"Storm","floor":25,"key":"SMITH"},{"floor":32,"key":"REST"},{"floor":45,"key":"RECALL"},{"data":"Madness+1","floor":49,"key":"PURGE"},{"data":"Storm","floor":52,"key":"SMITH"}],"neow_cost":"NONE","seed_source_timestamp":121649442067709,"circlet_count":0,"master_deck":["Dualcast","Defragment+1","Loop+1","Leap","Defragment+1","Doom and Gloom","Coolheaded","Amplify","Steam+1","Coolheaded","Storm+1","Ball Lightning+1","Hologram+1","Go for the Eyes+1","Hologram+1","Amplify+1","Biased Cognition","Darkness+1","Creative AI","Storm+1","Hyperbeam","Chaos+1","Turbo+1","Core Surge","Self Repair","Bandage Up+1","Double Energy+1","Madness+1","Madness+1","Defragment+1","Conserve Battery+1","Turbo+1","Heatsinks","Coolheaded+1"],"relics":["Cracked Core","Strawberry","Singing Bowl","Blood Vial","Regal Pillow","Anchor","PreservedInsect","Runic Pyramid","Red Mask","MawBank","Toxic Egg 2","Meat on the Bone","Pandora\u0027s Box","Peace Pipe","Tiny Chest","Darkstone Periapt","Oddly Smooth Stone","Mercury Hourglass","Bronze Scales"],"potions_floor_usage":[16,16,29,41,46,54,54,55,55],"damage_taken":[{"damage":0,"enemies":"Small Slimes","floor":1,"turns":2},{"damage":6,"enemies":"Jaw Worm","floor":2,"turns":3},{"damage":2,"enemies":"2 Louse","floor":3,"turns":2},{"damage":5,"enemies":"Looter","floor":6,"turns":3},{"damage":12,"enemies":"Lagavulin","floor":7,"turns":7},{"damage":20,"enemies":"Gremlin Nob","floor":14,"turns":4},{"damage":20,"enemies":"Slime Boss","floor":16,"turns":6},{"damage":4,"enemies":"Shell Parasite","floor":18,"turns":5},{"damage":8,"enemies":"3 Byrds","floor":19,"turns":4},{"damage":2,"enemies":"Centurion and Healer","floor":22,"turns":4},{"damage":19,"enemies":"Masked Bandits","floor":24,"turns":3},{"damage":6,"enemies":"Snecko","floor":27,"turns":3},{"damage":0,"enemies":"Snake Plant","floor":28,"turns":3},{"damage":0,"enemies":"Gremlin Leader","floor":29,"turns":5},{"damage":53,"enemies":"Collector","floor":33,"turns":8},{"damage":26,"enemies":"3 Darklings","floor":35,"turns":3},{"damage":0,"enemies":"2 Orb Walkers","floor":38,"turns":4},{"damage":2,"enemies":"Nemesis","floor":40,"turns":4},{"damage":0,"enemies":"Orb Walker","floor":41,"turns":3},{"damage":0,"enemies":"Giant Head","floor":42,"turns":5},{"damage":13,"enemies":"Jaw Worm Horde","floor":46,"turns":3},{"damage":13,"enemies":"Time Eater","floor":50,"turns":7},{"damage":5,"enemies":"Shield and Spear","floor":54,"turns":4},{"damage":118,"enemies":"The Heart","floor":55,"turns":6}],"seed_played":"94130485055220200","potions_obtained":[{"floor":2,"key":"Dexterity Potion"},{"floor":6,"key":"Weak Potion"},{"floor":7,"key":"Strength Potion"},{"floor":16,"key":"Ancient Potion"},{"floor":18,"key":"FearPotion"},{"floor":24,"key":"Block Potion"},{"floor":40,"key":"Dexterity Potion"},{"floor":41,"key":"Fruit Juice"},{"floor":42,"key":"Fire Potion"},{"floor":54,"key":"Poison Potion"}],"is_trial":false,"path_per_floor":["M","M","M","?","?","M","E","?","T","$","R","?","$","E","R","B",null,"M","M","?","?","M","R","?","R","T","M","M","E","$","?","R","B",null,"M","$","?","?","?","E","M","E","T","?","R","M","$","?","R","B",null,"R","$","E","B"],"character_chosen":"DEFECT","items_purchased":["Doom and Gloom","Anchor","Amplify+1","Meat on the Bone","Turbo+1","Core Surge","Self Repair","Oddly Smooth Stone","Energy Potion","Mercury Hourglass","Heatsinks"],"campfire_rested":1,"item_purchase_floors":[10,10,30,30,36,36,36,47,47,47,53],"current_hp_per_floor":[82,76,74,63,56,51,39,59,59,59,59,59,59,41,41,23,76,72,66,66,66,66,66,51,51,51,47,49,51,51,23,61,24,80,56,56,48,63,52,58,65,69,69,69,69,65,65,65,65,67,91,91,91,91,0],"gold":36,"neow_bonus":"RANDOM_COMMON_RELIC","is_prod":false,"is_daily":false,"chose_seed":false,"campfire_upgraded":5,"win_rate":0,"timestamp":1552591372,"path_taken":["M","M","M","?","?","M","E","?","T","$","R","?","?","E","R","BOSS","M","M","?","?","M","R","?","R","T","M","M","E","$","?","R","BOSS","M","$","?","?","?","E","M","E","T","?","R","M","$","?","R","BOSS","R","$","E","BOSS"],"build_version":"2019-02-06","purchased_purges":2,"victory":false,"max_hp_per_floor":[82,82,82,82,82,82,82,82,82,82,82,76,76,76,76,76,76,76,76,76,76,76,76,78,78,78,78,78,78,78,78,78,80,80,82,82,84,84,84,84,89,91,91,91,91,91,91,91,91,91,91,91,91,91,91],"card_choices":[{"not_picked":["Redo","Turbo"],"picked":"Defragment","floor":1},{"not_picked":["Blizzard","Steam Power"],"picked":"Loop","floor":2},{"not_picked":["Redo","Auto Shields"],"picked":"Ball Lightning","floor":3},{"not_picked":["Rebound","Redo"],"picked":"Leap","floor":6},{"not_picked":["Gash","Steam"],"picked":"Defragment","floor":7},{"not_picked":["Turbo","Stack"],"picked":"Coolheaded","floor":14},{"not_picked":["Hyperbeam","Machine Learning"],"picked":"Amplify","floor":16},{"not_picked":["Reprogram","Tempest"],"picked":"Steam+1","floor":18},{"not_picked":["Barrage","Rebound"],"picked":"Coolheaded","floor":19},{"not_picked":["Compile Driver","Glacier"],"picked":"Ball Lightning+1","floor":22},{"not_picked":["Steam Power","Steam","Loop"],"picked":"Singing Bowl","floor":24},{"not_picked":["Stack","Cold Snap"],"picked":"Hologram+1","floor":27},{"not_picked":["Leap","Coolheaded+1"],"picked":"Go for the Eyes+1","floor":28},{"not_picked":["Compile Driver","Lockon"],"picked":"Hologram","floor":29},{"not_picked":["Machine Learning","Meteor Strike","Reboot+1"],"picked":"Singing Bowl","floor":33},{"not_picked":["Ball Lightning+1","Redo+1","Sweeping Beam+1"],"picked":"Singing Bowl","floor":35},{"not_picked":["Dark Shackles+1","Secret Weapon+1"],"picked":"Madness+1","floor":37},{"not_picked":["Deep Breath+1","Flash of Steel"],"picked":"Bandage Up+1","floor":37},{"not_picked":["PanicButton+1","Jack Of All Trades+1","Secret Technique+1"],"picked":"Singing Bowl","floor":37},{"not_picked":["Rebound+1","Cold Snap+1"],"picked":"Double Energy+1","floor":38},{"not_picked":["Auto Shields+1","White Noise+1"],"picked":"Defragment+1","floor":40},{"not_picked":["Storm","Lockon"],"picked":"Conserve Battery+1","floor":41},{"not_picked":["Self Repair","Ball Lightning","Heatsinks+1"],"picked":"Singing Bowl","floor":42},{"not_picked":["Ball Lightning+1","Genetic Algorithm+1"],"picked":"Turbo+1","floor":46},{"not_picked":["Leap+1","Storm+1"],"picked":"Coolheaded+1","floor":54}],"player_experience":1085474,"relics_obtained":[{"floor":7,"key":"Blood Vial"},{"floor":9,"key":"Regal Pillow"},{"floor":14,"key":"PreservedInsect"},{"floor":24,"key":"Red Mask"},{"floor":26,"key":"MawBank"},{"floor":29,"key":"Toxic Egg 2"},{"floor":38,"key":"Peace Pipe"},{"floor":40,"key":"Tiny Chest"},{"floor":42,"key":"Darkstone Periapt"},{"floor":54,"key":"Bronze Scales"}],"event_choices":[{"damage_healed":0,"gold_gain":75,"player_choice":"Gather Gold","damage_taken":11,"max_hp_gain":0,"max_hp_loss":0,"event_name":"World of Goop","floor":4,"gold_loss":0},{"damage_healed":0,"gold_gain":0,"player_choice":"Success","damage_taken":7,"relics_obtained":["Singing Bowl"],"max_hp_gain":0,"max_hp_loss":0,"event_name":"Scrap Ooze","floor":5,"gold_loss":0},{"damage_healed":20,"gold_gain":0,"player_choice":"Healed","damage_taken":0,"max_hp_gain":0,"max_hp_loss":0,"event_name":"The Cleric","floor":8,"gold_loss":35},{"damage_healed":0,"gold_gain":0,"player_choice":"Lose Max HP","damage_taken":0,"relics_obtained":["Golden Idol"],"max_hp_gain":0,"max_hp_loss":6,"event_name":"Golden Idol","floor":12,"gold_loss":0},{"cards_removed":["Strike_B"],"damage_healed":0,"gold_gain":0,"player_choice":"Gave Gold","damage_taken":0,"max_hp_gain":0,"max_hp_loss":0,"event_name":"Beggar","floor":20,"gold_loss":75},{"damage_healed":0,"gold_gain":0,"player_choice":"Read","damage_taken":0,"max_hp_gain":0,"max_hp_loss":0,"event_name":"The Library","floor":21,"gold_loss":0,"cards_obtained":["Storm"]},{"damage_healed":0,"gold_gain":0,"player_choice":"Fought Bandits","damage_taken":0,"max_hp_gain":0,"max_hp_loss":0,"event_name":"Masked Bandits","floor":24,"gold_loss":0},{"damage_healed":0,"gold_gain":180,"player_choice":"POTION GOLD GOLD ","damage_taken":28,"max_hp_gain":0,"max_hp_loss":0,"event_name":"Knowing Skull","floor":31,"potions_obtained":["SneckoOil"],"gold_loss":0,"cards_obtained":[]},{"damage_healed":0,"gold_gain":0,"player_choice":"Memory 3","damage_taken":10,"max_hp_gain":0,"max_hp_loss":0,"event_name":"SensoryStone","floor":37,"gold_loss":0},{"damage_healed":0,"gold_gain":0,"player_choice":"Fight","damage_taken":0,"max_hp_gain":0,"max_hp_loss":0,"event_name":"Mysterious Sphere","floor":38,"gold_loss":0},{"damage_healed":0,"gold_gain":0,"player_choice":"Embrace Madness","damage_taken":11,"max_hp_gain":0,"max_hp_loss":0,"event_name":"Winding Halls","floor":39,"gold_loss":0,"cards_obtained":["Madness","Madness"]},{"damage_healed":0,"gold_gain":333,"player_choice":"Gave Idol","damage_taken":0,"max_hp_gain":0,"max_hp_loss":0,"event_name":"The Moai Head","floor":44,"relics_lost":["Golden Idol"],"gold_loss":0},{"cards_removed":["Ball Lightning"],"damage_healed":0,"gold_gain":0,"player_choice":"Removed Attack","damage_taken":0,"max_hp_gain":0,"max_hp_loss":0,"event_name":"Falling","floor":48,"gold_loss":0}],"is_beta":true,"boss_relics":[{"not_picked":["Astrolabe","Fusion Hammer"],"picked":"Runic Pyramid"},{"not_picked":["Black Star","Runic Dome"],"picked":"Pandora\u0027s Box"}],"items_purged_floors":[30,47],"is_endless":false,"potions_floor_spawned":[2,6,7,14,16,18,24,27,28,40,41,42,54],"killed_by":"The Heart","ascension_level":0}