{"gold_per_floor":[110,110,110,120,140,140,170,184,234,234],"floor_reached":10,"playtime":329,"items_purged":[],"score":112,"play_id":"2259e7a5-d1fc-4c49-bfba-ff3580e70102","local_time":"20190416204939","is_ascension_mode":true,"campfire_choices":[{"data":"Malaise","floor":6,"key":"SMITH"}],"neow_cost":"NONE","seed_source_timestamp":457388128860254,"circlet_count":0,"master_deck":["AscendersBane","Defend_G","Defend_G","Defend_G","Defend_G+1","Defend_G","Strike_G","Strike_G","Strike_G","Strike_G","Strike_G+1","Survivor","Neutralize","Malaise+1","Sucker Punch","Sucker Punch","Dodge and Roll","Dash","Poisoned Stab"],"relics":["Ring of the Snake","Ninja Scroll","PreservedInsect","Bag of Marbles"],"potions_floor_usage":[10],"damage_taken":[{"damage":10,"enemies":"2 Louse","floor":1,"turns":3},{"damage":1,"enemies":"Jaw Worm","floor":4,"turns":2},{"damage":0,"enemies":"Cultist","floor":5,"turns":3},{"damage":21,"enemies":"3 Sentries","floor":7,"turns":10},{"damage":4,"enemies":"3 Louse","floor":8,"turns":6},{"damage":2,"enemies":"Gremlin Nob","floor":10,"turns":2}],"seed_played":"-1338726416888317807","potions_obtained":[{"floor":4,"key":"Ancient Potion"},{"floor":7,"key":"EntropicBrew"},{"floor":8,"key":"FearPotion"}],"is_trial":false,"path_per_floor":["M","?","?","M","M","R","E","M","T","E"],"character_chosen":"THE_SILENT","items_purchased":[],"campfire_rested":0,"item_purchase_floors":[],"current_hp_per_floor":[53,39,27,26,26,26,5,1,1,0],"gold":234,"neow_bonus":"ONE_RANDOM_RARE_CARD","is_prod":false,"is_daily":false,"chose_seed":false,"campfire_upgraded":1,"win_rate":0,"timestamp":1555458579,"path_taken":["M","?","?","M","M","R","E","M","T","E"],"build_version":"2019-01-23","purchased_purges":0,"victory":false,"max_hp_per_floor":[70,70,70,70,70,70,70,70,70,70],"card_choices":[{"not_picked":["Deflect","Acrobatics"],"picked":"Sucker Punch","floor":1},{"not_picked":["Outmaneuver","Flying Knee"],"picked":"Sucker Punch","floor":4},{"not_picked":["Underhanded Strike","Deflect"],"picked":"Dodge and Roll","floor":5},{"not_picked":["Endless Agony","PiercingWail"],"picked":"Dash","floor":7},{"not_picked":["Caltrops","Outmaneuver"],"picked":"Poisoned Stab","floor":8}],"player_experience":1142370,"relics_obtained":[{"floor":7,"key":"PreservedInsect"},{"floor":9,"key":"Bag of Marbles"}],"event_choices":[{"damage_healed":0,"gold_gain":0,"player_choice":"Entered Light","damage_taken":14,"max_hp_gain":0,"max_hp_loss":0,"event_name":"Shining Light","floor":2,"gold_loss":0,"cards_upgraded":["Defend_G","Strike_G"]},{"damage_healed":0,"gold_gain":0,"player_choice":"Success","damage_taken":12,"relics_obtained":["Ninja Scroll"],"max_hp_gain":0,"max_hp_loss":0,"event_name":"Scrap Ooze","floor":3,"gold_loss":0}],"is_beta":false,"boss_relics":[],"items_purged_floors":[],"is_endless":false,"potions_floor_spawned":[4,7,8],"killed_by":"Gremlin Nob","ascension_level":13}