{"gold_per_floor":[116,116,20,95,42,70,83,101,101,127,127,160,178,205,205,303,303,316,21,120,120,45,75,87,99,111,143,77,77,94,110,110,207,207,219,219,230,230],"floor_reached":38,"playtime":1653,"items_purged":["Injury"],"score":601,"play_id":"fa338752-07b0-475e-849e-5bf1bdc0359a","local_time":"20190508132747","is_ascension_mode":true,"campfire_choices":[{"data":"Anger","floor":11.0,"key":"SMITH"},{"floor":15.0,"key":"REST"},{"floor":24.0,"key":"REST"},{"data":"Fire Breathing","floor":29.0,"key":"SMITH"},{"data":"Clothesline","floor":32.0,"key":"SMITH"}],"neow_cost":"NONE","seed_source_timestamp":0,"circlet_count":0,"master_deck":["Strike_R","Strike_R+1","Strike_R","Defend_R","Defend_R","Defend_R","Defend_R","Bash+1","Anger+1","Shrug It Off","Flex","Shrug It Off","Iron Wave","Cleave","Dual Wield+1","Ghostly Armor+1","Armaments+1","Thunderclap","Clothesline+1","Juggernaut","Metallicize","Fire Breathing+1","Rampage","Infernal Blade+1","Flex+1","Offering+1","Rupture+1","Headbutt","Inflame+1","Parasite"],"special_seed":0,"relics":["Burning Blood","NeowsBlessing","Toxic Egg 2","Strawberry","Potion Belt","Oddly Smooth Stone","Omamori","Calling Bell","Boot","Singing Bowl","Pocketwatch","Mercury Hourglass","MawBank","Sozu"],"potions_floor_usage":[33,33,33],"damage_taken":[{"damage":0.0,"enemies":"Jaw Worm","floor":1.0,"turns":1.0},{"damage":0.0,"enemies":"3 Sentries","floor":6.0,"turns":2.0},{"damage":0.0,"enemies":"Small Slimes","floor":7.0,"turns":1.0},{"damage":6.0,"enemies":"Cultist","floor":8.0,"turns":3.0},{"damage":27.0,"enemies":"Gremlin Nob","floor":10.0,"turns":5.0},{"damage":10.0,"enemies":"3 Sentries","floor":12.0,"turns":5.0},{"damage":7.0,"enemies":"Large Slime","floor":13.0,"turns":4.0},{"damage":31.0,"enemies":"Lagavulin","floor":14.0,"turns":7.0},{"damage":24.0,"enemies":"The Guardian","floor":16.0,"turns":11.0},{"damage":26.0,"enemies":"Shell Parasite","floor":18.0,"turns":5.0},{"damage":39.0,"enemies":"Book of Stabbing","floor":23.0,"turns":7.0},{"damage":33.0,"enemies":"2 Thieves","floor":27.0,"turns":5.0},{"damage":13.0,"enemies":"3 Cultists","floor":30.0,"turns":5.0},{"damage":9.0,"enemies":"Centurion and Healer","floor":31.0,"turns":6.0},{"damage":75,"enemies":"Automaton","floor":33,"turns":12},{"damage":24,"enemies":"3 Shapes","floor":35,"turns":3},{"damage":13,"enemies":"Orb Walker","floor":37,"turns":3},{"damage":81,"enemies":"Writhing Mass","floor":38,"turns":7}],"seed_played":"1418540754880870586","potions_obtained":[{"floor":8.0,"key":"FairyPotion"},{"floor":12.0,"key":"SpeedPotion"},{"floor":14.0,"key":"Strength Potion"},{"floor":16.0,"key":"PowerPotion"},{"floor":18.0,"key":"Fire Potion"},{"floor":27.0,"key":"SpeedPotion"},{"floor":31.0,"key":"EssenceOfSteel"}],"is_trial":false,"path_per_floor":["M","?","$","?","$","E","M","M","T","E","R","E","M","E","R","B",null,"M","$","?","?","$","E","R","?","T","M","$","R","M","M","R","B",null,"M","?","M","M"],"character_chosen":"IRONCLAD","items_purchased":["Shrug It Off","Flex","Shrug It Off","Metallicize","Mercury Hourglass","Infernal Blade+1"],"campfire_rested":2,"item_purchase_floors":[3,3,5,19,19,28],"current_hp_per_floor":[78,62,62,51,51,57,63,63,70,49,49,45,44,19,45,27,72,54,54,54,54,54,23,50,80,80,63,63,63,69,66,66,15,74,74,74,67,0],"gold":230,"neow_bonus":"THREE_ENEMY_KILL","is_prod":false,"is_daily":false,"chose_seed":false,"campfire_upgraded":3,"win_rate":0,"timestamp":1557336467,"path_taken":["M","?","$","?","?","E","M","M","T","E","R","E","M","E","R","BOSS","M","$","?","?","$","E","R","?","T","M","$","R","?","M","R","BOSS","M","?","?","M"],"build_version":"2019-01-23","purchased_purges":1,"victory":false,"max_hp_per_floor":[80,80,80,80,80,80,80,80,87,87,87,87,87,87,87,87,87,89,89,89,89,89,91,91,91,91,91,91,91,93,93,93,93,93,93,93,93,93],"card_choices":[{"not_picked":["Clash","Rage"],"picked":"Anger","floor":1.0},{"not_picked":["Clothesline","Exhume"],"picked":"Iron Wave","floor":6.0},{"not_picked":["Twin Strike","Wild Strike"],"picked":"Cleave","floor":7.0},{"not_picked":["Wild Strike","Cleave"],"picked":"Dual Wield+1","floor":8.0},{"not_picked":["Clash","Armaments+1"],"picked":"Ghostly Armor+1","floor":10.0},{"not_picked":["Exhume+1","Fire Breathing"],"picked":"Armaments+1","floor":12.0},{"not_picked":["Cleave","Ghostly Armor+1"],"picked":"Thunderclap","floor":13.0},{"not_picked":["Anger","Twin Strike"],"picked":"Clothesline","floor":14.0},{"not_picked":["Dark Embrace","Limit Break+1"],"picked":"Juggernaut","floor":16.0},{"not_picked":["Havoc+1","Combust","Blood for Blood+1"],"picked":"Singing Bowl","floor":18.0},{"not_picked":["Iron Wave","Cleave","Shockwave+1"],"picked":"Singing Bowl","floor":23.0},{"not_picked":["Havoc+1","Blood for Blood"],"picked":"Rampage","floor":27.0},{"not_picked":["Iron Wave","Sword Boomerang","Burning Pact+1"],"picked":"Singing Bowl","floor":30.0},{"not_picked":["Pommel Strike","Headbutt"],"picked":"Flex+1","floor":31.0},{"not_picked":["Dark Embrace","Exhume+1"],"picked":"Offering+1","floor":33},{"not_picked":["Hemokinesis+1","Sword Boomerang+1"],"picked":"Rupture+1","floor":35},{"not_picked":["Cleave","Warcry+1"],"picked":"Inflame+1","floor":37}],"player_experience":167369,"relics_obtained":[{"floor":6.0,"key":"Toxic Egg 2"},{"floor":9.0,"key":"Strawberry"},{"floor":10.0,"key":"Potion Belt"},{"floor":12.0,"key":"Oddly Smooth Stone"},{"floor":14.0,"key":"Omamori"},{"floor":17.0,"key":"Boot"},{"floor":17.0,"key":"Singing Bowl"},{"floor":17.0,"key":"Pocketwatch"},{"floor":23.0,"key":"MawBank"}],"event_choices":[{"damage_healed":0.0,"max_hp_gain":0.0,"max_hp_loss":0.0,"gold_gain":0.0,"event_name":"Shining Light","player_choice":"Entered Light","floor":2.0,"gold_loss":0.0,"damage_taken":16.0,"cards_upgraded":["Bash","Strike_R"]},{"damage_healed":0.0,"max_hp_gain":0.0,"max_hp_loss":0.0,"gold_gain":75.0,"event_name":"World of Goop","player_choice":"Gather Gold","floor":4.0,"gold_loss":0.0,"damage_taken":11.0},{"damage_healed":0.0,"max_hp_gain":0.0,"max_hp_loss":0.0,"gold_gain":99.0,"event_name":"Nest","player_choice":"Stole From Cult","floor":20.0,"gold_loss":0.0,"damage_taken":0.0},{"damage_healed":0.0,"max_hp_gain":0.0,"max_hp_loss":0.0,"gold_gain":0.0,"cards_transformed":["Strike_R","Strike_R"],"event_name":"Drug Dealer","player_choice":"Became Test Subject","floor":21.0,"gold_loss":0.0,"damage_taken":0.0,"cards_obtained":["Fire Breathing","Reaper"]},{"damage_healed":30.0,"max_hp_gain":0.0,"max_hp_loss":0.0,"gold_gain":0.0,"event_name":"The Library","player_choice":"Heal","floor":25.0,"gold_loss":0.0,"damage_taken":0.0},{"damage_healed":0,"gold_gain":0,"cards_transformed":["Reaper"],"player_choice":"Transformed","damage_taken":0,"max_hp_gain":0,"max_hp_loss":0,"event_name":"Transmorgrifier","floor":36,"gold_loss":0,"cards_obtained":["Headbutt"]}],"is_beta":false,"boss_relics":[{"not_picked":["Empty Cage","Snecko Eye"],"picked":"Calling Bell"},{"not_picked":["Velvet Choker","Black Blood"],"picked":"Sozu"}],"items_purged_floors":[22],"is_endless":false,"potions_floor_spawned":[8,12,14,16,18,27,31],"killed_by":"Writhing Mass","ascension_level":7}