{"gold_per_floor":[114,114,127,127,46,59,78,3,3,3,3,3,36,51,51,51],"floor_reached":16,"playtime":285,"items_purged":["Strike_G"],"score":200,"play_id":"940d433c-1013-4843-9e82-78037c5f1728","local_time":"20190515172816","is_ascension_mode":true,"campfire_choices":[{"data":"Calculated Gamble","floor":10,"key":"SMITH"},{"data":"Neutralize","floor":12,"key":"SMITH"},{"data":"Bouncing Flask","floor":15,"key":"SMITH"}],"neow_cost":"NONE","seed_source_timestamp":440312426661359,"circlet_count":0,"master_deck":["AscendersBane","Defend_G","Defend_G","Defend_G","Defend_G","Defend_G","Strike_G","Strike_G","Strike_G","Survivor","Neutralize+1","Calculated Gamble+1","Bouncing Flask+1","Flechettes+1","Glass Knife+1"],"relics":["Ring of the Snake","NeowsBlessing","Molten Egg 2","Regal Pillow","Matryoshka"],"potions_floor_usage":[16,16],"damage_taken":[{"damage":0,"enemies":"2 Louse","floor":1,"turns":1},{"damage":0,"enemies":"Cultist","floor":3,"turns":1},{"damage":0,"enemies":"Jaw Worm","floor":6,"turns":1},{"damage":4,"enemies":"Blue Slaver","floor":7,"turns":3},{"damage":39,"enemies":"3 Sentries","floor":13,"turns":10},{"damage":0,"enemies":"Looter","floor":14,"turns":2},{"damage":9,"enemies":"Slime Boss","floor":16,"turns":5}],"seed_played":"4412780233684184493","potions_obtained":[{"floor":1,"key":"Fire Potion"},{"floor":3,"key":"EssenceOfSteel"},{"floor":14,"key":"PowerPotion"}],"is_trial":false,"path_per_floor":["M","?","M","?","$","M","M","$","T","R","?","R","E","M","R","B"],"character_chosen":"THE_SILENT","items_purchased":["Bouncing Flask"],"campfire_rested":0,"item_purchase_floors":[5],"current_hp_per_floor":[59,59,59,59,59,59,55,55,55,55,48,48,9,9,9,0],"gold":51,"neow_bonus":"THREE_ENEMY_KILL","is_prod":false,"is_daily":false,"chose_seed":false,"campfire_upgraded":3,"win_rate":0,"timestamp":1557912496,"path_taken":["M","?","?","?","$","M","M","$","T","R","?","R","E","M","R","BOSS"],"build_version":"2019-01-23","purchased_purges":1,"victory":false,"max_hp_per_floor":[66,66,66,66,66,66,66,66,66,66,66,66,66,66,66,66],"card_choices":[{"not_picked":["Concentrate","All Out Attack","Reflex"],"picked":"SKIP","floor":1},{"not_picked":["Crippling Poison","Leg Sweep"],"picked":"Calculated Gamble","floor":3},{"not_picked":["Reflex","Flying Knee+1","Prepared"],"picked":"SKIP","floor":6},{"not_picked":["Dodge and Roll","Deadly Poison"],"picked":"Flechettes+1","floor":7},{"not_picked":["A Thousand Cuts","Bane+1"],"picked":"Glass Knife+1","floor":13},{"not_picked":["All Out Attack+1","Underhanded Strike+1","Infinite Blades"],"picked":"SKIP","floor":14}],"player_experience":1697051,"relics_obtained":[{"floor":9,"key":"Regal Pillow"},{"floor":13,"key":"Matryoshka"}],"event_choices":[{"damage_healed":0,"gold_gain":0,"player_choice":"Gave Potion","damage_taken":0,"relics_obtained":["Molten Egg 2"],"max_hp_gain":0,"max_hp_loss":0,"event_name":"WeMeetAgain","floor":2,"gold_loss":0},{"damage_healed":0,"gold_gain":0,"player_choice":"Ignored","damage_taken":0,"max_hp_gain":0,"max_hp_loss":0,"event_name":"Liars Game","floor":4,"gold_loss":0},{"cards_removed":["Strike_G"],"damage_healed":0,"gold_gain":0,"player_choice":"Card Removal","damage_taken":7,"max_hp_gain":0,"max_hp_loss":0,"event_name":"Golden Wing","floor":11,"gold_loss":0}],"is_beta":false,"boss_relics":[],"items_purged_floors":[8],"is_endless":false,"potions_floor_spawned":[1,3,14],"killed_by":"Slime Boss","ascension_level":20}