{"gold_per_floor":[114,131,149,169,180,207,207,235,290,290,290],"floor_reached":11,"playtime":1661,"items_purged":[],"score":89,"play_id":"171d72fa-bb7f-494f-9183-d2f1971aa770","local_time":"20190515061521","is_ascension_mode":true,"campfire_choices":[{"data":"Dualcast","floor":7.0,"key":"SMITH"},{"data":"Zap","floor":10,"key":"SMITH"}],"neow_cost":"NONE","seed_source_timestamp":490941375421173,"circlet_count":0,"master_deck":["Strike_B","Strike_B","Strike_B","Strike_B","Defend_B","Defend_B","Defend_B","Defend_B","Zap+1","Dualcast+1","Coolheaded","Storm","Doom and Gloom","Cold Snap","Loop","Conserve Battery"],"special_seed":0,"relics":["Black Star","DataDisk","Vajra","Dodecahedron","Boot","Bronze Scales"],"potions_floor_usage":[11,11,11],"damage_taken":[{"damage":2.0,"enemies":"2 Louse","floor":1.0,"turns":3.0},{"damage":0.0,"enemies":"Small Slimes","floor":2.0,"turns":4.0},{"damage":2.0,"enemies":"Cultist","floor":3.0,"turns":5.0},{"damage":6.0,"enemies":"Red Slaver","floor":4.0,"turns":5.0},{"damage":8.0,"enemies":"Lots of Slimes","floor":5.0,"turns":2.0},{"damage":29.0,"enemies":"Gremlin Nob","floor":6.0,"turns":6.0},{"damage":12,"enemies":"Lagavulin","floor":8,"turns":7},{"damage":21,"enemies":"The Mushroom Lair","floor":11,"turns":1}],"seed_played":"368930569556918409","potions_obtained":[{"floor":2.0,"key":"LiquidBronze"},{"floor":3.0,"key":"Swift Potion"},{"floor":4.0,"key":"LiquidBronze"},{"floor":8,"key":"Poison Potion"}],"is_trial":false,"path_per_floor":["M","M","M","M","M","E","R","E","T","R","?"],"character_chosen":"DEFECT","items_purchased":[],"campfire_rested":0,"item_purchase_floors":[],"current_hp_per_floor":[73,73,71,65,57,28,28,16,16,16,0],"gold":290,"neow_bonus":"BOSS_RELIC","is_prod":false,"is_daily":false,"chose_seed":false,"campfire_upgraded":2,"win_rate":0,"timestamp":1557881121,"path_taken":["M","M","M","M","M","E","R","E","T","R","?"],"build_version":"2019-01-23","purchased_purges":0,"victory":false,"max_hp_per_floor":[75,75,75,75,75,75,75,75,75,75,75],"card_choices":[{"not_picked":["Streamline","Tempest"],"picked":"Coolheaded","floor":1.0},{"not_picked":["Gash","Recycle"],"picked":"Storm","floor":2.0},{"not_picked":["Go for the Eyes","Beam Cell"],"picked":"Doom and Gloom","floor":3.0},{"not_picked":["Rebound","Streamline"],"picked":"Cold Snap","floor":4.0},{"not_picked":["Cold Snap","Sweeping Beam"],"picked":"Loop","floor":5.0},{"not_picked":["Scrape","Reboot","Chaos"],"picked":"SKIP","floor":6.0},{"not_picked":["Steam","Ball Lightning"],"picked":"Conserve Battery","floor":8}],"player_experience":298602,"relics_obtained":[{"floor":6.0,"key":"DataDisk"},{"floor":6.0,"key":"Vajra"},{"floor":8,"key":"Dodecahedron"},{"floor":8,"key":"Boot"},{"floor":9,"key":"Bronze Scales"}],"event_choices":[{"damage_healed":0,"gold_gain":0,"player_choice":"Fought Mushrooms","damage_taken":0,"max_hp_gain":0,"max_hp_loss":0,"event_name":"Mushrooms","floor":11,"gold_loss":0}],"is_beta":false,"boss_relics":[],"items_purged_floors":[],"is_endless":false,"potions_floor_spawned":[2,3,4,8],"killed_by":"The Mushroom Lair","ascension_level":1}