{"gold_per_floor":[115,115,19,29,39,39,69,69,115,115,127,138,36,36,36,36],"floor_reached":16,"playtime":372,"items_purged":[],"score":130,"play_id":"a420b4d9-c918-4c02-b57c-df8e7a22609a","local_time":"20190503141951","is_ascension_mode":true,"campfire_choices":[{"data":"Armaments","floor":6,"key":"SMITH"},{"data":"Entrench","floor":10,"key":"SMITH"},{"data":"Shrug It Off","floor":15,"key":"SMITH"}],"neow_cost":"NONE","seed_source_timestamp":1812870713575500,"circlet_count":0,"master_deck":["Strike_R","Strike_R","Strike_R","Strike_R","Strike_R","Defend_R","Defend_R","Defend_R","Defend_R","Bash","Madness","Rampage","Entrench+1","Twin Strike","Sword Boomerang","Armaments+1","Body Slam","Power Through","Sword Boomerang","Shrug It Off+1","Thunderclap"],"relics":["Burning Blood","Bag of Marbles","Paper Frog","Ancient Tea Set","Golden Idol"],"potions_floor_usage":[],"damage_taken":[{"damage":5,"enemies":"Small Slimes","floor":1,"turns":5},{"damage":6,"enemies":"2 Louse","floor":4,"turns":2},{"damage":7,"enemies":"Jaw Worm","floor":5,"turns":3},{"damage":8,"enemies":"Gremlin Nob","floor":7,"turns":3},{"damage":14,"enemies":"Large Slime","floor":11,"turns":4},{"damage":1,"enemies":"Looter","floor":12,"turns":3},{"damage":64,"enemies":"Hexaghost","floor":16,"turns":9}],"seed_played":"7584136453310983359","potions_obtained":[{"floor":4,"key":"GamblersBrew"},{"floor":12,"key":"SteroidPotion"}],"is_trial":false,"path_per_floor":["M","?","$","M","M","R","E","?","T","R","M","M","$","?","R","B"],"character_chosen":"IRONCLAD","items_purchased":["Entrench","Twin Strike","Shrug It Off","Thunderclap"],"campfire_rested":0,"item_purchase_floors":[3,3,13,13],"current_hp_per_floor":[73,61,61,61,60,60,58,63,63,63,55,60,60,60,60,0],"gold":36,"neow_bonus":"RANDOM_COLORLESS","is_prod":false,"is_daily":false,"chose_seed":false,"campfire_upgraded":3,"win_rate":0,"timestamp":1556907591,"path_taken":["M","?","$","M","M","R","E","?","T","R","?","M","$","?","R","BOSS"],"build_version":"2019-01-23","purchased_purges":0,"victory":false,"max_hp_per_floor":[80,80,80,80,80,80,80,85,85,85,85,85,85,79,79,79],"card_choices":[{"not_picked":["Whirlwind","Evolve"],"picked":"Rampage","floor":1},{"not_picked":["Fire Breathing","Anger"],"picked":"Sword Boomerang","floor":4},{"not_picked":["Bloodletting","Cleave"],"picked":"Armaments","floor":5},{"not_picked":["True Grit","Corruption"],"picked":"Body Slam","floor":7},{"not_picked":["Cleave","Iron Wave"],"picked":"Power Through","floor":11},{"not_picked":["Rupture","Wild Strike"],"picked":"Sword Boomerang","floor":12}],"player_experience":142410,"relics_obtained":[{"floor":7,"key":"Paper Frog"},{"floor":9,"key":"Ancient Tea Set"}],"event_choices":[{"damage_healed":0,"gold_gain":0,"player_choice":"Success","damage_taken":12,"relics_obtained":["Bag of Marbles"],"max_hp_gain":0,"max_hp_loss":0,"event_name":"Scrap Ooze","floor":2,"gold_loss":0},{"damage_healed":0,"gold_gain":0,"player_choice":"Donut","damage_taken":0,"max_hp_gain":5,"max_hp_loss":0,"event_name":"Big Fish","floor":8,"gold_loss":0},{"damage_healed":0,"gold_gain":0,"player_choice":"Lose Max HP","damage_taken":0,"relics_obtained":["Golden Idol"],"max_hp_gain":0,"max_hp_loss":6,"event_name":"Golden Idol","floor":14,"gold_loss":0}],"is_beta":false,"boss_relics":[],"items_purged_floors":[],"is_endless":false,"potions_floor_spawned":[4,12],"killed_by":"Hexaghost","ascension_level":6}