{"gold_per_floor":[113,124,299,299,310,310,344,70,70,70,70,90,90,90,90,195,195,214,214,214,214,65,91,69,69,69,86,86,103,133,133],"floor_reached":31,"playtime":676,"items_purged":[],"score":350,"play_id":"edc64196-49d2-412e-900f-38ede7620963","local_time":"20190129223018","is_ascension_mode":true,"campfire_choices":[{"data":"Caltrops","floor":6,"key":"SMITH"},{"floor":10,"key":"REST"},{"floor":13,"key":"REST"},{"data":"Masterful Stab","floor":15,"key":"SMITH"},{"floor":25,"key":"REST"}],"neow_cost":"NONE","seed_source_timestamp":606623630823946,"circlet_count":0,"master_deck":["Defend_G","Defend_G","Defend_G","Defend_G","Defend_G","Strike_G+1","Strike_G","Strike_G","Strike_G","Strike_G","Survivor","Neutralize","All Out Attack+1","Acrobatics","Caltrops+1","Masterful Stab+1","Terror","Calculated Gamble","Parasite","Envenom+1","Quick Slash","Backstab","Cloak And Dagger","Noxious Fumes","Endless Agony+1","Caltrops"],"relics":["Ring of the Serpent","NeowsBlessing","Darkstone Periapt","Happy Flower","Sling","Juzu Bracelet","Bronze Scales","Bag of Preparation","Smiling Mask"],"potions_floor_usage":[16,16,27,30],"damage_taken":[{"damage":0,"enemies":"2 Louse","floor":1,"turns":1},{"damage":0,"enemies":"Small Slimes","floor":2,"turns":1},{"damage":0,"enemies":"Cultist","floor":5,"turns":1},{"damage":61,"enemies":"3 Sentries","floor":7,"turns":11},{"damage":0,"enemies":"2 Fungi Beasts","floor":12,"turns":2},{"damage":12,"enemies":"Hexaghost","floor":16,"turns":9},{"damage":13,"enemies":"3 Byrds","floor":18,"turns":2},{"damage":51,"enemies":"Slavers","floor":23,"turns":4},{"damage":15,"enemies":"2 Thieves","floor":27,"turns":4},{"damage":18,"enemies":"Snake Plant","floor":29,"turns":2},{"damage":19,"enemies":"Book of Stabbing","floor":30,"turns":4},{"damage":13,"enemies":"3 Cultists","floor":31,"turns":3}],"seed_played":"1533219236841338859","potions_obtained":[{"floor":1,"key":"GamblersBrew"},{"floor":7,"key":"Weak Potion"},{"floor":12,"key":"Block Potion"},{"floor":27,"key":"Fruit Juice"},{"floor":29,"key":"Energy Potion"}],"is_trial":false,"path_per_floor":["M","M","?","?","M","R","E","$","T","R","?","M","R","?","R","B",null,"M","?","?","?","$","E","$","R","T","M","?","M","E","M"],"character_chosen":"THE_SILENT","items_purchased":["Terror","Sling","Bronze Scales","Cloak And Dagger"],"campfire_rested":3,"item_purchase_floors":[8,8,22,24],"current_hp_per_floor":[63,63,63,63,63,63,2,2,2,23,9,9,30,53,53,41,67,54,54,54,54,54,3,3,25,25,15,42,24,5,0],"gold":133,"neow_bonus":"THREE_ENEMY_KILL","is_prod":false,"is_daily":false,"chose_seed":false,"campfire_upgraded":2,"win_rate":0,"timestamp":1548811818,"path_taken":["M","M","?","?","M","R","E","$","T","R","?","M","R","?","R","BOSS","M","?","?","?","$","E","?","R","T","M","?","M","E","M"],"build_version":"2019-01-23","purchased_purges":0,"victory":false,"max_hp_per_floor":[70,70,70,70,70,70,70,70,70,70,70,70,70,76,76,76,76,76,76,76,76,76,76,76,76,76,81,81,81,81,81],"card_choices":[{"not_picked":["Backstab","Blade Dance"],"picked":"All Out Attack","floor":1},{"not_picked":["Bane","Underhanded Strike"],"picked":"Acrobatics","floor":2},{"not_picked":["Cloak And Dagger","Backflip"],"picked":"Caltrops","floor":5},{"not_picked":["Bane","Underhanded Strike"],"picked":"Masterful Stab","floor":7},{"not_picked":["Quick Slash","Backflip"],"picked":"Calculated Gamble","floor":12},{"not_picked":["Malaise","A Thousand Cuts"],"picked":"Envenom","floor":16},{"not_picked":["Expertise","Bouncing Flask"],"picked":"Quick Slash","floor":18},{"not_picked":["Finisher","Poisoned Stab"],"picked":"Backstab","floor":23},{"not_picked":["Footwork","Flying Knee"],"picked":"Noxious Fumes","floor":27},{"not_picked":["Calculated Gamble","Underhanded Strike"],"picked":"Endless Agony+1","floor":29},{"not_picked":["Unload","Glass Knife"],"picked":"Caltrops","floor":30}],"player_experience":682531,"relics_obtained":[{"floor":7,"key":"Happy Flower"},{"floor":9,"key":"Juzu Bracelet"},{"floor":23,"key":"Bag of Preparation"},{"floor":30,"key":"Smiling Mask"}],"event_choices":[{"damage_healed":0,"gold_gain":175,"player_choice":"AGREE","damage_taken":0,"max_hp_gain":0,"max_hp_loss":0,"event_name":"Liars Game","floor":3,"gold_loss":0,"cards_obtained":["Doubt"]},{"damage_healed":0,"gold_gain":0,"player_choice":"Gave Potion","damage_taken":0,"relics_obtained":["Darkstone Periapt"],"max_hp_gain":0,"max_hp_loss":0,"event_name":"WeMeetAgain","floor":4,"gold_loss":0},{"damage_healed":0,"gold_gain":0,"player_choice":"Entered Light","damage_taken":14,"max_hp_gain":0,"max_hp_loss":0,"event_name":"Shining Light","floor":11,"gold_loss":0,"cards_upgraded":["Strike_G","All Out Attack"]},{"damage_healed":17,"gold_gain":0,"player_choice":"Healed and dodged fight","damage_taken":0,"max_hp_gain":0,"max_hp_loss":0,"event_name":"Mushrooms","floor":14,"gold_loss":0,"cards_obtained":["Parasite"]},{"damage_healed":0,"gold_gain":0,"player_choice":"Ignored","damage_taken":0,"max_hp_gain":0,"max_hp_loss":0,"event_name":"Ghosts","floor":19,"gold_loss":0},{"damage_healed":0,"gold_gain":0,"player_choice":"Upgraded","damage_taken":0,"max_hp_gain":0,"max_hp_loss":0,"event_name":"Upgrade Shrine","floor":20,"gold_loss":0,"cards_upgraded":["Envenom"]},{"cards_removed":["Doubt"],"damage_healed":0,"gold_gain":0,"player_choice":"Purged","damage_taken":0,"max_hp_gain":0,"max_hp_loss":0,"event_name":"Purifier","floor":21,"gold_loss":0},{"damage_healed":27,"gold_gain":0,"player_choice":"Heal","damage_taken":0,"max_hp_gain":0,"max_hp_loss":0,"event_name":"The Library","floor":28,"gold_loss":0}],"is_beta":false,"boss_relics":[{"not_picked":["Velvet Choker","Astrolabe"],"picked":"Ring of the Serpent"}],"items_purged_floors":[],"is_endless":false,"potions_floor_spawned":[1,7,12,27,29],"killed_by":"3 Cultists","ascension_level":6}