{"gold_per_floor":[217,234,246,321,2,31,51,85,155,190,200,220,220,248,248,353,353,367,367,380,393,483,509,520,520,520,520,550,550,579,58,58,153,153,166,166,186,204,102,137,168,494,576,611,387,400,433,458,458,458,458,458,3,34,34],"floor_reached":56,"playtime":3369,"items_purged":["Parasite","Doubt","Clash"],"score":1730,"play_id":"df6be0ac-a4aa-4740-951f-78134ca8a3ff","local_time":"20190325073827","is_ascension_mode":true,"campfire_choices":[{"data":"Armaments","floor":13,"key":"SMITH"},{"data":"Carnage","floor":15,"key":"SMITH"},{"data":"Barricade","floor":25,"key":"SMITH"},{"data":"Intimidate","floor":27,"key":"SMITH"},{"data":"Iron Wave","floor":29,"key":"SMITH"},{"data":"Iron Wave","floor":32,"key":"SMITH"},{"floor":49,"key":"RECALL"},{"floor":52,"key":"REST"}],"neow_cost":"NONE","seed_source_timestamp":1166681909384787,"circlet_count":0,"master_deck":["Strike_R+1","Strike_R","Strike_R+1","Strike_R","Strike_R","Defend_R+1","Defend_R","Defend_R","Defend_R","Bash","Iron Wave+1","Iron Wave+1","Armaments+1","Anger","Headbutt","Impervious+1","Intimidate+1","Impervious+1","Clash","Shockwave+1","Carnage+1","Barricade+1","Body Slam+1","Impervious+1","Body Slam+1","Warcry+1","Impatience+1","Havoc+1","Juggernaut","Feel No Pain+1","Discovery+1","Rage+1","True Grit+1","Warcry+1","Iron Wave+1","Body Slam","Burning Pact+1","Entrench+1","Impatience+1","Havoc+1","Battle Trance+1","Havoc+1","Dropkick+1"],"relics":["Burning Blood","Self Forming Clay","Bronze Scales","Ginger","Toxic Egg 2","War Paint","PreservedInsect","Cursed Key","Shuriken","Happy Flower","Ancient Tea Set","Whetstone","WingedGreaves","Fusion Hammer","Red Skull","Prayer Wheel","Old Coin","Dream Catcher","The Courier","Kunai","Frozen Eye","Blood Vial","Strawberry"],"potions_floor_usage":[6,6,10,23,23,23,23,23,30,30,40,44,54,55,55,55],"damage_taken":[{"damage":9,"enemies":"Jaw Worm","floor":1,"turns":4},{"damage":1,"enemies":"Cultist","floor":2,"turns":3},{"damage":0,"enemies":"Small Slimes","floor":3,"turns":3},{"damage":13,"enemies":"Lagavulin","floor":6,"turns":7},{"damage":10,"enemies":"Exordium Thugs","floor":7,"turns":4},{"damage":13,"enemies":"3 Sentries","floor":8,"turns":8},{"damage":4,"enemies":"Gremlin Nob","floor":10,"turns":4},{"damage":0,"enemies":"Red Slaver","floor":11,"turns":3},{"damage":0,"enemies":"2 Fungi Beasts","floor":12,"turns":3},{"damage":4,"enemies":"3 Sentries","floor":14,"turns":5},{"damage":0,"enemies":"Slime Boss","floor":16,"turns":7},{"damage":6,"enemies":"3 Byrds","floor":18,"turns":3},{"damage":8,"enemies":"Shell Parasite","floor":20,"turns":5},{"damage":12,"enemies":"Centurion and Healer","floor":21,"turns":8},{"damage":0,"enemies":"Gremlin Leader","floor":23,"turns":6},{"damage":0,"enemies":"Snecko","floor":24,"turns":2},{"damage":0,"enemies":"Slavers","floor":28,"turns":2},{"damage":10,"enemies":"Gremlin Leader","floor":30,"turns":5},{"damage":2,"enemies":"Collector","floor":33,"turns":9},{"damage":0,"enemies":"Orb Walker","floor":35,"turns":3},{"damage":2,"enemies":"3 Darklings","floor":37,"turns":7},{"damage":4,"enemies":"Maw","floor":38,"turns":7},{"damage":9,"enemies":"Giant Head","floor":40,"turns":4},{"damage":8,"enemies":"Nemesis","floor":41,"turns":5},{"damage":0,"enemies":"Giant Head","floor":42,"turns":4},{"damage":12,"enemies":"Reptomancer","floor":44,"turns":4},{"damage":0,"enemies":"Transient","floor":46,"turns":5},{"damage":0,"enemies":"Giant Head","floor":47,"turns":6},{"damage":15,"enemies":"Reptomancer","floor":48,"turns":4},{"damage":0,"enemies":"Donu and Deca","floor":50,"turns":9},{"damage":0,"enemies":"Shield and Spear","floor":54,"turns":4},{"damage":49,"enemies":"The Heart","floor":55,"turns":8}],"seed_played":"-9044556078024545984","potions_obtained":[{"floor":1,"key":"EntropicBrew"},{"floor":8,"key":"Regen Potion"},{"floor":10,"key":"Regen Potion"},{"floor":14,"key":"EntropicBrew"},{"floor":23,"key":"SkillPotion"},{"floor":30,"key":"Fire Potion"},{"floor":35,"key":"SkillPotion"},{"floor":37,"key":"Explosive Potion"},{"floor":44,"key":"LiquidBronze"},{"floor":48,"key":"SmokeBomb"},{"floor":54,"key":"Block Potion"}],"is_trial":false,"path_per_floor":["M","M","M","?","$","E","M","E","T","E","M","M","R","E","R","B",null,"M","?","M","M","?","E","M","R","T","R","E","R","E","$","R","B",null,"M","?","M","M","$","E","E","E","T","E","$","M","E","E","R","B",null,"R","$","E","B",null],"character_chosen":"IRONCLAD","items_purchased":["Self Forming Clay","Armaments","Anger","Impatience+1","Havoc+1","WingedGreaves","True Grit+1","Warcry+1","Entrench+1","Impatience+1","SkillPotion","Frozen Eye","Blood Vial","AttackPotion"],"campfire_rested":1,"item_purchase_floors":[5,5,5,31,31,31,39,39,45,45,53,53,53,53],"current_hp_per_floor":[77,80,80,69,69,62,58,51,51,53,59,65,65,67,67,73,80,80,80,78,72,56,80,80,80,80,80,80,80,76,76,76,77,77,77,77,77,77,77,74,72,77,77,71,71,77,77,68,68,74,77,77,77,84,41],"gold":34,"neow_bonus":"HUNDRED_GOLD","is_prod":false,"is_daily":false,"chose_seed":false,"campfire_upgraded":6,"win_rate":0,"timestamp":1553513907,"path_taken":["M","M","M","?","$","E","M","E","T","E","M","M","R","E","R","BOSS","M","?","?","M","?","E","M","R","T","R","E","R","E","?","R","BOSS","M","?","?","M","?","E","E","E","T","E","$","M","E","E","R","BOSS","R","$","E","BOSS"],"build_version":"2019-03-15","purchased_purges":3,"victory":true,"max_hp_per_floor":[80,80,80,80,80,80,80,80,80,80,80,80,80,80,80,80,80,80,80,80,80,80,80,80,80,80,80,80,80,80,77,77,77,77,77,77,77,77,77,77,77,77,77,77,77,77,77,77,77,77,77,77,77,84,84],"card_choices":[{"not_picked":["Evolve","Flame Barrier"],"picked":"Clash","floor":1},{"not_picked":["Twin Strike","Sever Soul"],"picked":"Iron Wave","floor":2},{"not_picked":["Body Slam","Bloodletting"],"picked":"Iron Wave","floor":3},{"not_picked":["Pommel Strike","Thunderclap"],"picked":"Headbutt","floor":6},{"not_picked":["Rupture","Perfected Strike"],"picked":"Impervious","floor":7},{"not_picked":["Anger","Heavy Blade"],"picked":"Intimidate","floor":8},{"not_picked":["Wild Strike","Ghostly Armor+1"],"picked":"Impervious+1","floor":10},{"not_picked":["Pommel Strike","Rupture"],"picked":"Clash","floor":11},{"not_picked":["Perfected Strike","Twin Strike"],"picked":"Shockwave+1","floor":12},{"not_picked":["Clothesline","Armaments+1"],"picked":"Carnage","floor":14},{"not_picked":["Demon Form","Reaper"],"picked":"Barricade","floor":16},{"not_picked":["Uppercut+1","Twin Strike"],"picked":"Body Slam+1","floor":18},{"not_picked":["Carnage+1","Clothesline","Twin Strike+1"],"picked":"SKIP","floor":20},{"not_picked":["Infernal Blade+1","Uppercut"],"picked":"Body Slam+1","floor":21},{"not_picked":["Anger","Heavy Blade","Flex+1"],"picked":"SKIP","floor":23},{"not_picked":["Sentinel+1","Reaper","Armaments+1"],"picked":"SKIP","floor":24},{"not_picked":["Iron Wave","Rampage+1"],"picked":"Warcry+1","floor":28},{"not_picked":["Second Wind+1","Sever Soul","Dark Embrace"],"picked":"SKIP","floor":30},{"not_picked":["Dark Embrace","Reaper"],"picked":"Juggernaut","floor":33},{"not_picked":["Hemokinesis","Pommel Strike+1"],"picked":"Feel No Pain+1","floor":35},{"not_picked":["Perfected Strike+1","Headbutt","Wild Strike"],"picked":"SKIP","floor":37},{"not_picked":["Thunderclap","Armaments+1","Twin Strike"],"picked":"SKIP","floor":38},{"not_picked":["Clash","Seeing Red+1"],"picked":"Iron Wave+1","floor":40},{"not_picked":["Heavy Blade+1","Ghostly Armor+1"],"picked":"Body Slam","floor":41},{"not_picked":["Demon Form","Rupture+1","Clash"],"picked":"SKIP","floor":42},{"not_picked":["Havoc+1","Dark Embrace"],"picked":"Burning Pact+1","floor":44},{"not_picked":["True Grit+1","Heavy Blade+1"],"picked":"Havoc+1","floor":46},{"not_picked":["Shockwave+1","Clothesline","Body Slam+1"],"picked":"SKIP","floor":46},{"not_picked":["Uppercut","Disarm+1"],"picked":"Battle Trance+1","floor":47},{"not_picked":["Pommel Strike","Reaper"],"picked":"Havoc+1","floor":48},{"not_picked":["Pommel Strike","Clash"],"picked":"Dropkick+1","floor":54}],"player_experience":5020207,"relics_obtained":[{"floor":6,"key":"Bronze Scales"},{"floor":8,"key":"Ginger"},{"floor":9,"key":"Toxic Egg 2"},{"floor":10,"key":"War Paint"},{"floor":14,"key":"PreservedInsect"},{"floor":23,"key":"Shuriken"},{"floor":26,"key":"Happy Flower"},{"floor":28,"key":"Ancient Tea Set"},{"floor":30,"key":"Whetstone"},{"floor":40,"key":"Red Skull"},{"floor":41,"key":"Prayer Wheel"},{"floor":42,"key":"Old Coin"},{"floor":44,"key":"Dream Catcher"},{"floor":47,"key":"The Courier"},{"floor":48,"key":"Kunai"},{"floor":54,"key":"Strawberry"}],"event_choices":[{"damage_healed":0,"gold_gain":75,"player_choice":"Gather Gold","damage_taken":11,"max_hp_gain":0,"max_hp_loss":0,"event_name":"World of Goop","floor":4,"gold_loss":0},{"damage_healed":0,"gold_gain":0,"player_choice":"Copied","damage_taken":0,"max_hp_gain":0,"max_hp_loss":0,"event_name":"Duplicator","floor":19,"gold_loss":0,"cards_obtained":["Impervious"]},{"damage_healed":0,"gold_gain":90,"player_choice":"GOLD ","damage_taken":16,"max_hp_gain":0,"max_hp_loss":0,"event_name":"Knowing Skull","floor":22,"potions_obtained":[],"gold_loss":0,"cards_obtained":[]},{"damage_healed":0,"gold_gain":0,"player_choice":"2 cards matched","damage_taken":0,"max_hp_gain":0,"max_hp_loss":0,"event_name":"Match and Keep!","floor":36,"gold_loss":0,"cards_obtained":["Discovery","Rage"]}],"is_beta":true,"boss_relics":[{"not_picked":["Orrery","Velvet Choker"],"picked":"Cursed Key"},{"not_picked":["Coffee Dripper","Calling Bell"],"picked":"Fusion Hammer"}],"items_purged_floors":[31,45,53],"is_endless":false,"potions_floor_spawned":[1,8,10,12,14,20,23,30,35,37,44,48,54],"ascension_level":1}