{"path_per_floor":["M","M","M","?","?","E","R","E","T","?","M","R","?","?","R"],"character_chosen":"IRONCLAD","items_purchased":[],"gold_per_floor":[118,132,143,218,218,248,248,282,329,329,345,345,345,375,375,375],"floor_reached":16,"campfire_rested":3,"playtime":889,"item_purchase_floors":[],"current_hp_per_floor":[80,80,80,69,69,14,38,21,21,21,19,43,43,43,67,0],"items_purged":[],"gold":375,"score":124,"play_id":"2b5e2acd-1934-4757-a83b-e36a72bac79a","local_time":"20180610171210","is_prod":false,"is_daily":false,"chose_seed":false,"is_ascension_mode":true,"campfire_upgraded":0,"win_rate":0,"timestamp":1528661530,"campfire_choices":[{"floor":7,"key":"REST"},{"floor":12,"key":"REST"},{"floor":15,"key":"REST"}],"path_taken":["M","M","M","?","?","E","R","E","T","?","M","R","?","?","R","BOSS"],"build_version":"2018-06-07v3","seed_source_timestamp":505318168531351,"purchased_purges":0,"victory":false,"master_deck":["Strike_R","Strike_R","Strike_R","Strike_R","Strike_R","Defend_R","Defend_R","Defend_R","Defend_R","Bash","Thunderclap","Fire Breathing+1","Cleave","Rampage","Armaments","Thunderclap"],"max_hp_per_floor":[80,80,80,80,80,80,80,80,80,80,80,80,80,80,80,80],"relics":["Burning Blood","NeowsBlessing","Toolbox","Orichalcum","Juzu Bracelet"],"card_choices":[{"not_picked":["Perfected Strike","Shrug It Off"],"picked":"Thunderclap","floor":1},{"not_picked":["Entrench","Armaments"],"picked":"Fire Breathing","floor":2},{"not_picked":["Clothesline","Havoc"],"picked":"Cleave","floor":3},{"not_picked":["Iron Wave","True Grit"],"picked":"Rampage","floor":6},{"not_picked":["Shrug It Off","Clothesline"],"picked":"Armaments","floor":8},{"not_picked":["Searing Blow","Feel No Pain"],"picked":"Thunderclap","floor":11}],"player_experience":322612,"potions_floor_usage":[8,11],"damage_taken":[{"damage":0,"enemies":"Jaw Worm","floor":1,"turns":1},{"damage":0,"enemies":"2 Louse","floor":2,"turns":1},{"damage":0,"enemies":"Cultist","floor":3,"turns":1},{"damage":61,"enemies":"Lagavulin","floor":6,"turns":8},{"damage":23,"enemies":"Gremlin Nob","floor":8,"turns":4},{"damage":8,"enemies":"Exordium Thugs","floor":11,"turns":4},{"damage":69,"enemies":"Hexaghost","floor":16,"turns":9}],"relics_obtained":[{"floor":6,"key":"Toolbox"},{"floor":8,"key":"Orichalcum"},{"floor":9,"key":"Juzu Bracelet"}],"event_choices":[{"event_name":"World of Goop","player_choice":"Gather Gold","floor":4,"damage_taken":0},{"event_name":"Living Wall","player_choice":"Grow","floor":5,"damage_taken":0},{"event_name":"Transmorgrifier","player_choice":"Skipped","floor":10,"damage_taken":0},{"event_name":"Golden Wing","player_choice":"Ignored","floor":13,"damage_taken":0},{"event_name":"Dead Adventurer","player_choice":"Searched \u00272\u0027 times","floor":14,"damage_taken":0}],"boss_relics":[],"items_purged_floors":[],"potions_floor_spawned":[6,8],"seed_played":"2854807117465488958","killed_by":"Hexaghost","ascension_level":3,"potions_obtained":[{"floor":6,"key":"Weak Potion"},{"floor":8,"key":"Energy Potion"}],"is_trial":false}