{"gold_per_floor":[115,133,190,190,206,206,236,250,318,318,333,333,61,96,96,221,221,236,161,8,8,21,54,234,253,333,458,483,514,514,553,553,676,676,691,691,711,711,735,766,766,797,797,797,817,171,171,194,194,194,194,194,0,40,40],"floor_reached":56,"playtime":3734,"items_purged":["Strike_R","Strike_R"],"score":1477,"play_id":"93421454-3840-4639-9b43-db3b2bd898c8","local_time":"20190228104411","is_ascension_mode":true,"campfire_choices":[{"data":"Shockwave","floor":6,"key":"SMITH"},{"data":"Bash","floor":10,"key":"SMITH"},{"data":"Armaments","floor":15,"key":"SMITH"},{"data":"True Grit","floor":30,"key":"SMITH"},{"floor":32,"key":"REST"},{"floor":41,"key":"RECALL"},{"data":"Limit Break","floor":47,"key":"SMITH"},{"data":"Double Tap","floor":49,"key":"SMITH"},{"data":"Spot Weakness","floor":52,"key":"SMITH"}],"neow_cost":"NONE","seed_source_timestamp":169035993448651,"circlet_count":0,"master_deck":["Strike_R","Defend_R","Defend_R","Defend_R","Bash+1","Shockwave+1","Clash","Shrug It Off","Clash","Second Wind","Clash","Dropkick","Armaments+1","Clash","Offering","Clash","Metallicize","Rage","Pommel Strike+1","Combust","Rupture","Spot Weakness+1","True Grit+1","Limit Break+1","Double Tap+1","Ghostly Armor+1","Flex+1","True Grit+1","Thunderclap+1","Feel No Pain","Clash+1","Headbutt+1","Iron Wave+1","Rupture","Inflame"],"relics":["Burning Blood","Bronze Scales","StoneCalendar","Golden Idol","Blood Vial","Potion Belt","Runic Pyramid","Mango","Art of War","Singing Bowl","Thread and Needle","Question Card","Pen Nib","Molten Egg 2","Mark of Pain","Pantograph","Nunchaku","Centennial Puzzle","Blue Candle","Paper Frog","Bag of Preparation","Bottled Tornado"],"potions_floor_usage":[16,25,29,31,42,42,50,50,54,55,55,55,55,55,55],"damage_taken":[{"damage":1,"enemies":"Jaw Worm","floor":1,"turns":3},{"damage":2,"enemies":"Small Slimes","floor":2,"turns":4},{"damage":2,"enemies":"2 Louse","floor":5,"turns":2},{"damage":24,"enemies":"Lagavulin","floor":7,"turns":8},{"damage":9,"enemies":"Blue Slaver","floor":8,"turns":3},{"damage":0,"enemies":"2 Fungi Beasts","floor":11,"turns":3},{"damage":7,"enemies":"Gremlin Nob","floor":14,"turns":3},{"damage":0,"enemies":"Slime Boss","floor":16,"turns":6},{"damage":6,"enemies":"2 Thieves","floor":18,"turns":4},{"damage":6,"enemies":"Shell Parasite","floor":22,"turns":3},{"damage":10,"enemies":"Book of Stabbing","floor":23,"turns":3},{"damage":6,"enemies":"Snake Plant","floor":25,"turns":3},{"damage":6,"enemies":"Colosseum Slavers","floor":27,"turns":3},{"damage":20,"enemies":"Colosseum Nobs","floor":27,"turns":4},{"damage":0,"enemies":"Centurion and Healer","floor":28,"turns":7},{"damage":8,"enemies":"Gremlin Leader","floor":29,"turns":4},{"damage":23,"enemies":"Slavers","floor":31,"turns":4},{"damage":23,"enemies":"Automaton","floor":33,"turns":8},{"damage":12,"enemies":"3 Shapes","floor":35,"turns":5},{"damage":13,"enemies":"3 Darklings","floor":37,"turns":4},{"damage":21,"enemies":"Writhing Mass","floor":39,"turns":3},{"damage":8,"enemies":"Nemesis","floor":40,"turns":5},{"damage":22,"enemies":"Reptomancer","floor":42,"turns":5},{"damage":19,"enemies":"Maw","floor":45,"turns":6},{"damage":9,"enemies":"Transient","floor":48,"turns":5},{"damage":37,"enemies":"Time Eater","floor":50,"turns":7},{"damage":17,"enemies":"Shield and Spear","floor":54,"turns":4},{"damage":64,"enemies":"The Heart","floor":55,"turns":7}],"seed_played":"-8320848322501686243","potions_obtained":[{"floor":7,"key":"Dexterity Potion"},{"floor":11,"key":"Energy Potion"},{"floor":18,"key":"Block Potion"},{"floor":25,"key":"Weak Potion"},{"floor":27,"key":"Energy Potion"},{"floor":28,"key":"BloodPotion"},{"floor":29,"key":"EntropicBrew"},{"floor":37,"key":"Ancient Potion"},{"floor":40,"key":"GamblersBrew"},{"floor":42,"key":"Swift Potion"},{"floor":45,"key":"Explosive Potion"}],"is_trial":false,"path_per_floor":["M","M","?","?","M","R","E","M","T","R","M","?","$","E","R","B",null,"M","?","$","?","M","E","?","M","T","?","M","E","R","E","R","B",null,"M","?","M","T","M","E","R","E","T","?","M","$","R","M","R","B",null,"R","$","E","B",null],"character_chosen":"IRONCLAD","items_purchased":["Dropkick","Armaments","Blood Vial","Metallicize","Paper Frog","Feel No Pain","Clash+1","Bag of Preparation","Headbutt+1","SkillPotion","BloodPotion","Rupture"],"campfire_rested":1,"item_purchase_floors":[13,13,13,20,46,46,46,46,46,53,53,53],"current_hp_per_floor":[80,80,80,85,85,85,67,64,64,64,70,49,49,50,50,58,85,85,85,85,99,99,95,68,70,70,60,68,68,68,53,82,67,99,93,93,88,88,77,79,79,75,75,75,64,64,64,63,63,59,103,103,103,92,65],"gold":40,"neow_bonus":"RANDOM_COMMON_RELIC","is_prod":false,"is_daily":false,"chose_seed":false,"campfire_upgraded":7,"win_rate":0,"timestamp":1551368651,"path_taken":["M","M","?","?","M","R","E","M","T","R","M","?","?","E","R","BOSS","M","?","$","?","M","E","?","?","T","?","M","E","R","E","R","BOSS","M","?","M","?","M","E","R","E","T","?","M","$","R","M","R","BOSS","R","$","E","BOSS"],"build_version":"2019-02-06","purchased_purges":2,"victory":true,"max_hp_per_floor":[80,80,80,85,85,85,85,85,85,85,85,85,85,85,85,85,85,85,85,85,99,99,99,99,99,99,99,99,99,99,99,99,99,99,99,99,99,99,101,103,103,103,103,103,103,103,103,103,103,103,103,103,103,103,103],"card_choices":[{"not_picked":["True Grit","Clothesline"],"picked":"Shockwave","floor":1},{"not_picked":["Corruption","Havoc"],"picked":"Clash","floor":2},{"not_picked":["Power Through","Warcry"],"picked":"Shrug It Off","floor":5},{"not_picked":["Disarm","Warcry"],"picked":"Clash","floor":7},{"not_picked":["True Grit","Clothesline"],"picked":"Second Wind","floor":8},{"not_picked":["Perfected Strike","Flex"],"picked":"Clash","floor":11},{"not_picked":["Flex","Seeing Red"],"picked":"Clash","floor":14},{"not_picked":["Juggernaut","Double Tap"],"picked":"Offering","floor":16},{"not_picked":["Whirlwind","Wild Strike"],"picked":"Clash","floor":18},{"not_picked":["Headbutt","Bloodletting"],"picked":"Rage","floor":22},{"not_picked":["Carnage","Twin Strike"],"picked":"Pommel Strike+1","floor":23},{"not_picked":["Sword Boomerang+1","Body Slam"],"picked":"Combust","floor":25},{"not_picked":["Pommel Strike","Warcry"],"picked":"Rupture","floor":27},{"not_picked":["Anger+1","Fiend Fire","Ghostly Armor+1"],"picked":"Spot Weakness","floor":28},{"not_picked":["Warcry","Body Slam+1","Pommel Strike"],"picked":"True Grit","floor":29},{"not_picked":["Seeing Red","Berserk","Warcry"],"picked":"Limit Break","floor":31},{"not_picked":["Bludgeon+1","Berserk","Immolate+1"],"picked":"Double Tap","floor":33},{"not_picked":["Hemokinesis+1","Headbutt+1","Sword Boomerang+1"],"picked":"Ghostly Armor+1","floor":35},{"not_picked":["Heavy Blade+1","Perfected Strike+1","Twin Strike+1"],"picked":"Flex+1","floor":37},{"not_picked":["Iron Wave+1","Armaments+1","Body Slam+1","Sentinel+1"],"picked":"Singing Bowl","floor":39},{"not_picked":["Clothesline+1","Pummel+1","Fire Breathing","Flex"],"picked":"Singing Bowl","floor":40},{"not_picked":["Warcry+1","Battle Trance+1","Offering"],"picked":"True Grit+1","floor":42},{"not_picked":["Headbutt+1","Pommel Strike+1","Heavy Blade+1"],"picked":"Thunderclap+1","floor":45},{"not_picked":["Thunderclap+1","Anger+1","Battle Trance"],"picked":"Iron Wave+1","floor":48},{"not_picked":["Blood for Blood+1","Thunderclap+1","Clothesline+1"],"picked":"Inflame","floor":54}],"player_experience":4726525,"relics_obtained":[{"floor":7,"key":"StoneCalendar"},{"floor":14,"key":"Potion Belt"},{"floor":23,"key":"Art of War"},{"floor":26,"key":"Singing Bowl"},{"floor":27,"key":"Thread and Needle"},{"floor":27,"key":"Question Card"},{"floor":29,"key":"Pen Nib"},{"floor":31,"key":"Molten Egg 2"},{"floor":38,"key":"Pantograph"},{"floor":40,"key":"Nunchaku"},{"floor":42,"key":"Centennial Puzzle"},{"floor":43,"key":"Blue Candle"},{"floor":54,"key":"Bottled Tornado"}],"event_choices":[{"damage_healed":0,"gold_gain":57,"player_choice":"Gained Gold","damage_taken":0,"max_hp_gain":0,"max_hp_loss":0,"event_name":"Golden Wing","floor":3,"gold_loss":0},{"damage_healed":0,"gold_gain":0,"player_choice":"Donut","damage_taken":0,"max_hp_gain":5,"max_hp_loss":0,"event_name":"Big Fish","floor":4,"gold_loss":0},{"damage_healed":0,"gold_gain":0,"player_choice":"Take Damage","damage_taken":21,"relics_obtained":["Golden Idol"],"max_hp_gain":0,"max_hp_loss":0,"event_name":"Golden Idol","floor":12,"gold_loss":0},{"cards_removed":["Strike_R"],"damage_healed":0,"gold_gain":0,"player_choice":"Gave Gold","damage_taken":0,"max_hp_gain":0,"max_hp_loss":0,"event_name":"Beggar","floor":19,"gold_loss":75},{"damage_healed":0,"gold_gain":0,"player_choice":"Opened","damage_taken":0,"relics_obtained":["Mango"],"max_hp_gain":0,"max_hp_loss":0,"event_name":"The Mausoleum","floor":21,"gold_loss":0},{"damage_healed":0,"gold_gain":180,"player_choice":"GOLD GOLD ","damage_taken":27,"max_hp_gain":0,"max_hp_loss":0,"event_name":"Knowing Skull","floor":24,"potions_obtained":[],"gold_loss":0,"cards_obtained":[]},{"damage_healed":0,"gold_gain":0,"player_choice":"Fight","damage_taken":0,"max_hp_gain":0,"max_hp_loss":0,"event_name":"Colosseum","floor":27,"gold_loss":0},{"damage_healed":0,"gold_gain":0,"player_choice":"Fought Nobs","damage_taken":0,"max_hp_gain":0,"max_hp_loss":0,"event_name":"Colosseum","floor":27,"gold_loss":0},{"cards_removed":["Strike_R"],"damage_healed":0,"gold_gain":0,"player_choice":"Removed Attack","damage_taken":0,"max_hp_gain":0,"max_hp_loss":0,"event_name":"Falling","floor":36,"gold_loss":0},{"cards_removed":["Defend_R"],"damage_healed":0,"gold_gain":0,"player_choice":"Purged","damage_taken":0,"max_hp_gain":0,"max_hp_loss":0,"event_name":"Purifier","floor":44,"gold_loss":0}],"is_beta":true,"boss_relics":[{"not_picked":["White Beast Statue","Astrolabe"],"picked":"Runic Pyramid"},{"not_picked":["Tiny House","Velvet Choker"],"picked":"Mark of Pain"}],"items_purged_floors":[20,46],"is_endless":false,"potions_floor_spawned":[7,11,18,25,27,28,29,37,40,42,45],"ascension_level":1}