{"gold_per_floor":[14,29,129,147,4,30,42,70,107,119,190,202,232,260,272,383,395,425,437,464,494,61,61,71,106,130,130,159,179,194,208,208,304,304,322,322,335,345,20,20,54,54,54,69,69,117,117,150,150,150,150,150,47,75,75],"floor_reached":55,"playtime":3729,"items_purged":["Sweeping Beam","Defend_B"],"score":829,"play_id":"f78bb511-9ce0-4eb1-8db3-a235630a5981","local_time":"20190505191303","is_ascension_mode":false,"campfire_choices":[{"data":"Zap","floor":7.0,"key":"SMITH"},{"data":"Tempest","floor":12.0,"key":"SMITH"},{"data":"Hologram","floor":15.0,"key":"SMITH"},{"data":"Coolheaded","floor":23.0,"key":"SMITH"},{"data":"Coolheaded","floor":27.0,"key":"SMITH"},{"data":"Capacitor","floor":32.0,"key":"SMITH"},{"data":"Consume","floor":40.0,"key":"SMITH"},{"data":"Seek","floor":42.0,"key":"SMITH"},{"floor":45,"key":"RECALL"},{"data":"Panacea","floor":49,"key":"SMITH"},{"data":"Turbo","floor":52,"key":"SMITH"}],"neow_cost":"NO_GOLD","seed_source_timestamp":0,"circlet_count":0,"master_deck":["Defend_B","Defend_B","Zap+1","Dualcast","Hologram+1","Leap+1","Sweeping Beam","Tempest+1","Coolheaded+1","Ball Lightning","Turbo+1","Electrodynamics","Ball Lightning+1","Stack+1","Melter+1","Beam Cell+1","Darkness+1","BootSequence+1","Panacea+1","Self Repair","Coolheaded+1","Capacitor+1","Skim","Seek+1","Conserve Battery+1","Go for the Eyes+1","Coolheaded+1","Consume+1","Echo Form+1","Coolheaded","Coolheaded+1"],"special_seed":0,"relics":["Cracked Core","Bag of Preparation","MawBank","Vajra","Tiny Chest","Astrolabe","Sling","War Paint","Omamori","Letter Opener","Cursed Key","Bag of Marbles","Frozen Egg 2","Emotion Chip","Cables","Strawberry","Art of War"],"potions_floor_usage":[54,55,55,55],"damage_taken":[{"damage":12.0,"enemies":"Small Slimes","floor":1.0,"turns":4.0},{"damage":0.0,"enemies":"Cultist","floor":2.0,"turns":3.0},{"damage":2.0,"enemies":"2 Louse","floor":4.0,"turns":2.0},{"damage":9.0,"enemies":"Gremlin Nob","floor":6.0,"turns":4.0},{"damage":0.0,"enemies":"2 Fungi Beasts","floor":8.0,"turns":2.0},{"damage":12.0,"enemies":"Lagavulin","floor":11.0,"turns":6.0},{"damage":0.0,"enemies":"Lots of Slimes","floor":13.0,"turns":1.0},{"damage":0.0,"enemies":"3 Louse","floor":14.0,"turns":2.0},{"damage":10.0,"enemies":"The Guardian","floor":16.0,"turns":11.0},{"damage":0.0,"enemies":"Spheric Guardian","floor":18.0,"turns":3.0},{"damage":5.0,"enemies":"Shell Parasite","floor":20.0,"turns":3.0},{"damage":1.0,"enemies":"Snecko","floor":21.0,"turns":3.0},{"damage":2.0,"enemies":"Snake Plant","floor":24.0,"turns":3.0},{"damage":9.0,"enemies":"Book of Stabbing","floor":25.0,"turns":4.0},{"damage":8.0,"enemies":"Gremlin Leader","floor":28.0,"turns":5.0},{"damage":0.0,"enemies":"Centurion and Healer","floor":29.0,"turns":3.0},{"damage":0.0,"enemies":"Cultist and Chosen","floor":30.0,"turns":4.0},{"damage":0.0,"enemies":"Chosen and Byrds","floor":31.0,"turns":3.0},{"damage":42.0,"enemies":"Automaton","floor":33.0,"turns":10.0},{"damage":0.0,"enemies":"3 Shapes","floor":35.0,"turns":2.0},{"damage":0.0,"enemies":"3 Darklings","floor":37.0,"turns":2.0},{"damage":0.0,"enemies":"Spire Growth","floor":38.0,"turns":5.0},{"damage":0.0,"enemies":"Nemesis","floor":41.0,"turns":5.0},{"damage":0,"enemies":"Sphere and 2 Shapes","floor":44,"turns":3},{"damage":5,"enemies":"2 Orb Walkers","floor":46,"turns":4},{"damage":0,"enemies":"Giant Head","floor":48,"turns":6},{"damage":31,"enemies":"Awakened One","floor":50,"turns":11},{"damage":19,"enemies":"Shield and Spear","floor":54,"turns":6},{"damage":83,"enemies":"The Heart","floor":55,"turns":5}],"seed_played":"-490426816280352850","potions_obtained":[{"floor":2.0,"key":"Poison Potion"},{"floor":4.0,"key":"Strength Potion"},{"floor":8.0,"key":"FearPotion"},{"floor":14.0,"key":"LiquidBronze"},{"floor":21.0,"key":"FearPotion"},{"floor":28.0,"key":"Energy Potion"},{"floor":35.0,"key":"AttackPotion"},{"floor":41.0,"key":"PowerPotion"},{"floor":54,"key":"Block Potion"}],"is_trial":false,"path_per_floor":["M","M","?","M","$","E","R","M","T","?","E","R","M","M","R","B",null,"M","?","M","M","$","R","M","E","T","R","E","M","M","M","R","B",null,"M","?","M","M","$","R","E","R","T","M","R","?","T","E","R","B",null,"R","$","E","B"],"character_chosen":"DEFECT","items_purchased":["Bag of Preparation","Panacea","Sling","Self Repair","Consume","Bag of Marbles","Coolheaded","SteroidPotion"],"campfire_rested":0,"item_purchase_floors":[5,22,22,22,39,39,53,53],"current_hp_per_floor":[63,63,63,61,61,52,52,52,52,52,40,40,40,40,40,30,75,75,75,70,69,69,69,74,72,72,72,71,71,75,75,75,33,75,75,75,75,75,75,75,75,75,75,75,75,75,75,82,82,58,82,82,82,70,0],"gold":75,"neow_bonus":"REMOVE_TWO","is_prod":false,"is_daily":false,"chose_seed":false,"campfire_upgraded":10,"win_rate":0,"timestamp":1557079983,"path_taken":["M","M","?","M","?","E","R","M","T","?","E","R","M","M","R","BOSS","M","?","M","M","$","R","M","E","T","R","E","M","?","M","R","BOSS","M","?","M","M","$","R","E","R","T","M","R","?","?","E","R","BOSS","R","$","E","BOSS"],"build_version":"2019-04-23","purchased_purges":2,"victory":false,"max_hp_per_floor":[75,75,75,75,75,75,75,75,75,75,75,75,75,75,75,75,75,75,75,75,75,75,75,75,75,75,75,75,75,75,75,75,75,75,75,75,75,75,75,75,75,75,75,75,75,75,75,82,82,82,82,82,82,82,82],"card_choices":[{"not_picked":["Compile Driver","Consume"],"picked":"Hologram","floor":1.0},{"not_picked":["Gash","Barrage"],"picked":"Sweeping Beam","floor":2.0},{"not_picked":["Creative AI","Compile Driver"],"picked":"Leap","floor":4.0},{"not_picked":["Leap","Compile Driver"],"picked":"Sweeping Beam","floor":6.0},{"not_picked":["Scrape","Stack"],"picked":"Tempest","floor":8.0},{"not_picked":["Chill","Hologram"],"picked":"Coolheaded","floor":11.0},{"not_picked":["Cold Snap","Go for the Eyes"],"picked":"Ball Lightning","floor":13.0},{"not_picked":["Self Repair","FTL"],"picked":"Turbo","floor":14.0},{"not_picked":["Seek","Hyperbeam"],"picked":"Electrodynamics","floor":16.0},{"not_picked":["Reinforced Body","Coolheaded"],"picked":"Beam Cell+1","floor":18.0},{"not_picked":["Fusion","Steam Power"],"picked":"Darkness+1","floor":20.0},{"not_picked":["Sunder","Chaos"],"picked":"BootSequence","floor":21.0},{"not_picked":["Stack","Static Discharge","Rip and Tear"],"picked":"SKIP","floor":24.0},{"not_picked":["BootSequence","Barrage"],"picked":"Coolheaded","floor":25.0},{"not_picked":["Melter","Ball Lightning","Blizzard"],"picked":"SKIP","floor":28.0},{"not_picked":["Hologram","Cold Snap"],"picked":"Capacitor","floor":29.0},{"not_picked":["Coolheaded","Lockon"],"picked":"Skim","floor":30.0},{"not_picked":["Go for the Eyes","Ball Lightning+1","Rip and Tear+1"],"picked":"SKIP","floor":31.0},{"not_picked":["Hyperbeam","Multi-Cast"],"picked":"Seek","floor":33.0},{"not_picked":["Reinforced Body","Streamline"],"picked":"Conserve Battery+1","floor":35.0},{"not_picked":["Sweeping Beam","Barrage+1"],"picked":"Go for the Eyes+1","floor":37.0},{"not_picked":["Streamline+1","Turbo+1"],"picked":"Coolheaded+1","floor":38.0},{"not_picked":["Thunder Strike","Conserve Battery+1"],"picked":"Echo Form","floor":41.0},{"not_picked":["Steam+1","Leap","Self Repair+1"],"picked":"SKIP","floor":44},{"not_picked":["Barrage","Turbo","Machine Learning+1"],"picked":"SKIP","floor":48},{"not_picked":["Tempest","Redo+1"],"picked":"Coolheaded+1","floor":54}],"player_experience":1306675,"relics_obtained":[{"floor":6.0,"key":"MawBank"},{"floor":9.0,"key":"Vajra"},{"floor":11.0,"key":"Tiny Chest"},{"floor":25.0,"key":"War Paint"},{"floor":26.0,"key":"Omamori"},{"floor":28.0,"key":"Letter Opener"},{"floor":41.0,"key":"Frozen Egg 2"},{"floor":46,"key":"Emotion Chip"},{"floor":47,"key":"Cables"},{"floor":48,"key":"Strawberry"},{"floor":54,"key":"Art of War"}],"event_choices":[{"damage_healed":0.0,"max_hp_gain":0.0,"max_hp_loss":0.0,"gold_gain":100.0,"event_name":"Wheel of Change","player_choice":"Gold","floor":3.0,"gold_loss":0.0,"damage_taken":0.0},{"damage_healed":0.0,"max_hp_gain":0.0,"max_hp_loss":0.0,"gold_gain":0.0,"event_name":"Liars Game","player_choice":"Ignored","floor":10.0,"gold_loss":0.0,"damage_taken":0.0},{"damage_healed":0.0,"max_hp_gain":0.0,"max_hp_loss":0.0,"gold_gain":0.0,"event_name":"N\u0027loth","player_choice":"Ignored","floor":19.0,"gold_loss":0.0,"damage_taken":0.0},{"damage_healed":0.0,"max_hp_gain":0.0,"max_hp_loss":0.0,"gold_gain":0.0,"event_name":"Tomb of Lord Red Mask","player_choice":"Ignored","floor":36.0,"gold_loss":0.0,"damage_taken":0.0},{"damage_healed":0,"gold_gain":0,"player_choice":"Fight","damage_taken":0,"max_hp_gain":0,"max_hp_loss":0,"event_name":"Mysterious Sphere","floor":46,"gold_loss":0}],"is_beta":true,"boss_relics":[{"not_picked":["Snecko Eye","Fusion Hammer"],"picked":"Astrolabe"},{"not_picked":["Pandora\u0027s Box","FrozenCore"],"picked":"Cursed Key"}],"items_purged_floors":[22,39],"is_endless":false,"potions_floor_spawned":[2,4,8,14,21,24,25,28,31,35,41,46,48,54],"killed_by":"The Heart","ascension_level":0}