{"path_per_floor":["M","?","$","?","M","R","M","?","T","R","M","?","T","?","R","B",null,"M"],"character_chosen":"DEFECT","items_purchased":["Capacitor"],"gold_per_floor":[119,119,73,73,83,83,97,97,147,147,167,197,224,324,324,425,425,443,443],"floor_reached":19,"campfire_rested":1,"playtime":780,"current_hp_per_floor":[69,69,69,69,59,59,59,59,59,59,41,23,23,23,60,8,75,16,0],"items_purged":[],"gold":443,"score":155,"play_id":"3e54faae-ea2f-4c17-bde0-718fec670273","local_time":"20180512211614","is_prod":false,"is_daily":false,"chose_seed":false,"is_ascension_mode":false,"campfire_upgraded":2,"timestamp":1526170574,"path_taken":["M","?","$","?","M","R","M","?","T","R","M","?","?","?","R","BOSS","M","M"],"build_version":"2018-05-12v2","seed_source_timestamp":67811316740793,"purchased_purges":0,"victory":false,"master_deck":["Strike_B","Strike_B","Strike_B","Strike_B","Defend_B","Defend_B","Defend_B","Defend_B","Zap","Dualcast+1","Turbo+1","Capacitor","Tempest+1","Capacitor","Capacitor","Axe Kick","Fusion","Barrage"],"max_hp_per_floor":[75,75,75,75,75,75,75,75,75,75,75,75,75,75,75,75,75,75,75],"relics":["Cracked Core","Juzu Bracelet","Bag of Marbles","Odd Mushroom","Regal Pillow","Inserter"],"card_choices":[{"not_picked":["Leap","BootSequence"],"picked":"Turbo","floor":1},{"not_picked":["Rebound","Turbo"],"picked":"Tempest","floor":5},{"not_picked":["Doom and Gloom","Steam Power"],"picked":"Capacitor","floor":7},{"not_picked":["Gash","Buffer"],"picked":"Capacitor","floor":11},{"not_picked":["Streamline","Hologram"],"picked":"Axe Kick","floor":12},{"not_picked":["Biased Cognition","All For One"],"picked":"Fusion","floor":16},{"not_picked":["Reinforced Body+1","Auto Shields"],"picked":"Barrage","floor":18}],"player_experience":13456,"potions_floor_usage":[12,16,16],"damage_taken":[{"damage":6,"enemies":"Cultist","floor":1,"turns":3},{"damage":10,"enemies":"Small Slimes","floor":5,"turns":3},{"damage":0,"enemies":"2 Louse","floor":7,"turns":2},{"damage":18,"enemies":"Exordium Thugs","floor":11,"turns":4},{"damage":27,"enemies":"The Mushroom Lair","floor":12,"turns":5},{"damage":52,"enemies":"The Guardian","floor":16,"turns":9},{"damage":59,"enemies":"Shell Parasite","floor":18,"turns":9},{"damage":47,"enemies":"3 Byrds","floor":19,"turns":2}],"event_choices":[{"event_name":"Upgrade Shrine","player_choice":"Upgraded","floor":2,"damage_taken":0},{"event_name":"The Lab","player_choice":"Got Potions","floor":4,"damage_taken":0},{"event_name":"The Woman in Blue","player_choice":"Bought 0 Potions","floor":8,"damage_taken":0},{"event_name":"Mushrooms","player_choice":"Fought Mushrooms","floor":12,"damage_taken":0},{"event_name":"Golden Shrine","player_choice":"Pray","floor":14,"damage_taken":0}],"boss_relics":[{"not_picked":["Black Star","Lizard Tail"],"picked":"Inserter"}],"potions_floor_spawned":[5,12,16],"seed_played":"6726505681671484451","killed_by":"3 Byrds","ascension_level":0,"is_trial":false}