{"gold_per_floor":[112,187,112,125,136,136,169,181,229,242,242,253,253,264,264,363,363,373,373,393,409,72,104,104,117,117,117,117,117,117,137,137,241,291,301,314,332,31,0,0,0],"floor_reached":41,"playtime":1708,"items_purged":["Strike_R","Strike_R"],"score":415,"play_id":"25bd491d-bf9f-470b-a945-ed4148c3a98a","local_time":"20190515171828","is_ascension_mode":false,"campfire_choices":[{"data":"Perfected Strike","floor":6.0,"key":"SMITH"},{"data":"Bash","floor":13.0,"key":"SMITH"},{"data":"Sword Boomerang","floor":15.0,"key":"SMITH"},{"floor":24,"key":"REST"},{"floor":29,"key":"REST"},{"data":"Limit Break","floor":32,"key":"SMITH"},{"data":"Demon Form","floor":40,"key":"SMITH"}],"neow_cost":"NONE","seed_source_timestamp":0,"circlet_count":0,"master_deck":["Strike_R","Strike_R","Strike_R","Defend_R","Defend_R","Defend_R+1","Defend_R+1","Bash+1","Intimidate+1","Perfected Strike+1","Cleave+1","Sword Boomerang+1","Battle Trance","Twin Strike","Inflame+1","True Grit+1","Uppercut+1","Pommel Strike","Limit Break+1","Twin Strike","Flame Barrier","Spot Weakness+1","Wild Strike","Demon Form+1","Flex"],"special_seed":0,"relics":["Burning Blood","NeowsBlessing","Matryoshka","Red Skull","Happy Flower","Black Star","ClockworkSouvenir","Bronze Scales","War Paint","Du-Vu Doll","Whetstone","Boot","Tiny House","Red Mask"],"potions_floor_usage":[25,25,25,36,41],"damage_taken":[{"damage":0.0,"enemies":"2 Louse","floor":1.0,"turns":1.0},{"damage":0.0,"enemies":"Cultist","floor":4.0,"turns":1.0},{"damage":0.0,"enemies":"Small Slimes","floor":5.0,"turns":1.0},{"damage":50.0,"enemies":"Lagavulin","floor":7.0,"turns":7.0},{"damage":5.0,"enemies":"Exordium Thugs","floor":8.0,"turns":4.0},{"damage":1.0,"enemies":"3 Louse","floor":10.0,"turns":3.0},{"damage":5.0,"enemies":"Gremlin Gang","floor":12.0,"turns":4.0},{"damage":6.0,"enemies":"Exordium Wildlife","floor":14.0,"turns":3.0},{"damage":19.0,"enemies":"Hexaghost","floor":16.0,"turns":7.0},{"damage":29.0,"enemies":"2 Thieves","floor":18.0,"turns":4.0},{"damage":10.0,"enemies":"Spheric Guardian","floor":20.0,"turns":3.0},{"damage":19,"enemies":"3 Cultists","floor":21,"turns":5},{"damage":31,"enemies":"Slavers","floor":23,"turns":5},{"damage":9,"enemies":"Cultist and Chosen","floor":25,"turns":6},{"damage":6,"enemies":"Snecko","floor":31,"turns":4},{"damage":73,"enemies":"Collector","floor":33,"turns":7},{"damage":9,"enemies":"Orb Walker","floor":35,"turns":3},{"damage":40,"enemies":"3 Darklings","floor":36,"turns":5},{"damage":23,"enemies":"4 Shapes","floor":37,"turns":2},{"damage":34,"enemies":"Jaw Worm Horde","floor":41,"turns":4}],"seed_played":"-1761742089024506990","potions_obtained":[{"floor":1.0,"key":"Explosive Potion"},{"floor":5.0,"key":"EssenceOfSteel"},{"floor":12.0,"key":"Fire Potion"},{"floor":16.0,"key":"PowerPotion"},{"floor":20.0,"key":"EssenceOfSteel"},{"floor":21,"key":"Swift Potion"},{"floor":31,"key":"FairyPotion"},{"floor":34,"key":"PowerPotion"},{"floor":37,"key":"Fire Potion"}],"is_trial":false,"path_per_floor":["M","?","$","M","M","R","E","M","T","M","?","M","R","M","R","B",null,"M","$","M","M","$","E","R","M","T","?","$","R","?","M","R","B",null,"M","M","M","$","?","R","M"],"character_chosen":"IRONCLAD","items_purchased":["ClockworkSouvenir","Bronze Scales","Demon Form","Flex"],"campfire_rested":2,"item_purchase_floors":[22,22,38,38],"current_hp_per_floor":[80,72,72,78,80,80,36,37,37,42,42,43,43,43,43,30,80,57,57,53,40,40,15,39,36,36,36,36,60,60,60,60,14,85,82,48,31,31,31,31,0],"gold":0,"neow_bonus":"THREE_ENEMY_KILL","is_prod":false,"is_daily":false,"chose_seed":false,"campfire_upgraded":5,"win_rate":0.0,"timestamp":1557911908,"path_taken":["M","?","$","M","M","R","E","M","T","?","?","M","R","M","R","BOSS","M","$","M","M","$","E","R","M","T","?","?","R","?","M","R","BOSS","M","?","M","$","?","R","M"],"build_version":"2019-01-23","purchased_purges":2,"victory":false,"max_hp_per_floor":[80,80,80,80,80,80,80,80,80,80,80,80,80,80,80,80,80,80,80,80,80,80,80,80,80,80,80,80,80,80,80,80,80,85,85,85,85,85,85,85,85],"card_choices":[{"not_picked":["Body Slam","Carnage"],"picked":"Intimidate","floor":1.0},{"not_picked":["Heavy Blade","Reckless Charge"],"picked":"Perfected Strike","floor":4.0},{"not_picked":["Thunderclap","Whirlwind"],"picked":"Cleave","floor":5.0},{"not_picked":["Thunderclap","Heavy Blade"],"picked":"Sword Boomerang","floor":7.0},{"not_picked":["Bloodletting","Headbutt"],"picked":"Battle Trance","floor":8.0},{"not_picked":["Seeing Red","Fire Breathing"],"picked":"Twin Strike","floor":10.0},{"not_picked":["Disarm","Dual Wield"],"picked":"Inflame","floor":12.0},{"not_picked":["Anger","Hemokinesis","Power Through"],"picked":"SKIP","floor":14.0},{"not_picked":["Dual Wield+1","Headbutt","Reckless Charge+1"],"picked":"SKIP","floor":18.0},{"not_picked":["Cleave","Armaments"],"picked":"True Grit+1","floor":20.0},{"not_picked":["Body Slam","Twin Strike"],"picked":"Uppercut","floor":21},{"not_picked":["Thunderclap","Carnage","Heavy Blade"],"picked":"SKIP","floor":23},{"not_picked":["Armaments","Body Slam"],"picked":"Pommel Strike","floor":25},{"not_picked":["Pummel","Shrug It Off"],"picked":"Limit Break","floor":31},{"not_picked":["Anger","Fire Breathing"],"picked":"Twin Strike","floor":34},{"not_picked":["Blood for Blood","Pummel"],"picked":"Flame Barrier","floor":35},{"not_picked":["Pummel","Feel No Pain"],"picked":"Spot Weakness+1","floor":36},{"not_picked":["Shrug It Off","Pummel"],"picked":"Wild Strike","floor":37}],"player_experience":14249,"relics_obtained":[{"floor":7.0,"key":"Matryoshka"},{"floor":9.0,"key":"Red Skull"},{"floor":9.0,"key":"Happy Flower"},{"floor":23,"key":"War Paint"},{"floor":23,"key":"Du-Vu Doll"},{"floor":26,"key":"Whetstone"},{"floor":26,"key":"Boot"}],"event_choices":[{"damage_healed":0.0,"max_hp_gain":0.0,"max_hp_loss":0.0,"gold_gain":75.0,"event_name":"FaceTrader","player_choice":"Touch","floor":2.0,"gold_loss":0.0,"damage_taken":8.0},{"damage_healed":0.0,"max_hp_gain":0.0,"max_hp_loss":0.0,"gold_gain":0.0,"event_name":"Dead Adventurer","player_choice":"Searched \u00270\u0027 times","floor":11.0,"gold_loss":0.0,"damage_taken":0.0},{"damage_healed":0,"gold_gain":0,"player_choice":"Ignored","damage_taken":0,"max_hp_gain":0,"max_hp_loss":0,"event_name":"Cursed Tome","floor":27,"gold_loss":0},{"damage_healed":0,"gold_gain":0,"player_choice":"Upgraded","damage_taken":0,"max_hp_gain":0,"max_hp_loss":0,"event_name":"Upgrade Shrine","floor":30,"gold_loss":0,"cards_upgraded":["Inflame"]},{"damage_healed":0,"gold_gain":0,"player_choice":"Paid","damage_taken":0,"relics_obtained":["Red Mask"],"max_hp_gain":0,"max_hp_loss":0,"event_name":"Tomb of Lord Red Mask","floor":39,"gold_loss":31}],"is_beta":false,"boss_relics":[{"not_picked":["Orrery","Cursed Key"],"picked":"Black Star"},{"not_picked":["Mark of Pain","White Beast Statue"],"picked":"Tiny House"}],"items_purged_floors":[3,38],"is_endless":false,"potions_floor_spawned":[1,5,12,16,20,21,23,31,37],"killed_by":"Jaw Worm Horde","ascension_level":0}