{"gold_per_floor":[119,119,138,148,158,158,192,192,492,492,122,142,162,181,181,284,284,284],"floor_reached":18,"playtime":969,"items_purged":[],"score":172,"play_id":"15cbd257-754b-4456-8f22-c31c77a4ec7d","local_time":"20190416141519","is_ascension_mode":true,"campfire_choices":[{"floor":6,"key":"REST"},{"floor":10,"key":"REST"},{"floor":15,"key":"REST"}],"neow_cost":"NONE","seed_source_timestamp":343159089753300,"circlet_count":0,"master_deck":["Defend_G","Defend_G","Defend_G","Defend_G","Strike_G","Strike_G","Strike_G","Strike_G","Strike_G","Survivor","Neutralize","Catalyst","Dagger Spray","Infinite Blades","Deflect","Dagger Throw","Flying Knee","Well Laid Plans","Backflip","Cloak And Dagger","Blur","Tools of the Trade"],"relics":["Ring of the Snake","WingedGreaves","Old Coin","Lantern","Blood Vial","HoveringKite"],"potions_floor_usage":[],"damage_taken":[{"damage":8,"enemies":"Jaw Worm","floor":1,"turns":6},{"damage":0,"enemies":"2 Louse","floor":3,"turns":3},{"damage":2,"enemies":"Cultist","floor":4,"turns":4},{"damage":18,"enemies":"Exordium Thugs","floor":5,"turns":8},{"damage":37,"enemies":"Lagavulin","floor":7,"turns":9},{"damage":8,"enemies":"Blue Slaver","floor":12,"turns":4},{"damage":4,"enemies":"Gremlin Gang","floor":13,"turns":4},{"damage":9,"enemies":"Large Slime","floor":14,"turns":5},{"damage":38,"enemies":"Slime Boss","floor":16,"turns":19},{"damage":31,"enemies":"Shell Parasite","floor":18,"turns":7}],"seed_played":"813247772995181906","potions_obtained":[{"floor":4,"key":"LiquidBronze"},{"floor":13,"key":"Weak Potion"},{"floor":14,"key":"Weak Potion"}],"is_trial":false,"path_per_floor":["M","?","M","M","M","R","E","?","T","R","$","M","M","M","R","B",null,"M"],"character_chosen":"THE_SILENT","items_purchased":["Lantern","Well Laid Plans","Blood Vial"],"campfire_rested":3,"item_purchase_floors":[11,11,11],"current_hp_per_floor":[62,62,62,60,42,63,26,26,26,47,47,41,39,32,53,17,70,39],"gold":284,"neow_bonus":"TRANSFORM_CARD","is_prod":false,"is_daily":false,"chose_seed":false,"campfire_upgraded":0,"win_rate":0,"timestamp":1555438519,"path_taken":["M","?","M","M","M","R","E","?","T","R","?","M","?","M","R","BOSS","M"],"build_version":"2019-01-23","purchased_purges":0,"victory":false,"max_hp_per_floor":[70,70,70,70,70,70,70,70,70,70,70,70,70,70,70,70,70,70],"card_choices":[{"not_picked":["Slice","Dagger Throw"],"picked":"Dagger Spray","floor":1},{"not_picked":["Reflex","Quick Slash"],"picked":"Infinite Blades","floor":3},{"not_picked":["Slice","Outmaneuver"],"picked":"Deflect","floor":4},{"not_picked":["Expertise","Slice"],"picked":"Dagger Throw","floor":5},{"not_picked":["Slice","Prepared"],"picked":"Flying Knee","floor":7},{"not_picked":["Blade Dance","Finisher"],"picked":"Backflip","floor":12},{"not_picked":["Escape Plan","Slice"],"picked":"Cloak And Dagger","floor":13},{"not_picked":["Endless Agony","Acrobatics"],"picked":"Blur","floor":14},{"not_picked":["Grand Finale","Malaise"],"picked":"Tools of the Trade","floor":16}],"player_experience":79483,"relics_obtained":[{"floor":7,"key":"WingedGreaves"},{"floor":9,"key":"Old Coin"}],"event_choices":[{"damage_healed":0,"gold_gain":0,"player_choice":"Ignored","damage_taken":0,"max_hp_gain":0,"max_hp_loss":0,"event_name":"Golden Wing","floor":2,"gold_loss":0},{"damage_healed":0,"gold_gain":0,"player_choice":"Ignored","damage_taken":0,"max_hp_gain":0,"max_hp_loss":0,"event_name":"Golden Idol","floor":8,"gold_loss":0}],"is_beta":false,"boss_relics":[{"not_picked":["White Beast Statue","Ectoplasm"],"picked":"HoveringKite"}],"items_purged_floors":[],"is_endless":false,"potions_floor_spawned":[4,13,14],"killed_by":"Shell Parasite","ascension_level":1}