{"gold_per_floor":[118,43,8,8,8,8,39,54,105,118,133,148,148,164,164,164],"floor_reached":16,"playtime":420,"items_purged":[],"score":214,"play_id":"8da4346f-185a-4dd9-828a-5f39319d9c12","local_time":"20190422123551","is_ascension_mode":true,"campfire_choices":[{"data":"Feel No Pain","floor":6,"key":"SMITH"},{"floor":13,"key":"REST"},{"data":"Shockwave","floor":15,"key":"SMITH"}],"neow_cost":"PERCENT_DAMAGE","seed_source_timestamp":946092527646142,"circlet_count":0,"master_deck":["AscendersBane","Strike_R","Strike_R","Strike_R","Strike_R","Strike_R","Defend_R","Defend_R","Defend_R","Defend_R","Bash","Wild Strike+1","Feel No Pain+1","Dark Embrace","Cleave","Power Through","Shockwave+1","Carnage"],"relics":["Burning Blood","Bottled Flame","Strawberry"],"potions_floor_usage":[11],"damage_taken":[{"damage":19,"enemies":"Jaw Worm","floor":1,"turns":4},{"damage":45,"enemies":"Lagavulin","floor":7,"turns":8},{"damage":1,"enemies":"2 Louse","floor":8,"turns":2},{"damage":0,"enemies":"Cultist","floor":10,"turns":2},{"damage":10,"enemies":"Lots of Slimes","floor":11,"turns":5},{"damage":39,"enemies":"Large Slime","floor":12,"turns":6},{"damage":15,"enemies":"Exordium Wildlife","floor":14,"turns":6},{"damage":44,"enemies":"Slime Boss","floor":16,"turns":9}],"seed_played":"-5139703244726175870","potions_obtained":[{"floor":7,"key":"Block Potion"},{"floor":10,"key":"Poison Potion"},{"floor":14,"key":"LiquidBronze"}],"is_trial":false,"path_per_floor":["M","$","?","?","?","R","E","M","T","M","M","M","R","M","R","B"],"character_chosen":"IRONCLAD","items_purchased":["Feel No Pain"],"campfire_rested":1,"item_purchase_floors":[2],"current_hp_per_floor":[51,51,73,73,73,73,34,39,46,52,48,15,43,34,34,0],"gold":164,"neow_bonus":"TWENTY_PERCENT_HP_BONUS","is_prod":false,"is_daily":false,"chose_seed":false,"campfire_upgraded":2,"win_rate":0,"timestamp":1555947351,"path_taken":["M","$","?","?","?","R","E","M","T","?","M","M","R","?","R","BOSS"],"build_version":"2019-01-23","purchased_purges":0,"victory":false,"max_hp_per_floor":[89,89,89,89,89,89,89,89,96,96,96,96,96,96,96,96],"card_choices":[{"not_picked":["Body Slam","Pommel Strike"],"picked":"Wild Strike","floor":1},{"not_picked":["Cleave","Searing Blow"],"picked":"Dark Embrace","floor":7},{"not_picked":["Perfected Strike","Headbutt"],"picked":"Cleave","floor":8},{"not_picked":["Twin Strike","Hemokinesis"],"picked":"Power Through","floor":10},{"not_picked":["Bloodletting","Sentinel","Heavy Blade"],"picked":"SKIP","floor":11},{"not_picked":["Perfected Strike","Sword Boomerang"],"picked":"Shockwave","floor":12},{"not_picked":["Searing Blow","Heavy Blade"],"picked":"Carnage","floor":14}],"player_experience":1179047,"relics_obtained":[{"floor":7,"key":"Bottled Flame"},{"floor":9,"key":"Strawberry"}],"event_choices":[{"damage_healed":22,"gold_gain":0,"player_choice":"Healed","damage_taken":0,"max_hp_gain":0,"max_hp_loss":0,"event_name":"The Cleric","floor":3,"gold_loss":35},{"damage_healed":0,"gold_gain":0,"player_choice":"Grow","damage_taken":0,"max_hp_gain":0,"max_hp_loss":0,"event_name":"Living Wall","floor":4,"gold_loss":0,"cards_upgraded":["Wild Strike"]},{"damage_healed":0,"gold_gain":0,"player_choice":"Ignored","damage_taken":0,"max_hp_gain":0,"max_hp_loss":0,"event_name":"WeMeetAgain","floor":5,"gold_loss":0}],"is_beta":false,"boss_relics":[],"items_purged_floors":[],"is_endless":false,"potions_floor_spawned":[7,10,14],"killed_by":"Slime Boss","ascension_level":17}