{"path_per_floor":["M","?","M","M","$","E","M","R","T","?","?","M","M","?","R"],"character_chosen":"DEFECT","items_purchased":["Loop"],"gold_per_floor":[116,76,94,107,73,107,120,120,173,173,348,362,372,372,372,372],"floor_reached":16,"campfire_rested":2,"playtime":944,"current_hp_per_floor":[75,75,75,75,75,44,21,43,43,43,43,25,14,32,69,0],"items_purged":[],"gold":372,"score":102,"play_id":"ff8bfcdd-453e-4240-b083-e73e6bb17c08","local_time":"20180513010106","is_prod":false,"is_daily":false,"chose_seed":false,"is_ascension_mode":false,"campfire_upgraded":0,"timestamp":1526184066,"path_taken":["M","?","M","?","?","E","M","R","T","?","?","?","M","?","R","BOSS"],"build_version":"2018-05-12v2","seed_source_timestamp":0,"purchased_purges":0,"victory":false,"master_deck":["Strike_B","Strike_B","Strike_B","Defend_B","Defend_B","Defend_B","Zap","Dualcast","Redo","Capacitor","Tempest","Sweeping Beam","Loop","Amplify","Sweeping Beam","Capacitor","Doubt","Storm","Sunder","Parasite","Go for the Eyes"],"max_hp_per_floor":[75,75,75,75,75,75,75,75,75,75,75,75,75,75,75,75],"relics":["Cracked Core","Matryoshka","Dream Catcher","Regal Pillow"],"card_choices":[{"not_picked":["Sweeping Beam","Barrage"],"picked":"Capacitor","floor":1.0},{"not_picked":["Skim","Turbo"],"picked":"Tempest","floor":3.0},{"not_picked":["Capacitor","Axe Kick"],"picked":"Sweeping Beam","floor":4.0},{"not_picked":["Axe Kick","Turbo"],"picked":"Amplify","floor":6},{"not_picked":["Steam","Capacitor"],"picked":"Sweeping Beam","floor":7},{"not_picked":["Streamline","Rip and Tear"],"picked":"Storm","floor":12},{"not_picked":["Skim","Leap"],"picked":"Sunder","floor":13},{"not_picked":["BootSequence","Gash"],"picked":"Go for the Eyes","floor":15}],"player_experience":14236,"potions_floor_usage":[7,7,13,16],"damage_taken":[{"damage":0.0,"enemies":"Cultist","floor":1.0,"turns":4.0},{"damage":0.0,"enemies":"Small Slimes","floor":3.0,"turns":3.0},{"damage":0.0,"enemies":"2 Louse","floor":4.0,"turns":2.0},{"damage":31.0,"enemies":"Lagavulin","floor":6.0,"turns":5.0},{"damage":23,"enemies":"Lots of Slimes","floor":7,"turns":3},{"damage":18,"enemies":"3 Louse","floor":12,"turns":3},{"damage":11,"enemies":"Large Slime","floor":13,"turns":3},{"damage":71,"enemies":"Slime Boss","floor":16,"turns":8}],"event_choices":[{"event_name":"The Woman in Blue","player_choice":"Bought 3 Potions","floor":2.0,"damage_taken":0.0},{"event_name":"Transmorgrifier","player_choice":"Transform","floor":10,"damage_taken":0},{"event_name":"Liars Game","player_choice":"agreed","floor":11,"damage_taken":0},{"event_name":"Mushrooms","player_choice":"Healed and dodged fight","floor":14,"damage_taken":0}],"boss_relics":[],"potions_floor_spawned":[6,7],"seed_played":"9073815704399647729","killed_by":"Slime Boss","ascension_level":0,"is_trial":false}