{"gold_per_floor":[11,11,21,96,115,115,142,142,142,169,246,246,257,268,268,369,369,385,295,309,309,328,361,361,390,390,390],"floor_reached":27,"playtime":787,"items_purged":[],"score":300,"play_id":"0bdcbd54-de59-4771-a708-f164e79c0ebb","local_time":"20190515194923","is_ascension_mode":true,"campfire_choices":[{"data":"Bludgeon","floor":6.0,"key":"SMITH"},{"data":"Warcry","floor":8.0,"key":"SMITH"},{"data":"Entrench","floor":15.0,"key":"SMITH"},{"floor":24.0,"key":"REST"}],"neow_cost":"NO_GOLD","seed_source_timestamp":12013818429097,"circlet_count":0,"master_deck":["Strike_R","Strike_R","Strike_R","Strike_R+1","Defend_R+1","Defend_R","Defend_R","Bash+1","Warcry+1","Bludgeon+1","Immolate","Clothesline+1","Decay","Metallicize","Carnage+1"],"special_seed":0,"relics":["Burning Blood","Matryoshka","Bag of Preparation","Molten Egg 2","Du-Vu Doll","Dream Catcher","Pantograph","Velvet Choker","The Courier","StoneCalendar","Kunai"],"potions_floor_usage":[27,27,27],"damage_taken":[{"damage":13.0,"enemies":"2 Louse","floor":1.0,"turns":5.0},{"damage":0.0,"enemies":"Small Slimes","floor":3.0,"turns":3.0},{"damage":2.0,"enemies":"Jaw Worm","floor":5.0,"turns":2.0},{"damage":15.0,"enemies":"Lagavulin","floor":7.0,"turns":3.0},{"damage":8.0,"enemies":"Gremlin Nob","floor":10.0,"turns":3.0},{"damage":0.0,"enemies":"Large Slime","floor":13.0,"turns":4.0},{"damage":11.0,"enemies":"Looter","floor":14.0,"turns":2.0},{"damage":2.0,"enemies":"Slime Boss","floor":16.0,"turns":9.0},{"damage":11.0,"enemies":"Shell Parasite","floor":18.0,"turns":3.0},{"damage":21.0,"enemies":"3 Byrds","floor":20.0,"turns":4.0},{"damage":31.0,"enemies":"Centurion and Healer","floor":22.0,"turns":4.0},{"damage":22.0,"enemies":"Gremlin Leader","floor":23.0,"turns":3.0},{"damage":26,"enemies":"Slavers","floor":25,"turns":5},{"damage":35,"enemies":"Book of Stabbing","floor":27,"turns":4}],"seed_played":"1755050508723530948","potions_obtained":[{"floor":3.0,"key":"FearPotion"},{"floor":5.0,"key":"Fruit Juice"},{"floor":14.0,"key":"Strength Potion"},{"floor":16.0,"key":"EssenceOfSteel"},{"floor":25,"key":"SteroidPotion"}],"is_trial":false,"path_per_floor":["M","?","M","?","M","R","E","R","T","E","T","?","M","M","R","B",null,"M","?","M","?","M","E","R","E","T","E"],"character_chosen":"IRONCLAD","items_purchased":[],"campfire_rested":1,"item_purchase_floors":[],"current_hp_per_floor":[73,57,63,52,61,61,52,52,52,50,50,50,56,51,51,80,85,80,80,65,65,40,24,49,29,29,0],"gold":390,"neow_bonus":"TRANSFORM_TWO_CARDS","is_prod":false,"is_daily":false,"chose_seed":false,"campfire_upgraded":3,"win_rate":0,"timestamp":1557942563,"path_taken":["M","?","M","?","M","R","E","R","T","E","?","?","M","M","R","BOSS","M","?","?","?","M","E","R","E","T","E"],"build_version":"2019-01-23","purchased_purges":0,"victory":false,"max_hp_per_floor":[80,80,80,80,85,85,85,85,85,85,85,85,85,85,85,85,85,85,85,85,85,85,85,85,85,85,85],"card_choices":[{"not_picked":["Flex","Clash","Wild Strike"],"picked":"SKIP","floor":1.0},{"not_picked":["Wild Strike","Burning Pact"],"picked":"Bludgeon","floor":3.0},{"not_picked":["Headbutt","Perfected Strike","Entrench"],"picked":"SKIP","floor":5.0},{"not_picked":["Wild Strike","Shrug It Off"],"picked":"Immolate","floor":7.0},{"not_picked":["Thunderclap+1","Flex","Pommel Strike+1"],"picked":"SKIP","floor":10.0},{"not_picked":["Cleave+1","Warcry"],"picked":"Clothesline+1","floor":13.0},{"not_picked":["Blood for Blood+1","Rampage+1","Warcry"],"picked":"SKIP","floor":14.0},{"not_picked":["Twin Strike+1","Clash+1","Armaments"],"picked":"SKIP","floor":18.0},{"not_picked":["Dropkick+1","Rampage+1","Flex"],"picked":"SKIP","floor":20.0},{"not_picked":["True Grit","Havoc"],"picked":"Metallicize","floor":22.0},{"not_picked":["Flex","Cleave+1","Body Slam+1"],"picked":"SKIP","floor":23.0},{"not_picked":["Pommel Strike+1","Headbutt+1"],"picked":"Carnage+1","floor":25}],"player_experience":55010,"relics_obtained":[{"floor":7.0,"key":"Matryoshka"},{"floor":9.0,"key":"Bag of Preparation"},{"floor":9.0,"key":"Molten Egg 2"},{"floor":10.0,"key":"Du-Vu Doll"},{"floor":11.0,"key":"Dream Catcher"},{"floor":11.0,"key":"Pantograph"},{"floor":23.0,"key":"The Courier"},{"floor":25,"key":"StoneCalendar"},{"floor":26,"key":"Kunai"}],"event_choices":[{"damage_healed":0.0,"max_hp_gain":0.0,"max_hp_loss":0.0,"gold_gain":0.0,"event_name":"Shining Light","player_choice":"Entered Light","floor":2.0,"gold_loss":0.0,"damage_taken":16.0,"cards_upgraded":["Bash","Strike_R"]},{"damage_healed":0.0,"max_hp_gain":0.0,"max_hp_loss":0.0,"gold_gain":75.0,"event_name":"World of Goop","player_choice":"Gather Gold","floor":4.0,"gold_loss":0.0,"damage_taken":11.0},{"damage_healed":0.0,"max_hp_gain":0.0,"max_hp_loss":0.0,"gold_gain":0.0,"event_name":"Liars Game","player_choice":"Ignored","floor":12.0,"gold_loss":0.0,"damage_taken":0.0},{"cards_removed":["Entrench"],"damage_healed":0.0,"max_hp_gain":0.0,"max_hp_loss":0.0,"gold_gain":0.0,"event_name":"Designer","player_choice":"Upgrade and Remove","floor":19.0,"gold_loss":90.0,"damage_taken":0.0,"cards_upgraded":["Defend_R"]},{"damage_healed":0.0,"max_hp_gain":0.0,"max_hp_loss":0.0,"gold_gain":0.0,"event_name":"Forgotten Altar","player_choice":"Smashed Altar","floor":21.0,"gold_loss":0.0,"damage_taken":0.0,"cards_obtained":["Decay"]}],"is_beta":false,"boss_relics":[{"not_picked":["Astrolabe","Busted Crown"],"picked":"Velvet Choker"}],"items_purged_floors":[],"is_endless":false,"potions_floor_spawned":[3,5,14,16,25],"killed_by":"Book of Stabbing","ascension_level":3}