{"gold_per_floor":[117,117,117,82,96,130,144,154,154,68,68,99,99,118,118,222,222,235,235,248,200,200,200,200,211,211,236,252,266,62,62,62,159,159,171,18,35,45,65,65,76,76,149,24,34,46,71,87,87,87],"floor_reached":51,"playtime":2372,"items_purged":["Parasite"],"score":845,"play_id":"7b352c8e-a99a-43f7-80c9-b365f3ff2413","local_time":"20190329144807","is_ascension_mode":true,"campfire_choices":[{"data":"Perfected Strike","floor":11.0,"key":"SMITH"},{"data":"Perfected Strike","floor":15.0,"key":"SMITH"},{"data":"Flex","floor":23.0,"key":"SMITH"},{"data":"Perfected Strike","floor":32,"key":"SMITH"},{"floor":40,"key":"REST"},{"floor":42,"key":"REST"},{"floor":49,"key":"REST"}],"neow_cost":"NONE","seed_source_timestamp":0,"circlet_count":0,"master_deck":["Strike_R","Strike_R+1","Strike_R","Strike_R","Strike_R","Defend_R+1","Defend_R","Defend_R","Defend_R","Bash","Perfected Strike+1","Flex+1","Thunderclap","Perfected Strike+1","Pommel Strike","Flash of Steel","Shrug It Off","Limit Break","Ghostly Armor","Iron Wave","Perfected Strike+1","Wild Strike+1","Thunderclap+1","Heavy Blade+1","Flex+1","Twin Strike","Shrug It Off+1","Pommel Strike+1","Pommel Strike+1","Flex+1","Flex+1","Pommel Strike","Twin Strike","Twin Strike+1"],"special_seed":0,"relics":["Black Blood","NeowsBlessing","Ornamental Fan","Blue Candle","Blood Vial","Sozu","Mango","Nunchaku","Toxic Egg 2","Sundial","DollysMirror","Pen Nib","Bottled Lightning","Dream Catcher"],"potions_floor_usage":[50,50],"damage_taken":[{"damage":0.0,"enemies":"Small Slimes","floor":1.0,"turns":1.0},{"damage":0.0,"enemies":"2 Louse","floor":5.0,"turns":1.0},{"damage":0.0,"enemies":"3 Sentries","floor":6.0,"turns":2.0},{"damage":0.0,"enemies":"Jaw Worm","floor":7.0,"turns":3.0},{"damage":15.0,"enemies":"Exordium Thugs","floor":8.0,"turns":3.0},{"damage":10.0,"enemies":"Gremlin Nob","floor":12.0,"turns":3.0},{"damage":1.0,"enemies":"3 Louse","floor":14.0,"turns":2.0},{"damage":45.0,"enemies":"Slime Boss","floor":16.0,"turns":9.0},{"damage":0.0,"enemies":"Spheric Guardian","floor":18.0,"turns":3.0},{"damage":8.0,"enemies":"Shell Parasite","floor":20.0,"turns":4.0},{"damage":7.0,"enemies":"Snake Plant","floor":25.0,"turns":3.0},{"damage":24.0,"enemies":"Slavers","floor":27.0,"turns":5.0},{"damage":0.0,"enemies":"Shelled Parasite and Fungi","floor":28.0,"turns":2.0},{"damage":0.0,"enemies":"3 Cultists","floor":29.0,"turns":4.0},{"damage":48,"enemies":"Collector","floor":33,"turns":5},{"damage":0,"enemies":"Orb Walker","floor":35,"turns":1},{"damage":42,"enemies":"3 Darklings","floor":37,"turns":4},{"damage":50,"enemies":"Writhing Mass","floor":38,"turns":4},{"damage":2,"enemies":"Jaw Worm Horde","floor":39,"turns":4},{"damage":16,"enemies":"3 Darklings","floor":41,"turns":4},{"damage":17,"enemies":"Writhing Mass","floor":45,"turns":3},{"damage":6,"enemies":"Maw","floor":46,"turns":6},{"damage":28,"enemies":"Nemesis","floor":47,"turns":5},{"damage":19,"enemies":"Sphere and 2 Shapes","floor":48,"turns":3},{"damage":101,"enemies":"Donu and Deca","floor":50,"turns":8}],"seed_played":"772814973745938430","potions_obtained":[{"floor":7.0,"key":"Explosive Potion"},{"floor":12.0,"key":"PowerPotion"},{"floor":16.0,"key":"Regen Potion"}],"is_trial":false,"path_per_floor":["M","?","$","?","M","E","M","M","T","$","R","E","?","M","R","B",null,"M","?","M","$","?","R","T","M","T","E","M","M","$","?","R","B",null,"M","$","M","M","M","R","M","R","T","$","M","M","E","M","R","B",null],"character_chosen":"IRONCLAD","items_purchased":["Flash of Steel","Perfected Strike","DollysMirror","Pen Nib","Flex+1"],"campfire_rested":3,"item_purchase_floors":[10,21,30,36,44],"current_hp_per_floor":[80,64,64,80,80,80,80,71,71,71,71,67,72,79,79,42,85,85,85,83,83,97,97,97,98,98,81,89,97,97,97,97,57,99,99,99,67,29,39,68,64,93,93,93,88,94,78,71,96,20],"gold":87,"neow_bonus":"THREE_ENEMY_KILL","is_prod":false,"is_daily":false,"chose_seed":false,"campfire_upgraded":4,"win_rate":0,"timestamp":1553885287,"path_taken":["M","?","$","?","M","E","?","M","T","?","R","E","?","M","R","BOSS","M","?","?","$","?","R","?","M","T","E","M","M","$","?","R","BOSS","M","$","M","M","M","R","M","R","T","$","M","M","E","M","R","BOSS"],"build_version":"2019-01-23","purchased_purges":1,"victory":true,"max_hp_per_floor":[80,80,80,80,80,80,80,80,80,80,80,80,85,85,85,85,85,85,85,85,85,99,99,99,99,99,99,99,99,99,99,99,99,99,99,99,99,99,99,99,99,99,99,96,96,96,96,96,96,96],"card_choices":[{"not_picked":["Heavy Blade","True Grit"],"picked":"Perfected Strike","floor":1.0},{"not_picked":["Twin Strike","Cleave"],"picked":"Flex","floor":5.0},{"not_picked":["Sword Boomerang","Fire Breathing"],"picked":"Thunderclap","floor":6.0},{"not_picked":["Infernal Blade","Thunderclap"],"picked":"Perfected Strike","floor":7.0},{"not_picked":["Seeing Red","Pummel"],"picked":"Pommel Strike","floor":8.0},{"not_picked":["Feel No Pain","Wild Strike","Headbutt"],"picked":"SKIP","floor":12.0},{"not_picked":["Cleave","Demon Form"],"picked":"Shrug It Off","floor":14.0},{"not_picked":["Berserk","Double Tap"],"picked":"Limit Break","floor":16.0},{"not_picked":["Clothesline","Combust+1"],"picked":"Ghostly Armor","floor":18.0},{"not_picked":["Havoc","Anger+1"],"picked":"Iron Wave","floor":20.0},{"not_picked":["Intimidate+1","Uppercut+1"],"picked":"Wild Strike+1","floor":25.0},{"not_picked":["Headbutt","Clothesline"],"picked":"Thunderclap+1","floor":27.0},{"not_picked":["Wild Strike","Metallicize"],"picked":"Heavy Blade+1","floor":28.0},{"not_picked":["Impervious+1","Heavy Blade","Cleave"],"picked":"SKIP","floor":29.0},{"not_picked":["Disarm+1","Heavy Blade"],"picked":"Twin Strike","floor":35},{"not_picked":["Anger","Thunderclap+1","Bloodletting+1"],"picked":"SKIP","floor":37},{"not_picked":["Ghostly Armor+1","Shockwave+1"],"picked":"Shrug It Off+1","floor":38},{"not_picked":["Ghostly Armor+1","Armaments+1"],"picked":"Pommel Strike+1","floor":39},{"not_picked":["Heavy Blade+1","Entrench+1"],"picked":"Pommel Strike+1","floor":41},{"not_picked":["Ghostly Armor+1","Second Wind+1","Offering+1"],"picked":"SKIP","floor":45},{"not_picked":["Battle Trance+1","Pummel+1"],"picked":"Flex+1","floor":46},{"not_picked":["Battle Trance+1","Combust"],"picked":"Pommel Strike","floor":47},{"not_picked":["Sever Soul+1","Rupture"],"picked":"Twin Strike","floor":48},{"not_picked":["Intimidate+1","Warcry+1"],"picked":"Twin Strike+1","floor":49}],"player_experience":63485,"relics_obtained":[{"floor":6.0,"key":"Ornamental Fan"},{"floor":9.0,"key":"Blue Candle"},{"floor":12.0,"key":"Blood Vial"},{"floor":24.0,"key":"Nunchaku"},{"floor":26.0,"key":"Toxic Egg 2"},{"floor":27.0,"key":"Sundial"},{"floor":43,"key":"Bottled Lightning"},{"floor":47,"key":"Dream Catcher"}],"event_choices":[{"damage_healed":0.0,"max_hp_gain":0.0,"max_hp_loss":0.0,"gold_gain":0.0,"event_name":"Shining Light","player_choice":"Entered Light","floor":2.0,"gold_loss":0.0,"damage_taken":16.0,"cards_upgraded":["Defend_R","Strike_R"]},{"damage_healed":20.0,"max_hp_gain":0.0,"max_hp_loss":0.0,"gold_gain":0.0,"event_name":"The Cleric","player_choice":"Healed","floor":4.0,"gold_loss":35.0,"damage_taken":0.0},{"damage_healed":0.0,"max_hp_gain":5.0,"max_hp_loss":0.0,"gold_gain":0.0,"event_name":"Big Fish","player_choice":"Donut","floor":13.0,"gold_loss":0.0,"damage_taken":0.0},{"damage_healed":0.0,"max_hp_gain":0.0,"max_hp_loss":0.0,"gold_gain":0.0,"event_name":"Wheel of Change","player_choice":"Full Heal","floor":19.0,"gold_loss":0.0,"damage_taken":0.0},{"damage_healed":0.0,"max_hp_gain":0.0,"max_hp_loss":0.0,"gold_gain":0.0,"event_name":"The Mausoleum","player_choice":"Opened","floor":22.0,"gold_loss":0.0,"damage_taken":0.0,"relics_obtained":["Mango"]},{"damage_healed":0,"gold_gain":0,"player_choice":"Got Potions","damage_taken":0,"max_hp_gain":0,"max_hp_loss":0,"event_name":"Lab","floor":31,"gold_loss":0}],"is_beta":false,"boss_relics":[{"not_picked":["Astrolabe","Runic Pyramid"],"picked":"Sozu"},{"not_picked":["Snecko Eye","White Beast Statue"],"picked":"Black Blood"}],"items_purged_floors":[44],"is_endless":false,"potions_floor_spawned":[7,12,16,18,25,27,35,39,46,47],"ascension_level":1}