{"gold_per_floor":[115,95,115,125,125,153,104,169,193,193,227,227,148,162,162,260,260,275,275,132,132,151,168,20,38,63,63,95,95,120,155,155,155],"floor_reached":33,"playtime":1035,"items_purged":[],"score":356,"play_id":"1c82006e-af98-4b64-9d44-4d4d494c1468","local_time":"20190418104607","is_ascension_mode":true,"campfire_choices":[{"data":"Thunderclap","floor":10,"key":"SMITH"},{"floor":15,"key":"REST"},{"data":"Flex","floor":27,"key":"SMITH"},{"floor":29,"key":"DIG"},{"floor":32,"key":"DIG"}],"neow_cost":"PERCENT_DAMAGE","seed_source_timestamp":554662513257900,"circlet_count":0,"master_deck":["Defend_R+1","Defend_R+1","Defend_R","Defend_R","Bash","Combust","Thunderclap+1","Pommel Strike","Flex+1","Thunderclap","Inflame","Reaper","Feed","Rage+1","Bite","Bite+1","Bite","Bite","Bite+1","Sword Boomerang","Flame Barrier","Shrug It Off","Flex+1"],"relics":["Burning Blood","FossilizedHelix","Ancient Tea Set","Tiny Chest","Bronze Scales","Bag of Marbles","Philosopher\u0027s Stone","Centennial Puzzle","Whetstone","War Paint","Shovel","Lantern","Omamori","Red Skull","Torii"],"potions_floor_usage":[6,11,14,16,33,33],"damage_taken":[{"damage":4,"enemies":"Jaw Worm","floor":1,"turns":4},{"damage":0,"enemies":"Cultist","floor":3,"turns":3},{"damage":1,"enemies":"Small Slimes","floor":4,"turns":4},{"damage":17,"enemies":"Gremlin Nob","floor":6,"turns":4},{"damage":29,"enemies":"3 Sentries","floor":8,"turns":6},{"damage":29,"enemies":"Lagavulin","floor":11,"turns":5},{"damage":13,"enemies":"Exordium Wildlife","floor":14,"turns":4},{"damage":32,"enemies":"Hexaghost","floor":16,"turns":7},{"damage":20,"enemies":"3 Byrds","floor":18,"turns":3},{"damage":13,"enemies":"Shell Parasite","floor":22,"turns":3},{"damage":28,"enemies":"Snake Plant","floor":23,"turns":3},{"damage":26,"enemies":"Shelled Parasite and Fungi","floor":25,"turns":3},{"damage":23,"enemies":"Slavers","floor":28,"turns":3},{"damage":5,"enemies":"Book of Stabbing","floor":31,"turns":4},{"damage":92,"enemies":"Automaton","floor":33,"turns":6}],"seed_played":"-3986302121992598948","potions_obtained":[{"floor":1,"key":"Strength Potion"},{"floor":2,"key":"AttackPotion"},{"floor":4,"key":"Regen Potion"},{"floor":8,"key":"Weak Potion"},{"floor":18,"key":"Ancient Potion"},{"floor":22,"key":"GamblersBrew"},{"floor":28,"key":"Explosive Potion"}],"is_trial":false,"path_per_floor":["M","?","M","M","$","E","$","E","T","R","E","?","$","M","R","B",null,"M","?","$","?","M","M","$","M","T","R","E","R","T","E","R","B"],"character_chosen":"IRONCLAD","items_purchased":["Flex","Inflame","Centennial Puzzle","Whetstone"],"campfire_rested":1,"item_purchase_floors":[7,13,20,24],"current_hp_per_floor":[58,58,64,69,69,58,58,35,35,35,21,21,21,14,38,24,80,71,58,58,58,56,46,46,34,34,34,34,34,34,45,45,0],"gold":155,"neow_bonus":"ONE_RARE_RELIC","is_prod":false,"is_daily":false,"chose_seed":false,"campfire_upgraded":2,"win_rate":0,"timestamp":1555598767,"path_taken":["M","?","M","M","?","E","$","E","T","R","E","?","$","M","R","BOSS","M","?","$","?","M","M","?","M","T","R","E","R","?","E","R","BOSS"],"build_version":"2019-01-23","purchased_purges":0,"victory":false,"max_hp_per_floor":[80,80,80,80,80,80,80,80,80,80,80,80,80,80,80,80,80,83,58,58,58,61,61,61,61,61,61,61,61,61,64,64,64],"card_choices":[{"not_picked":["Searing Blow","Seeing Red","Warcry"],"picked":"SKIP","floor":1},{"not_picked":["Evolve","Perfected Strike"],"picked":"Combust","floor":3},{"not_picked":["Metallicize","Heavy Blade"],"picked":"Thunderclap","floor":4},{"not_picked":["Rampage","Twin Strike"],"picked":"Pommel Strike","floor":6},{"not_picked":["Metallicize","Spot Weakness","Wild Strike"],"picked":"SKIP","floor":8},{"not_picked":["Blood for Blood","Combust"],"picked":"Thunderclap","floor":11},{"not_picked":["Rage","Sword Boomerang"],"picked":"Reaper","floor":14},{"not_picked":["Bludgeon","Limit Break"],"picked":"Feed","floor":16},{"not_picked":["Warcry","Cleave"],"picked":"Rage+1","floor":18},{"not_picked":["Perfected Strike","Spot Weakness"],"picked":"Flame Barrier","floor":22},{"not_picked":["Clash+1","Headbutt","Clothesline"],"picked":"SKIP","floor":23},{"not_picked":["Entrench","Pummel+1"],"picked":"Shrug It Off","floor":25},{"not_picked":["Limit Break","Pommel Strike+1"],"picked":"Flex+1","floor":28},{"not_picked":["Carnage","True Grit","Flame Barrier"],"picked":"SKIP","floor":31}],"player_experience":97689,"relics_obtained":[{"floor":6,"key":"Ancient Tea Set"},{"floor":8,"key":"Tiny Chest"},{"floor":9,"key":"Bronze Scales"},{"floor":11,"key":"Bag of Marbles"},{"floor":26,"key":"War Paint"},{"floor":28,"key":"Shovel"},{"floor":29,"key":"Lantern"},{"floor":30,"key":"Omamori"},{"floor":31,"key":"Red Skull"},{"floor":32,"key":"Torii"}],"event_choices":[{"damage_healed":0,"gold_gain":0,"player_choice":"Bought 1 Potion","damage_taken":0,"max_hp_gain":0,"max_hp_loss":0,"event_name":"The Woman in Blue","floor":2,"gold_loss":0},{"damage_healed":0,"gold_gain":0,"player_choice":"Ignored","damage_taken":0,"max_hp_gain":0,"max_hp_loss":0,"event_name":"Shining Light","floor":12,"gold_loss":0},{"damage_healed":0,"gold_gain":0,"player_choice":"Became a vampire","damage_taken":0,"max_hp_gain":0,"max_hp_loss":25,"event_name":"Vampires","floor":19,"gold_loss":0,"cards_obtained":["Bite","Bite","Bite","Bite","Bite"]},{"damage_healed":0,"gold_gain":0,"player_choice":"Read","damage_taken":0,"max_hp_gain":0,"max_hp_loss":0,"event_name":"The Library","floor":21,"gold_loss":0,"cards_obtained":["Sword Boomerang"]}],"is_beta":false,"boss_relics":[{"not_picked":["Astrolabe","Fusion Hammer"],"picked":"Philosopher\u0027s Stone"}],"items_purged_floors":[],"is_endless":false,"potions_floor_spawned":[1,4,8,18,22,28,31],"killed_by":"Automaton","ascension_level":2}