{"gold_per_floor":[118,137,160,160,160,160,193,207,253,253,231,231,231,251,251,382,382,365,74,95,115,128,128,43,43],"floor_reached":25,"playtime":1016,"items_purged":["Regret"],"score":271,"play_id":"c442760f-9c39-4ef1-a278-b150e5164485","local_time":"20181225165755","is_ascension_mode":true,"campfire_choices":[{"floor":6,"key":"REST"},{"floor":10,"key":"REST"},{"data":"Defragment","floor":12,"key":"SMITH"},{"floor":15,"key":"REST"},{"floor":23,"key":"REST"}],"neow_cost":"NONE","seed_source_timestamp":332596298057147,"circlet_count":0,"master_deck":["Strike_B","Strike_B+1","Strike_B+1","Strike_B","Defend_B","Defend_B","Defend_B","Defend_B","Zap","Dualcast","Capacitor","Coolheaded","Defragment+1","Conserve Battery","Gash","Leap","Echo Form","Coolheaded+1","Panache","Melter","Ball Lightning+1","Barrage+1","Sunder+1"],"relics":["Cracked Core","Lantern","Whetstone","Golden Idol","Kunai","Shuriken","Bag of Marbles","Dodecahedron","Busted Crown","Bronze Scales"],"potions_floor_usage":[14,14,22],"damage_taken":[{"damage":0,"enemies":"Cultist","floor":1,"turns":3},{"damage":5,"enemies":"Small Slimes","floor":2,"turns":3},{"damage":30,"enemies":"Gremlin Nob","floor":7,"turns":4},{"damage":5,"enemies":"Jaw Worm","floor":8,"turns":3},{"damage":0,"enemies":"Gremlin Gang","floor":14,"turns":1},{"damage":33,"enemies":"The Guardian","floor":16,"turns":11},{"damage":22,"enemies":"2 Thieves","floor":18,"turns":5},{"damage":13,"enemies":"Shell Parasite","floor":20,"turns":5},{"damage":24,"enemies":"Snake Plant","floor":21,"turns":4},{"damage":0,"enemies":"3 Cultists","floor":22,"turns":4},{"damage":33,"enemies":"Slavers","floor":25,"turns":3}],"seed_played":"-7955407060243218347","potions_obtained":[{"floor":1,"key":"Swift Potion"},{"floor":7,"key":"AttackPotion"},{"floor":8,"key":"SteroidPotion"},{"floor":21,"key":"SteroidPotion"}],"is_trial":false,"path_per_floor":["M","M","T","?","T","R","E","M","T","R","$","R","?","M","R","B",null,"M","$","M","M","M","R","?","E"],"character_chosen":"DEFECT","items_purchased":["Gash","Panache","Melter"],"campfire_rested":4,"item_purchase_floors":[11,19,19],"current_hp_per_floor":[68,63,63,45,45,67,37,32,32,54,54,54,54,54,75,42,67,45,45,32,8,8,30,30,0],"gold":43,"neow_bonus":"RANDOM_COMMON_RELIC","is_prod":false,"is_daily":false,"chose_seed":false,"campfire_upgraded":1,"win_rate":0,"timestamp":1545767875,"path_taken":["M","?","?","?","?","R","E","?","T","R","$","R","?","M","R","BOSS","M","$","M","M","M","R","?","E"],"build_version":"2018-12-20","purchased_purges":1,"victory":false,"max_hp_per_floor":[75,75,75,75,75,75,75,75,75,75,75,75,75,75,75,75,75,75,75,75,75,75,75,75,75],"card_choices":[{"not_picked":["Darkness","Force Field"],"picked":"Capacitor","floor":1},{"not_picked":["Stack","Streamline"],"picked":"Coolheaded","floor":2},{"not_picked":["Redo","Self Repair"],"picked":"Defragment","floor":7},{"not_picked":["Cold Snap","Ball Lightning"],"picked":"Conserve Battery","floor":8},{"not_picked":["Multi-Cast","Tempest"],"picked":"Leap","floor":14},{"not_picked":["Amplify","Hyperbeam"],"picked":"Echo Form","floor":16},{"not_picked":[],"picked":"Coolheaded+1","floor":18},{"not_picked":[],"picked":"Ball Lightning+1","floor":20},{"not_picked":[],"picked":"Barrage+1","floor":21},{"not_picked":[],"picked":"Sunder+1","floor":22}],"player_experience":533251,"relics_obtained":[{"floor":3,"key":"Whetstone"},{"floor":5,"key":"Kunai"},{"floor":7,"key":"Shuriken"},{"floor":9,"key":"Bag of Marbles"}],"event_choices":[{"damage_healed":0,"gold_gain":0,"player_choice":"Take Damage","damage_taken":18,"relics_obtained":["Golden Idol"],"max_hp_gain":0,"max_hp_loss":0,"event_name":"Golden Idol","floor":4,"gold_loss":0},{"damage_healed":0,"gold_gain":0,"player_choice":"Box","damage_taken":0,"relics_obtained":["Dodecahedron"],"max_hp_gain":0,"max_hp_loss":0,"event_name":"Big Fish","floor":13,"gold_loss":0,"cards_obtained":["Regret"]},{"damage_healed":0,"gold_gain":0,"player_choice":"Obtained Relic","damage_taken":0,"relics_obtained":["Bronze Scales"],"max_hp_gain":0,"max_hp_loss":0,"event_name":"Addict","floor":24,"gold_loss":85}],"is_beta":false,"boss_relics":[{"not_picked":["Inserter","Eternal Feather"],"picked":"Busted Crown"}],"items_purged_floors":[19],"is_endless":false,"potions_floor_spawned":[1,7,8,21],"killed_by":"Slavers","ascension_level":7}