{"gold_per_floor":[116,116,15,33,49,49,75,93,93,93,125,125,125,142,142,247,247,263,55,75,89,89,89,108,121,121,121,139,159,173,207,207,304,304,324,334,353,366,414,414,444,289,313,327,361,378,413,3,3,3,3,3,3,37,37],"floor_reached":56,"playtime":4230,"items_purged":["Strike_B","Strike_B"],"score":1448,"play_id":"5df458ee-0bf7-49e2-8463-24652e7d4714","local_time":"20190207131513","is_ascension_mode":false,"campfire_choices":[{"data":"Sweeping Beam","floor":6,"key":"SMITH"},{"data":"Ball Lightning","floor":10,"key":"SMITH"},{"floor":12,"key":"RECALL"},{"data":"Compile Driver","floor":15,"key":"SMITH"},{"data":"Capacitor","floor":23,"key":"SMITH"},{"data":"Loop","floor":27,"key":"SMITH"},{"data":"Coolheaded","floor":32,"key":"SMITH"},{"data":"Fission","floor":40,"key":"SMITH"},{"data":"Seek","floor":49,"key":"SMITH"},{"data":"Biased Cognition","floor":52,"key":"SMITH"}],"neow_cost":"NONE","seed_source_timestamp":266794139937057,"circlet_count":0,"master_deck":["Strike_B","Strike_B","Defend_B","Defend_B","Defend_B+1","Defend_B+1","Zap+1","Dualcast","Ball Lightning+1","Self Repair","Sweeping Beam+1","Glacier","Leap","Compile Driver+1","Go for the Eyes","Biased Cognition+1","Turbo+1","Hologram+1","Capacitor+1","Loop+1","Biased Cognition","Fission+1","Coolheaded+1","Capacitor+1","Echo Form","Compile Driver+1","Chill+1","Fission","Fusion","Biased Cognition","BootSequence","Compile Driver+1","Seek+1","Compile Driver"],"relics":["FrozenCore","Letter Opener","Bird Faced Urn","Turnip","Prayer Wheel","OrangePellets","Singing Bowl","Kunai","Nuclear Battery","Girya","Dodecahedron","Thread and Needle","Dream Catcher","Mummified Hand","Gambling Chip"],"potions_floor_usage":[11,16,25,35,39,45,45,55,55,55],"damage_taken":[{"damage":4,"enemies":"2 Louse","floor":1,"turns":2},{"damage":11,"enemies":"Jaw Worm","floor":4,"turns":3},{"damage":0,"enemies":"Cultist","floor":5,"turns":3},{"damage":3,"enemies":"Lagavulin","floor":7,"turns":9},{"damage":0,"enemies":"Looter","floor":8,"turns":3},{"damage":3,"enemies":"Gremlin Nob","floor":11,"turns":5},{"damage":2,"enemies":"3 Louse","floor":14,"turns":3},{"damage":20,"enemies":"Hexaghost","floor":16,"turns":9},{"damage":13,"enemies":"2 Thieves","floor":18,"turns":4},{"damage":0,"enemies":"3 Byrds","floor":20,"turns":6},{"damage":0,"enemies":"Cultist and Chosen","floor":21,"turns":7},{"damage":6,"enemies":"Snecko","floor":24,"turns":8},{"damage":0,"enemies":"3 Cultists","floor":25,"turns":6},{"damage":18,"enemies":"Cultist and Chosen","floor":28,"turns":6},{"damage":1,"enemies":"Shelled Parasite and Fungi","floor":29,"turns":6},{"damage":0,"enemies":"Snecko","floor":30,"turns":6},{"damage":0,"enemies":"Book of Stabbing","floor":31,"turns":7},{"damage":0,"enemies":"Automaton","floor":33,"turns":11},{"damage":28,"enemies":"3 Shapes","floor":35,"turns":5},{"damage":5,"enemies":"3 Darklings","floor":36,"turns":5},{"damage":0,"enemies":"Spire Growth","floor":37,"turns":7},{"damage":2,"enemies":"Jaw Worm Horde","floor":38,"turns":4},{"damage":12,"enemies":"2 Orb Walkers","floor":39,"turns":4},{"damage":0,"enemies":"Giant Head","floor":41,"turns":8},{"damage":0,"enemies":"3 Darklings","floor":44,"turns":7},{"damage":3,"enemies":"Nemesis","floor":45,"turns":7},{"damage":0,"enemies":"Sphere and 2 Shapes","floor":46,"turns":5},{"damage":0,"enemies":"Giant Head","floor":47,"turns":7},{"damage":0,"enemies":"Donu and Deca","floor":50,"turns":7},{"damage":14,"enemies":"Shield and Spear","floor":54,"turns":6},{"damage":1,"enemies":"The Heart","floor":55,"turns":8}],"seed_played":"5228320138382608233","potions_obtained":[{"floor":5,"key":"Weak Potion"},{"floor":8,"key":"Poison Potion"},{"floor":16,"key":"Weak Potion"},{"floor":21,"key":"Ancient Potion"},{"floor":24,"key":"Block Potion"},{"floor":29,"key":"SteroidPotion"},{"floor":36,"key":"LiquidBronze"},{"floor":38,"key":"PowerPotion"},{"floor":44,"key":"GamblersBrew"},{"floor":45,"key":"Energy Potion"},{"floor":47,"key":"Regen Potion"},{"floor":54,"key":"SpeedPotion"}],"is_trial":false,"path_per_floor":["M","?","$","M","M","R","E","M","T","R","E","R","T","M","R","B",null,"M","$","M","M","?","R","M","M","T","R","M","M","M","E","R","B",null,"M","M","M","M","?","R","E","$","T","M","E","M","E","$","R","B",null,"R","$","E","B",null],"character_chosen":"DEFECT","items_purchased":["Self Repair","Sweeping Beam","OrangePellets","BootSequence","Compile Driver","Mummified Hand"],"campfire_rested":0,"item_purchase_floors":[3,3,19,42,48,48],"current_hp_per_floor":[71,56,56,52,59,59,63,63,63,63,69,69,69,75,75,64,75,71,71,75,75,61,61,68,80,80,80,79,84,88,88,88,88,88,75,91,94,96,98,98,98,98,98,100,102,106,106,106,106,106,106,106,106,100,108],"gold":37,"neow_bonus":"UPGRADE_CARD","is_prod":false,"is_daily":false,"chose_seed":false,"campfire_upgraded":9,"win_rate":0,"timestamp":1549545313,"path_taken":["M","?","$","M","M","R","E","M","T","R","E","R","?","M","R","BOSS","M","$","M","M","?","R","M","M","T","R","M","M","M","E","R","BOSS","M","M","M","M","?","R","E","$","T","M","E","M","E","$","R","BOSS","R","$","E","BOSS"],"build_version":"2019-02-06","purchased_purges":2,"victory":true,"max_hp_per_floor":[75,75,75,75,75,75,75,75,75,75,75,75,75,75,75,75,75,75,75,75,75,80,80,80,80,80,80,82,84,88,88,88,88,88,90,92,94,96,98,98,98,98,98,100,102,106,106,106,106,106,106,106,106,108,108],"card_choices":[{"not_picked":["BootSequence","Gash"],"picked":"Ball Lightning","floor":1},{"not_picked":["Leap","Turbo"],"picked":"Glacier","floor":4},{"not_picked":["Heatsinks","Streamline"],"picked":"Leap","floor":5},{"not_picked":["Glacier","Reprogram","Sweeping Beam"],"picked":"SKIP","floor":7},{"not_picked":["Recycle","Chaos","Redo"],"picked":"SKIP","floor":8},{"not_picked":["Steam","Conserve Battery"],"picked":"Compile Driver","floor":11},{"not_picked":["Melter","Glacier"],"picked":"Go for the Eyes","floor":14},{"not_picked":["Compile Driver","Conserve Battery","Fission"],"picked":"SKIP","floor":14},{"not_picked":["Creative AI","Hyperbeam"],"picked":"Biased Cognition","floor":16},{"not_picked":["Coolheaded","Double Energy"],"picked":"Turbo+1","floor":18},{"not_picked":["Barrage+1","Conserve Battery"],"picked":"Hologram+1","floor":18},{"not_picked":["Steam+1","Self Repair","Aggregate"],"picked":"SKIP","floor":20},{"not_picked":["Darkness","Conserve Battery","Double Energy"],"picked":"SKIP","floor":20},{"not_picked":["White Noise+1","Aggregate"],"picked":"Capacitor","floor":21},{"not_picked":["Go for the Eyes+1","Ball Lightning","Turbo"],"picked":"SKIP","floor":21},{"not_picked":["Conserve Battery","Darkness"],"picked":"Loop","floor":24},{"not_picked":["Reprogram","Go for the Eyes","Ball Lightning"],"picked":"SKIP","floor":24},{"not_picked":["Sweeping Beam+1","Ball Lightning+1"],"picked":"Biased Cognition","floor":25},{"not_picked":["Undo","Ball Lightning","Chaos"],"picked":"SKIP","floor":25},{"not_picked":["Streamline","Ball Lightning","Barrage"],"picked":"Singing Bowl","floor":28},{"not_picked":["Tempest+1","Sweeping Beam"],"picked":"Fission","floor":28},{"not_picked":["Leap","Rebound","Sweeping Beam"],"picked":"Singing Bowl","floor":29},{"not_picked":["Streamline","Lockon"],"picked":"Coolheaded","floor":29},{"not_picked":["Ball Lightning+1","Barrage","Self Repair"],"picked":"Singing Bowl","floor":30},{"not_picked":["Blizzard","Core Surge","Leap"],"picked":"Singing Bowl","floor":30},{"not_picked":["Hyperbeam","Undo"],"picked":"Capacitor+1","floor":31},{"not_picked":["Multi-Cast","Meteor Strike"],"picked":"Echo Form","floor":33},{"not_picked":["Barrage","Rip and Tear+1"],"picked":"Compile Driver+1","floor":35},{"not_picked":["Beam Cell+1","Rebound","Genetic Algorithm+1"],"picked":"SKIP","floor":35},{"not_picked":["Beam Cell+1","Rebound","Genetic Algorithm+1"],"picked":"Singing Bowl","floor":35},{"not_picked":["Redo","Leap+1","Hologram"],"picked":"Singing Bowl","floor":36},{"not_picked":["Glacier+1","Go for the Eyes"],"picked":"Chill+1","floor":36},{"not_picked":["Doom and Gloom+1","Turbo"],"picked":"Fission","floor":37},{"not_picked":["Streamline","Gash+1","Storm+1"],"picked":"Singing Bowl","floor":37},{"not_picked":["Conserve Battery","Sweeping Beam+1"],"picked":"Fusion","floor":38},{"not_picked":["Gash","Leap","Conserve Battery"],"picked":"Singing Bowl","floor":38},{"not_picked":["Leap","Sunder+1","Blizzard+1"],"picked":"Singing Bowl","floor":39},{"not_picked":["Streamline","Hologram+1"],"picked":"Biased Cognition","floor":41},{"not_picked":["Cold Snap+1","White Noise+1"],"picked":"Compile Driver+1","floor":44},{"not_picked":["Beam Cell","Cold Snap+1","Sunder"],"picked":"Singing Bowl","floor":44},{"not_picked":["Double Energy","Meteor Strike","Capacitor+1"],"picked":"Singing Bowl","floor":45},{"not_picked":["Redo+1","Hologram+1","Turbo+1"],"picked":"Singing Bowl","floor":46},{"not_picked":["Redo+1","Streamline+1","Ball Lightning"],"picked":"Singing Bowl","floor":46},{"not_picked":["Compile Driver+1","Beam Cell+1"],"picked":"Seek","floor":47},{"not_picked":["Steam+1","Redo+1","Scrape"],"picked":"Singing Bowl","floor":54}],"player_experience":853093,"relics_obtained":[{"floor":7,"key":"Letter Opener"},{"floor":9,"key":"Bird Faced Urn"},{"floor":11,"key":"Turnip"},{"floor":13,"key":"Prayer Wheel"},{"floor":26,"key":"Singing Bowl"},{"floor":31,"key":"Kunai"},{"floor":39,"key":"Girya"},{"floor":41,"key":"Dodecahedron"},{"floor":45,"key":"Thread and Needle"},{"floor":47,"key":"Dream Catcher"},{"floor":54,"key":"Gambling Chip"}],"event_choices":[{"damage_healed":0,"gold_gain":0,"player_choice":"Entered Light","damage_taken":15,"max_hp_gain":0,"max_hp_loss":0,"event_name":"Shining Light","floor":2,"gold_loss":0,"cards_upgraded":["Defend_B","Defend_B"]},{"damage_healed":0,"gold_gain":0,"player_choice":"Shed Blood","damage_taken":19,"max_hp_gain":5,"max_hp_loss":0,"event_name":"Forgotten Altar","floor":22,"gold_loss":0},{"damage_healed":0,"gold_gain":0,"player_choice":"Fight","damage_taken":0,"max_hp_gain":0,"max_hp_loss":0,"event_name":"Mysterious Sphere","floor":39,"gold_loss":0}],"is_beta":true,"boss_relics":[{"not_picked":["Black Star","Orrery"],"picked":"FrozenCore"},{"not_picked":["Sozu","Velvet Choker"],"picked":"Nuclear Battery"}],"items_purged_floors":[42,48],"is_endless":false,"potions_floor_spawned":[5,8,16,21,24,29,31,36,38,44,45,47,54],"ascension_level":0}