{"gold_per_floor":[117,117,117,166,176,206,225,225,225,291,316,316,192,226,226,324,324,340,354,354,373,0,0,30,30,57,92,92,192,209,223,223,318,318,331,350,350,268,284,284,310,310,363,395,414,424,478,492,492,492,492,492,59,59],"floor_reached":54,"playtime":2481,"items_purged":["Regret"],"score":1178,"play_id":"3f10a13f-0c0a-46b1-8995-4e28a6815db4","local_time":"20190219200025","is_ascension_mode":true,"campfire_choices":[{"floor":8,"key":"REST"},{"data":"Tactician","floor":15,"key":"SMITH"},{"floor":23,"key":"REST"},{"floor":25,"key":"RECALL"},{"floor":32,"key":"REST"},{"floor":40,"key":"REST"},{"floor":42,"key":"REST"},{"floor":49,"key":"REST"},{"floor":52,"key":"REST"}],"neow_cost":"NONE","seed_source_timestamp":453053519511203,"circlet_count":0,"master_deck":["Defend_G","Defend_G","Defend_G+1","Defend_G","Defend_G+1","Strike_G","Strike_G","Strike_G","Strike_G+1","Strike_G","Survivor+1","Neutralize","All Out Attack","Tactician+1","Backstab","Dodge and Roll","Acrobatics","Backstab","Backflip+1","Prepared+1","Dash+1","Cloak And Dagger+1","Crippling Poison+1","Dagger Spray+1","Dash+1","Apotheosis+1","Prepared+1","Backstab","Backflip+1","Dodge and Roll+1","Blur+1","After Image+1","Blur+1","Caltrops+1","Terror+1","Caltrops+1","Noxious Fumes+1","Leg Sweep+1","Cloak And Dagger+1","Parasite","Deflect+1","Dodge and Roll+1","Envenom+1","Deflect+1","Caltrops+1","Deflect+1"],"relics":["Ring of the Snake","NeowsBlessing","War Paint","Pen Nib","Dream Catcher","Vajra","Bronze Scales","Toxic Egg 2","Blue Candle","Runic Dome","DollysMirror","Frozen Egg 2","Mango","Sozu","The Specimen","Regal Pillow","Art of War","Girya","Calipers"],"potions_floor_usage":[14,16,27,27],"damage_taken":[{"damage":0,"enemies":"Jaw Worm","floor":1,"turns":1},{"damage":0,"enemies":"Small Slimes","floor":5,"turns":1},{"damage":0,"enemies":"Lagavulin","floor":6,"turns":1},{"damage":0,"enemies":"2 Louse","floor":7,"turns":2},{"damage":12,"enemies":"3 Sentries","floor":11,"turns":7},{"damage":0,"enemies":"Gremlin Nob","floor":14,"turns":2},{"damage":30,"enemies":"The Guardian","floor":16,"turns":14},{"damage":0,"enemies":"Spheric Guardian","floor":18,"turns":2},{"damage":0,"enemies":"Shell Parasite","floor":19,"turns":4},{"damage":1,"enemies":"Snake Plant","floor":21,"turns":3},{"damage":8,"enemies":"Gremlin Leader","floor":24,"turns":6},{"damage":2,"enemies":"Book of Stabbing","floor":27,"turns":2},{"damage":0,"enemies":"3 Cultists","floor":30,"turns":3},{"damage":24,"enemies":"Cultist and Chosen","floor":31,"turns":7},{"damage":71,"enemies":"Collector","floor":33,"turns":16},{"damage":13,"enemies":"3 Darklings","floor":35,"turns":4},{"damage":0,"enemies":"3 Shapes","floor":36,"turns":3},{"damage":19,"enemies":"Spire Growth","floor":39,"turns":6},{"damage":40,"enemies":"Giant Head","floor":41,"turns":10},{"damage":21,"enemies":"Nemesis","floor":44,"turns":9},{"damage":0,"enemies":"Sphere and 2 Shapes","floor":45,"turns":5},{"damage":22,"enemies":"Writhing Mass","floor":46,"turns":6},{"damage":16,"enemies":"2 Orb Walkers","floor":47,"turns":6},{"damage":0,"enemies":"Spire Growth","floor":48,"turns":5},{"damage":65,"enemies":"Donu and Deca","floor":50,"turns":12},{"damage":106,"enemies":"Shield and Spear","floor":54,"turns":6}],"seed_played":"-4052068153120526265","potions_obtained":[{"floor":1,"key":"Energy Potion"},{"floor":5,"key":"FearPotion"},{"floor":18,"key":"SteroidPotion"},{"floor":19,"key":"SkillPotion"},{"floor":33,"key":"LiquidBronze"}],"is_trial":false,"path_per_floor":["M","?","?","T","M","E","M","R","T","?","E","?","$","E","R","B",null,"M","M","?","M","$","R","E","R","T","E","?","?","M","M","R","B",null,"M","M","?","$","M","R","E","R","T","E","M","M","?","M","R","B",null,"R","$","E"],"character_chosen":"THE_SILENT","items_purchased":["Backflip+1","DollysMirror","Apotheosis+1","Caltrops+1","Caltrops+1","Calipers","Deflect+1"],"campfire_rested":7,"item_purchase_floors":[13,22,22,38,53,53,53],"current_hp_per_floor":[63,38,24,24,24,24,24,45,45,45,33,33,33,33,33,3,53,53,53,53,52,52,70,62,62,62,74,74,74,74,50,75,4,64,51,51,94,94,75,94,54,82,82,61,61,39,23,23,66,1,71,94,94,0],"gold":59,"neow_bonus":"THREE_ENEMY_KILL","is_prod":false,"is_daily":false,"chose_seed":false,"campfire_upgraded":1,"win_rate":0,"timestamp":1550617225,"path_taken":["M","?","?","?","?","E","M","R","T","?","E","?","$","E","R","BOSS","M","M","?","M","$","R","E","R","T","E","?","?","M","?","R","BOSS","M","M","?","$","M","R","E","R","T","E","M","?","?","M","R","BOSS","R","$","E"],"build_version":"2019-01-23","purchased_purges":1,"victory":false,"max_hp_per_floor":[70,70,70,70,70,70,70,70,70,70,70,70,70,70,70,70,70,70,70,70,70,70,70,70,70,70,84,84,84,84,84,84,84,84,84,84,94,94,94,94,94,94,94,94,94,94,94,94,94,94,94,94,94,94],"card_choices":[{"not_picked":["Caltrops","Skewer"],"picked":"All Out Attack","floor":1},{"not_picked":["Prepared","Dodge and Roll"],"picked":"Tactician","floor":5},{"not_picked":["Prepared","PiercingWail"],"picked":"Backstab","floor":6},{"not_picked":["PiercingWail","Flechettes"],"picked":"Dodge and Roll","floor":7},{"not_picked":["Blade Dance","Deadly Poison"],"picked":"Acrobatics","floor":8},{"not_picked":["Crippling Poison","Expertise"],"picked":"Backstab","floor":11},{"not_picked":["Heel Hook","Quick Slash"],"picked":"Prepared+1","floor":14},{"not_picked":["Storm of Steel+1","Wraith Form v2"],"picked":"Night Terror+1","floor":16},{"not_picked":["Dodge and Roll+1","Terror+1"],"picked":"Dash+1","floor":18},{"not_picked":["Sucker Punch","Tactician+1"],"picked":"Cloak And Dagger+1","floor":19},{"not_picked":["PiercingWail+1","Acrobatics+1"],"picked":"Dagger Spray+1","floor":21},{"not_picked":["Quick Slash","Backflip+1"],"picked":"Prepared+1","floor":23},{"not_picked":["Deadly Poison+1","Night Terror+1","Acrobatics+1"],"picked":"SKIP","floor":24},{"not_picked":["Finisher+1","Deadly Poison+1"],"picked":"Backstab","floor":27},{"not_picked":["Acrobatics+1","Dagger Spray"],"picked":"Backflip+1","floor":30},{"not_picked":["Blade Dance+1","Well Laid Plans+1"],"picked":"Dodge and Roll+1","floor":31},{"not_picked":["Deflect+1","Prepared+1"],"picked":"Blur+1","floor":32},{"not_picked":["Grand Finale","Venomology+1"],"picked":"After Image+1","floor":33},{"not_picked":["Underhanded Strike","Backflip+1","Prepared+1"],"picked":"SKIP","floor":35},{"not_picked":["Cloak And Dagger+1","Dagger Spray"],"picked":"Blur+1","floor":36},{"not_picked":["Setup+1","All Out Attack+1"],"picked":"Terror+1","floor":39},{"not_picked":["Quick Slash","Dodge and Roll+1"],"picked":"Caltrops+1","floor":41},{"not_picked":["Catalyst+1","Masterful Stab"],"picked":"Noxious Fumes+1","floor":42},{"not_picked":["Masterful Stab+1","Well Laid Plans+1"],"picked":"Leg Sweep+1","floor":44},{"not_picked":["Prepared+1","Tactician+1"],"picked":"Cloak And Dagger+1","floor":45},{"not_picked":["Catalyst+1","Dash"],"picked":"Deflect+1","floor":46},{"not_picked":["Predator+1","Outmaneuver+1"],"picked":"Dodge and Roll+1","floor":47},{"not_picked":["Outmaneuver+1","Deadly Poison+1","Backflip+1"],"picked":"SKIP","floor":48},{"not_picked":["Expertise+1","Heel Hook"],"picked":"Envenom+1","floor":49},{"not_picked":["Outmaneuver+1","Prepared+1"],"picked":"Deflect+1","floor":52}],"player_experience":797931,"relics_obtained":[{"floor":4,"key":"Pen Nib"},{"floor":6,"key":"Dream Catcher"},{"floor":9,"key":"Vajra"},{"floor":11,"key":"Bronze Scales"},{"floor":14,"key":"Blue Candle"},{"floor":24,"key":"Frozen Egg 2"},{"floor":27,"key":"Mango"},{"floor":41,"key":"The Specimen"},{"floor":43,"key":"Regal Pillow"},{"floor":44,"key":"Art of War"},{"floor":47,"key":"Girya"}],"event_choices":[{"damage_healed":0,"gold_gain":0,"player_choice":"Success","damage_taken":25,"relics_obtained":["War Paint"],"max_hp_gain":0,"max_hp_loss":0,"event_name":"Scrap Ooze","floor":2,"gold_loss":0},{"damage_healed":0,"gold_gain":0,"player_choice":"Entered Light","damage_taken":14,"max_hp_gain":0,"max_hp_loss":0,"event_name":"Shining Light","floor":3,"gold_loss":0,"cards_upgraded":["Survivor","Strike_G"]},{"damage_healed":0,"gold_gain":66,"player_choice":"Gained Gold","damage_taken":0,"max_hp_gain":0,"max_hp_loss":0,"event_name":"Golden Wing","floor":10,"gold_loss":0},{"damage_healed":0,"gold_gain":0,"player_choice":"Box","damage_taken":0,"relics_obtained":["Toxic Egg 2"],"max_hp_gain":0,"max_hp_loss":0,"event_name":"Big Fish","floor":12,"gold_loss":0,"cards_obtained":["Regret"]},{"damage_healed":0,"gold_gain":0,"player_choice":"Read","damage_taken":0,"max_hp_gain":0,"max_hp_loss":0,"event_name":"The Library","floor":20,"gold_loss":0,"cards_obtained":["Crippling Poison"]},{"damage_healed":0,"gold_gain":0,"player_choice":"Ignored","damage_taken":0,"max_hp_gain":0,"max_hp_loss":0,"event_name":"Vampires","floor":28,"gold_loss":0},{"damage_healed":0,"gold_gain":100,"player_choice":"Pray","damage_taken":0,"max_hp_gain":0,"max_hp_loss":0,"event_name":"Golden Shrine","floor":29,"gold_loss":0},{"cards_removed":["Night Terror"],"damage_healed":33,"gold_gain":0,"player_choice":"Offered Rare","damage_taken":0,"max_hp_gain":10,"max_hp_loss":0,"event_name":"Bonfire Elementals","floor":37,"gold_loss":0},{"damage_healed":0,"gold_gain":0,"player_choice":"Fight","damage_taken":0,"max_hp_gain":0,"max_hp_loss":0,"event_name":"Mysterious Sphere","floor":47,"gold_loss":0}],"is_beta":false,"boss_relics":[{"not_picked":["Pandora\u0027s Box","Orrery"],"picked":"Runic Dome"},{"not_picked":["White Beast Statue","Fusion Hammer"],"picked":"Sozu"}],"items_purged_floors":[13],"is_endless":false,"potions_floor_spawned":[1,5,18,19,33,36,41,46,47],"killed_by":"Shield and Spear","ascension_level":9}