{"gold_per_floor":[111,111,111,111,126,126,4,24,24,62,62,98,98,117,117,238,238,253,168,148,14,29,29,69,69,69,92,92,135,171,171,171,290,290,305,580,603,621,245,289,289,314,314,328,359,359,359,394,394,394],"floor_reached":51,"playtime":2128,"items_purged":["Regret","Regret"],"score":1398,"play_id":"2f351176-c639-43a8-aaa2-692bd3377cb1","local_time":"20181231152947","is_ascension_mode":true,"campfire_choices":[{"data":"Flame Barrier","floor":6,"key":"SMITH"},{"data":"Havoc","floor":13,"key":"SMITH"},{"data":"Havoc","floor":15,"key":"SMITH"},{"data":"Exhume","floor":23,"key":"SMITH"},{"data":"Corruption","floor":25,"key":"SMITH"},{"data":"Berserk","floor":32,"key":"SMITH"},{"data":"Body Slam","floor":41,"key":"SMITH"},{"data":"Demon Form","floor":46,"key":"SMITH"},{"data":"Dark Embrace","floor":49,"key":"SMITH"}],"neow_cost":"NONE","seed_source_timestamp":844643651054215,"circlet_count":0,"master_deck":["Defend_R","Defend_R","Defend_R","Defend_R","Bash","True Grit+1","Flame Barrier+1","Havoc+1","Exhume+1","Burning Pact","Decay","Dual Wield","Havoc+1","Immolate+1","Warcry+1","True Grit+1","True Grit+1","Ghostly Armor+1","Headbutt+1","Second Wind","Thunderclap+1","Corruption+1","Exhume","Sword Boomerang","True Grit","Berserk+1","Entrench","Demon Form+1","Infernal Blade+1","Rage","Feel No Pain","Corruption","Body Slam+1","Havoc","Parasite","Shrug It Off+1","Power Through+1","Demon Form+1","Dark Embrace+1"],"relics":["Burning Blood","NeowsBlessing","Dead Branch","Golden Idol","Bag of Preparation","Charon\u0027s Ashes","Self Forming Clay","Astrolabe","Pen Nib","Strawberry","Letter Opener","Whetstone","Red Skull","Red Mask","Coffee Dripper","Bottled Lightning","Torii","Bottled Flame","Molten Egg 2","Centennial Puzzle"],"potions_floor_usage":[12,12,29,29],"damage_taken":[{"damage":0,"enemies":"Jaw Worm","floor":1,"turns":1},{"damage":0,"enemies":"2 Louse","floor":5,"turns":1},{"damage":0,"enemies":"Cultist","floor":8,"turns":1},{"damage":22,"enemies":"3 Sentries","floor":10,"turns":8},{"damage":10,"enemies":"Lagavulin","floor":12,"turns":7},{"damage":0,"enemies":"2 Fungi Beasts","floor":14,"turns":3},{"damage":32,"enemies":"The Guardian","floor":16,"turns":8},{"damage":13,"enemies":"Chosen","floor":18,"turns":5},{"damage":6,"enemies":"Shell Parasite","floor":22,"turns":4},{"damage":0,"enemies":"Book of Stabbing","floor":24,"turns":4},{"damage":3,"enemies":"Cultist and Chosen","floor":27,"turns":3},{"damage":3,"enemies":"Gremlin Leader","floor":29,"turns":4},{"damage":0,"enemies":"Masked Bandits","floor":30,"turns":1},{"damage":1,"enemies":"Automaton","floor":33,"turns":3},{"damage":0,"enemies":"3 Darklings","floor":35,"turns":1},{"damage":0,"enemies":"Orb Walker","floor":37,"turns":3},{"damage":0,"enemies":"Jaw Worm Horde","floor":38,"turns":2},{"damage":3,"enemies":"Giant Head","floor":40,"turns":5},{"damage":6,"enemies":"Maw","floor":42,"turns":4},{"damage":0,"enemies":"Writhing Mass","floor":44,"turns":2},{"damage":12,"enemies":"Nemesis","floor":45,"turns":1},{"damage":10,"enemies":"Giant Head","floor":48,"turns":5},{"damage":6,"enemies":"Donu and Deca","floor":50,"turns":4}],"seed_played":"-2555787215387667714","potions_obtained":[{"floor":5,"key":"EssenceOfSteel"},{"floor":8,"key":"BloodPotion"},{"floor":16,"key":"SteroidPotion"},{"floor":18,"key":"Block Potion"},{"floor":20,"key":"Block Potion"},{"floor":29,"key":"Dexterity Potion"},{"floor":30,"key":"Fire Potion"}],"is_trial":false,"path_per_floor":["M","?","?","?","M","R","$","M","T","E","?","E","R","M","R","B",null,"M","?","?","$","M","R","E","R","T","M","T","E","?","?","R","B",null,"M","?","M","M","$","E","R","M","T","M","E","R","?","E","R","B",null],"character_chosen":"IRONCLAD","items_purchased":["Havoc","Headbutt","Second Wind","Bottled Lightning","Corruption"],"campfire_rested":0,"item_purchase_floors":[7,21,21,39,39],"current_hp_per_floor":[78,78,78,74,74,74,74,74,74,58,58,61,61,67,67,41,66,59,59,59,59,59,59,72,72,72,75,75,78,81,81,81,81,81,81,81,81,81,81,81,81,81,81,81,75,75,75,71,71,71],"gold":394,"neow_bonus":"THREE_ENEMY_KILL","is_prod":false,"is_daily":false,"chose_seed":false,"campfire_upgraded":9,"win_rate":0,"timestamp":1546280987,"path_taken":["M","?","?","?","M","R","$","?","T","E","?","E","R","M","R","BOSS","M","?","?","$","?","R","E","R","T","M","?","E","?","?","R","BOSS","M","?","M","M","$","E","R","M","T","?","E","R","?","E","R","BOSS"],"build_version":"2018-12-20","purchased_purges":2,"victory":true,"max_hp_per_floor":[80,80,80,74,74,74,74,74,74,74,74,74,74,74,74,74,74,74,74,74,74,74,74,81,81,81,81,81,81,81,81,81,81,81,81,81,81,81,81,81,81,81,81,81,81,81,81,81,81,81],"card_choices":[{"not_picked":["Wild Strike","Heavy Blade"],"picked":"True Grit","floor":1},{"not_picked":["Heavy Blade","Shrug It Off"],"picked":"Flame Barrier","floor":5},{"not_picked":["Pommel Strike","Combust"],"picked":"Exhume","floor":8},{"not_picked":["Warcry","Headbutt"],"picked":"Burning Pact","floor":10},{"not_picked":["Searing Blow","Heavy Blade"],"picked":"Dual Wield","floor":12},{"not_picked":["Warcry","Inflame"],"picked":"Havoc","floor":14},{"not_picked":["Double Tap","Feed"],"picked":"Immolate","floor":16},{"not_picked":["Uppercut","Sword Boomerang"],"picked":"Ghostly Armor+1","floor":18},{"not_picked":["Reckless Charge","Perfected Strike"],"picked":"Thunderclap+1","floor":22},{"not_picked":["Sword Boomerang","Pommel Strike"],"picked":"Corruption","floor":24},{"not_picked":["Cleave","Clash"],"picked":"Exhume","floor":27},{"not_picked":["Whirlwind","Anger"],"picked":"Sword Boomerang","floor":29},{"not_picked":["Perfected Strike+1","Reckless Charge"],"picked":"True Grit","floor":30},{"not_picked":["Double Tap","Limit Break"],"picked":"Demon Form","floor":33},{"not_picked":["Cleave+1","Clash"],"picked":"Infernal Blade+1","floor":35},{"not_picked":["Perfected Strike+1","Headbutt"],"picked":"Rage","floor":37},{"not_picked":["Hemokinesis","Sword Boomerang"],"picked":"Feel No Pain","floor":38},{"not_picked":["Juggernaut","Infernal Blade"],"picked":"Body Slam","floor":40},{"not_picked":["Thunderclap+1","Wild Strike+1"],"picked":"Havoc","floor":42},{"not_picked":["Rupture+1","Rampage+1"],"picked":"Shrug It Off+1","floor":44},{"not_picked":["Clash+1","Burning Pact+1"],"picked":"Power Through+1","floor":45},{"not_picked":["Infernal Blade","Reckless Charge+1"],"picked":"Dark Embrace","floor":48}],"player_experience":586728,"relics_obtained":[{"floor":9,"key":"Bag of Preparation"},{"floor":10,"key":"Charon\u0027s Ashes"},{"floor":12,"key":"Self Forming Clay"},{"floor":24,"key":"Strawberry"},{"floor":26,"key":"Letter Opener"},{"floor":28,"key":"Whetstone"},{"floor":29,"key":"Red Skull"},{"floor":30,"key":"Red Mask"},{"floor":40,"key":"Torii"},{"floor":43,"key":"Bottled Flame"},{"floor":45,"key":"Molten Egg 2"},{"floor":48,"key":"Centennial Puzzle"}],"event_choices":[{"damage_healed":0,"gold_gain":0,"player_choice":"Box","damage_taken":0,"relics_obtained":["Dead Branch"],"max_hp_gain":0,"max_hp_loss":0,"event_name":"Big Fish","floor":2,"gold_loss":0,"cards_obtained":["Regret"]},{"damage_healed":0,"gold_gain":0,"player_choice":"Grow","damage_taken":0,"max_hp_gain":0,"max_hp_loss":0,"event_name":"Living Wall","floor":3,"gold_loss":0,"cards_upgraded":["True Grit"]},{"damage_healed":0,"gold_gain":0,"player_choice":"Lose Max HP","damage_taken":0,"relics_obtained":["Golden Idol"],"max_hp_gain":0,"max_hp_loss":6,"event_name":"Golden Idol","floor":4,"gold_loss":0},{"damage_healed":0,"gold_gain":0,"player_choice":"Cursed","damage_taken":0,"max_hp_gain":0,"max_hp_loss":0,"event_name":"Wheel of Change","floor":11,"gold_loss":0,"cards_obtained":["Decay"]},{"damage_healed":0,"gold_gain":0,"player_choice":"Obtained Relic","damage_taken":0,"relics_obtained":["Pen Nib"],"max_hp_gain":0,"max_hp_loss":0,"event_name":"Addict","floor":19,"gold_loss":85},{"damage_healed":0,"gold_gain":0,"player_choice":"Bought 1 Potion","damage_taken":0,"max_hp_gain":0,"max_hp_loss":0,"event_name":"The Woman in Blue","floor":20,"gold_loss":0},{"damage_healed":0,"gold_gain":0,"player_choice":"Fought Bandits","damage_taken":0,"max_hp_gain":0,"max_hp_loss":0,"event_name":"Masked Bandits","floor":30,"gold_loss":0},{"damage_healed":0,"gold_gain":0,"cards_transformed":["Strike_R","Strike_R"],"player_choice":"Became Test Subject","damage_taken":0,"max_hp_gain":0,"max_hp_loss":0,"event_name":"Drug Dealer","floor":31,"gold_loss":0,"cards_obtained":["Berserk","Entrench"]},{"damage_healed":0,"gold_gain":275,"player_choice":"Desecrate","damage_taken":0,"max_hp_gain":0,"max_hp_loss":0,"event_name":"Golden Shrine","floor":36,"gold_loss":0,"cards_obtained":["Regret"]},{"damage_healed":0,"gold_gain":0,"player_choice":"Copied","damage_taken":0,"max_hp_gain":0,"max_hp_loss":0,"event_name":"Duplicator","floor":47,"gold_loss":0,"cards_obtained":["Demon Form"]}],"is_beta":false,"boss_relics":[{"not_picked":["Black Blood","Philosopher\u0027s Stone"],"picked":"Astrolabe"},{"not_picked":["Runic Cube","Empty Cage"],"picked":"Coffee Dripper"}],"items_purged_floors":[7,39],"is_endless":false,"potions_floor_spawned":[5,8,16,18,29,30,33,37,38,42,45],"ascension_level":6}