{"gold_per_floor":[112,187,187,207,223,223,241,191,191,219,219,219,219,244,244,419,419,514,514,529,70,70,70,86,86,96,125,152,171,171,184,184,188,188,290,340,357,357,42,59,70,70,87,84,109,114,125,138,138,157,157,157],"floor_reached":52,"playtime":2086,"items_purged":["Amnesia"],"score":513,"play_id":"9b1e1537-157e-4149-9032-3bb4ff537bf7","local_time":"20190503194639","is_ascension_mode":false,"campfire_choices":[{"data":"Glass Knife","floor":6,"key":"SMITH"},{"data":"Neutralize","floor":11,"key":"SMITH"},{"data":"Glass Knife","floor":15,"key":"SMITH"},{"data":"Footwork","floor":25,"key":"SMITH"},{"data":"Slice","floor":30,"key":"SMITH"},{"data":"Glass Knife","floor":34,"key":"SMITH"},{"data":"vexMod:GhostlyBlitz","floor":42,"key":"SMITH"},{"floor":51,"key":"REST"}],"neow_cost":"TEN_PERCENT_HP_LOSS","seed_source_timestamp":1920738140215737,"circlet_count":0,"master_deck":["Defend_G+1","Defend_G","Defend_G","Defend_G","Survivor","Neutralize+1","Dagger Spray","Glass Knife+1","Slice+1","Slice","Glass Knife+1","Unload+1","Tactician+1","Escape Plan+1","Tools of the Trade+1","Cloak And Dagger+1","Footwork+1","Hidden Blade+1","Glass Knife+1","vexMod:GhostlyBlitz+1","Terror","Backflip+1","Infinite Blades","Dodge and Roll+1","Cloak And Dagger","Infinite Blades+1","Backstab+1","Writhe"],"relics":["Ring of the Snake","ReplayTheSpireMod:CursedCoin","vexMod:DeviousBotling","hubris:TenFootPole","PreservedInsect","Replay:Grab Bag","trackpad:BottledShadow","hubris:RunicObelisk","WristBlade","Astrolabe","Kunai","vexMod:PaidLearning","Pocketwatch","Replay:Mystery Machine","Mummified Hand","Tiny House","Matryoshka","vexMod:DrawConverter","Bag of Preparation"],"potions_floor_usage":[14,33,52,52],"damage_taken":[{"damage":0,"enemies":"Cultist","floor":1,"turns":5},{"damage":0,"enemies":"Jaw Worm","floor":4,"turns":3},{"damage":0,"enemies":"2 Louse","floor":5,"turns":2},{"damage":4,"enemies":"Exordium Wildlife","floor":7,"turns":3},{"damage":5,"enemies":"3 Sentries","floor":10,"turns":4},{"damage":0,"enemies":"Lagavulin","floor":14,"turns":3},{"damage":39,"enemies":"The Guardian","floor":18,"turns":11},{"damage":0,"enemies":"3 Byrds","floor":20,"turns":3},{"damage":0,"enemies":"Spheric Guardian","floor":24,"turns":1},{"damage":11,"enemies":"Centurion and Healer","floor":26,"turns":3},{"damage":5,"enemies":"Book of Stabbing","floor":27,"turns":3},{"damage":3,"enemies":"Snake Plant","floor":29,"turns":3},{"damage":0,"enemies":"Chosen and Byrds","floor":31,"turns":3},{"damage":0,"enemies":"Shelled Parasite and Fungi","floor":33,"turns":2},{"damage":13,"enemies":"Automaton","floor":35,"turns":7},{"damage":0,"enemies":"Orb Walker","floor":37,"turns":2},{"damage":16,"enemies":"3 Darklings","floor":40,"turns":3},{"damage":0,"enemies":"Jaw Worm Horde","floor":41,"turns":3},{"damage":21,"enemies":"Maw","floor":43,"turns":6},{"damage":0,"enemies":"Spire Growth","floor":44,"turns":2},{"damage":18,"enemies":"4 Shapes","floor":46,"turns":3},{"damage":0,"enemies":"Transient","floor":47,"turns":5},{"damage":0,"enemies":"Sphere and 2 Shapes","floor":48,"turns":2},{"damage":7,"enemies":"4 Shapes","floor":50,"turns":3},{"damage":66,"enemies":"Time Eater","floor":52,"turns":8}],"seed_played":"7965687575946233756","potions_obtained":[{"floor":1,"key":"Dexterity Potion"},{"floor":10,"key":"GamblersBrew"},{"floor":18,"key":"LifebloodPotion"},{"floor":27,"key":"Explosive Potion"},{"floor":33,"key":"Fire Potion"}],"is_trial":false,"path_per_floor":["M","$","?","M","M","R","M","?","T","E","R","PTL","PTL","E","R","?","R","B",null,"M","$","?","?","M","R","M","E","T","M","R","M","T","M","R","B",null,"M","?","$","M","M","R","M","M","T","M","M","M","?","M","R","B"],"character_chosen":"THE_SILENT","items_purchased":["ReplayTheSpireMod:CursedCoin","Kunai","vexMod:PaidLearning","Matryoshka","Infinite Blades"],"campfire_rested":1,"item_purchase_floors":[2,21,21,39,39],"current_hp_per_floor":[63,63,63,63,63,63,59,59,59,54,54,54,54,54,54,54,51,12,63,63,63,63,60,60,60,49,44,44,41,41,41,41,41,41,28,73,73,73,73,57,57,57,36,36,36,18,18,18,36,29,50,0],"gold":157,"neow_bonus":"REMOVE_TWO","is_prod":false,"is_daily":false,"chose_seed":false,"campfire_upgraded":7,"win_rate":0,"timestamp":1556923599,"path_taken":["M","$","?","M","?","R","?","?","T","E","R","PTL","PTL","E","R","?","R","BOSS","M","$","?","?","M","R","M","E","T","M","R","M","?","M","R","BOSS","M","?","$","?","M","R","M","M","T","M","M","M","?","M","R","BOSS"],"build_version":"2019-01-23","purchased_purges":1,"victory":false,"max_hp_per_floor":[63,63,63,63,63,63,63,63,63,63,63,63,63,63,63,63,63,63,63,63,63,63,68,68,68,68,68,68,68,68,68,68,68,68,68,73,73,73,73,73,73,73,73,73,73,73,73,73,73,73,73,73],"card_choices":[{"not_picked":["Leg Sweep","vexMod:ScaledPoison"],"picked":"Dagger Spray","floor":1},{"not_picked":["Bullet Time","Burst"],"picked":"Glass Knife","floor":3},{"not_picked":["Blade Dance","vexMod:ShadowStrike","Blur"],"picked":"SKIP","floor":4},{"not_picked":["ReplayTheSpireMod:Scrap Shanks","Predator"],"picked":"Slice","floor":5},{"not_picked":["Escape Plan","Flying Knee"],"picked":"Slice","floor":7},{"not_picked":["vexMod:ShadowStrike","Leg Sweep","Bane"],"picked":"SKIP","floor":10},{"not_picked":["Malaise","Reflex"],"picked":"Glass Knife","floor":14},{"not_picked":["vexMod:EvasiveThoughts","Replay:Bag of Tricks"],"picked":"Unload","floor":18},{"not_picked":["vexMod:ShadowStrike","Flechettes"],"picked":"Cloak And Dagger","floor":20},{"not_picked":["Deadly Poison","Bane","Underhanded Strike"],"picked":"SKIP","floor":24},{"not_picked":["Flechettes+1","hubris:Sniper+1","Outmaneuver+1"],"picked":"SKIP","floor":26},{"not_picked":["Deadly Poison","Heel Hook+1","vexMod:ShadowStrike"],"picked":"SKIP","floor":27},{"not_picked":["Choke"],"picked":"Hidden Blade+1","floor":29},{"not_picked":["vexMod:ShadowStrike","PiercingWail","Fluid Movement"],"picked":"SKIP","floor":31},{"not_picked":["vexMod:ComboTrick","vexMod:PinpointKick+1"],"picked":"Glass Knife","floor":33},{"not_picked":["Corpse Explosion","vexMod:Jackpot"],"picked":"vexMod:GhostlyBlitz","floor":35},{"not_picked":["vexMod:BandageWhip","Deadly Poison"],"picked":"Terror","floor":36},{"not_picked":["Outmaneuver","Dagger Throw"],"picked":"Backflip+1","floor":37},{"not_picked":["Blur"],"picked":"Dodge and Roll+1","floor":40},{"not_picked":["vexMod:ShadowStrike+1","Poisoned Stab+1","Outmaneuver"],"picked":"SKIP","floor":41},{"not_picked":["Escape Plan","Noxious Fumes+1"],"picked":"Cloak And Dagger","floor":43},{"not_picked":["Blade Dance+1","Draining Mist+1"],"picked":"Infinite Blades+1","floor":44},{"not_picked":["Replay:Bag of Tricks","Caltrops"],"picked":"SKIP","floor":46},{"not_picked":["Quick Slash","vexMod:VenomSigh"],"picked":"Backstab+1","floor":47},{"not_picked":["Flechettes","Fluid Movement+1","vexMod:ScaledPoison"],"picked":"SKIP","floor":48},{"not_picked":["Poisoned Stab","Draining Mist","Catalyst+1"],"picked":"SKIP","floor":50}],"player_experience":1291429,"relics_obtained":[{"floor":9,"key":"trackpad:BottledShadow"},{"floor":10,"key":"hubris:TenFootPole"},{"floor":14,"key":"PreservedInsect"},{"floor":27,"key":"Pocketwatch"},{"floor":28,"key":"Replay:Mystery Machine"},{"floor":32,"key":"Mummified Hand"},{"floor":45,"key":"vexMod:DrawConverter"},{"floor":45,"key":"Bag of Preparation"}],"event_choices":[{"cards_removed":["Strike_G"],"damage_healed":0,"gold_gain":0,"player_choice":"Card Removal","damage_taken":0,"max_hp_gain":0,"max_hp_loss":0,"event_name":"The Cleric","floor":8,"gold_loss":50},{"damage_healed":0,"gold_gain":175,"player_choice":"AGREE","damage_taken":0,"max_hp_gain":0,"max_hp_loss":0,"event_name":"Liars Game","floor":16,"gold_loss":0,"cards_obtained":["Doubt"]},{"cards_removed":["Doubt"],"damage_healed":0,"gold_gain":0,"player_choice":"Card Removal","damage_taken":7,"max_hp_gain":0,"max_hp_loss":0,"event_name":"Golden Wing","floor":17,"gold_loss":0},{"damage_healed":0,"gold_gain":0,"player_choice":"Read","damage_taken":0,"max_hp_gain":0,"max_hp_loss":0,"event_name":"The Library","floor":22,"gold_loss":0,"cards_obtained":["Footwork"]},{"damage_healed":0,"gold_gain":0,"player_choice":"Shed Blood","damage_taken":16,"max_hp_gain":5,"max_hp_loss":0,"event_name":"Forgotten Altar","floor":23,"gold_loss":0},{"damage_healed":18,"gold_gain":0,"player_choice":"Writhe","damage_taken":0,"max_hp_gain":0,"max_hp_loss":0,"event_name":"Winding Halls","floor":49,"gold_loss":0,"cards_obtained":["Writhe"]}],"is_beta":false,"boss_relics":[{"not_picked":["Snecko Scales","Pandora\u0027s Box"],"picked":"Replay:Grab Bag"},{"not_picked":["vexMod:MindDevourer","Runic Dome"],"picked":"vexMod:DeviousBotling"},{"not_picked":["vexMod:HatredEngine","ReplayTheSpireMod:Onyx Gauntlets"],"picked":"hubris:RunicObelisk"},{"not_picked":["Runic Pyramid","Ring of Chaos"],"picked":"WristBlade"},{"not_picked":["Snecko Eye","hubris:Stopwatch"],"picked":"Astrolabe"},{"not_picked":["HoveringKite","ChewingGum"],"picked":"Tiny House"}],"items_purged_floors":[2],"is_endless":false,"potions_floor_spawned":[1,10,18,27,33,35,41,44,46,48,50],"killed_by":"Time Eater","ascension_level":0}