{"gold_per_floor":[119,132,146,146,146,146,24,24,24,52,62,78,78,23,23,122,122,136,149,165,185,185,185,185],"floor_reached":24,"playtime":1637,"items_purged":[],"score":228,"play_id":"62136bfc-22ec-4af3-bf62-31ff006f02ee","local_time":"20180623045041","is_ascension_mode":true,"campfire_choices":[{"floor":6,"key":"DIG"},{"floor":8,"key":"DIG"},{"floor":13,"key":"REST"},{"floor":15,"key":"DIG"},{"floor":23,"key":"REST"}],"neow_cost":"TEN_PERCENT_HP_LOSS","seed_source_timestamp":110779162710230,"circlet_count":0,"master_deck":["Defend_G","Defend_G","Defend_G","Defend_G","Defend_G","Strike_G","Strike_G","Strike_G","Strike_G","Strike_G","Survivor","Neutralize","Cloak And Dagger+1","Acrobatics","Noxious Fumes","Dash","Dagger Spray","Calculated Gamble","Burst","All Out Attack+1","All Out Attack","Backstab","Distraction+1","Cloak And Dagger+1"],"relics":["Ring of the Snake","Shovel","The Courier","Blue Candle","Thread and Needle","Mummified Hand","Regal Pillow","Lantern","White Beast Statue"],"potions_floor_usage":[10,16,21,21,21,24],"damage_taken":[{"damage":0,"enemies":"Cultist","floor":1,"turns":4},{"damage":0,"enemies":"2 Louse","floor":2,"turns":2},{"damage":4,"enemies":"Small Slimes","floor":3,"turns":4},{"damage":14,"enemies":"Gremlin Nob","floor":10,"turns":5},{"damage":0,"enemies":"Looter","floor":11,"turns":4},{"damage":3,"enemies":"Large Slime","floor":12,"turns":8},{"damage":59,"enemies":"Slime Boss","floor":16,"turns":13},{"damage":26,"enemies":"2 Thieves","floor":18,"turns":4},{"damage":0,"enemies":"Shell Parasite","floor":19,"turns":7},{"damage":29,"enemies":"Snake Plant","floor":20,"turns":7},{"damage":1,"enemies":"Centurion and Healer","floor":21,"turns":5},{"damage":45,"enemies":"Book of Stabbing","floor":24,"turns":6}],"seed_played":"7830424948745718206","potions_obtained":[{"floor":1,"key":"Poison Potion"},{"floor":12,"key":"EssenceOfSteel"},{"floor":16,"key":"FearPotion"},{"floor":18,"key":"EssenceOfSteel"},{"floor":19,"key":"Strength Potion"},{"floor":20,"key":"PowerPotion"},{"floor":21,"key":"Strength Potion"}],"is_trial":false,"path_per_floor":["M","M","M","?","?","R","$","R","T","E","M","M","R","$","R","B",null,"M","M","M","M","?","R"],"character_chosen":"THE_SILENT","items_purchased":["Noxious Fumes","Dash","Calculated Gamble"],"campfire_rested":2,"item_purchase_floors":[7,7,14],"current_hp_per_floor":[63,63,59,56,56,56,56,56,56,42,42,39,63,63,63,4,63,37,37,8,7,7,40,0],"gold":185,"neow_bonus":"ONE_RARE_RELIC","is_prod":false,"is_daily":false,"chose_seed":false,"campfire_upgraded":0,"win_rate":0,"timestamp":1529740241,"path_taken":["M","M","M","?","?","R","?","R","T","E","M","M","R","$","R","BOSS","M","M","M","M","?","R","E"],"build_version":"2018-06-21v2","purchased_purges":0,"victory":false,"max_hp_per_floor":[63,63,63,63,63,63,63,63,63,63,63,63,63,63,63,63,63,63,63,63,63,63,63,63],"card_choices":[{"not_picked":["Crippling Poison","Deflect"],"picked":"Cloak And Dagger","floor":1},{"not_picked":["Catalyst","Bane"],"picked":"Acrobatics","floor":2},{"not_picked":["Blur","Underhanded Strike","Masterful Stab"],"picked":"SKIP","floor":3},{"not_picked":["Dodge and Roll","Deadly Poison","Sucker Punch"],"picked":"SKIP","floor":10},{"not_picked":["Deflect","Bane","Deadly Poison"],"picked":"SKIP","floor":11},{"not_picked":["Backflip","Well Laid Plans"],"picked":"Dagger Spray","floor":12},{"not_picked":["Wraith Form v2","Doppelganger"],"picked":"Burst","floor":16},{"not_picked":["Bane+1","Backflip+1"],"picked":"All Out Attack+1","floor":18},{"not_picked":["Masterful Stab","Finisher"],"picked":"All Out Attack","floor":19},{"not_picked":["Cloak And Dagger","Sucker Punch"],"picked":"Backstab","floor":20},{"not_picked":["Dodge and Roll+1","Backflip"],"picked":"Distraction+1","floor":21}],"player_experience":388888,"relics_obtained":[{"floor":6,"key":"Blue Candle"},{"floor":8,"key":"Thread and Needle"},{"floor":9,"key":"Mummified Hand"},{"floor":10,"key":"Regal Pillow"},{"floor":15,"key":"Lantern"}],"event_choices":[{"event_name":"Scrap Ooze","player_choice":"success","floor":4,"damage_taken":3},{"event_name":"Living Wall","player_choice":"Grow","floor":5,"damage_taken":0},{"event_name":"Duplicator","player_choice":"One dupe","floor":22,"damage_taken":0}],"boss_relics":[{"not_picked":["Philosopher\u0027s Stone","Ectoplasm"],"picked":"White Beast Statue"}],"items_purged_floors":[],"is_endless":false,"potions_floor_spawned":[1,12,16,18,19,20,21],"killed_by":"Book of Stabbing","ascension_level":3}