{"gold_per_floor":[116,134,134,145,145,178,178,211,258,278,291,291,291,311,311,413,413,428,439,439,457,470,470,501,501,556,588,602,630,644,669,669,766,766,780,780,780,798,811,838,838,865,865,875,893,925,977,1252,1252,1252,1252,1252,386,417,417],"floor_reached":56,"playtime":4493,"items_purged":["Regret"],"score":1564,"play_id":"2f9cddf3-d670-4953-aeeb-7b0574cfd472","local_time":"20190411070832","is_ascension_mode":true,"campfire_choices":[{"data":"Malaise","floor":13,"key":"SMITH"},{"data":"Neutralize","floor":15,"key":"SMITH"},{"data":"Well Laid Plans","floor":23,"key":"SMITH"},{"floor":25,"key":"REST"},{"data":"Wraith Form v2","floor":32,"key":"SMITH"},{"data":"Apotheosis","floor":41,"key":"SMITH"},{"floor":49,"key":"RECALL"},{"data":"Noxious Fumes","floor":52,"key":"SMITH"}],"neow_cost":"CURSE","seed_source_timestamp":2632569969642395,"circlet_count":0,"master_deck":["Defend_G","Defend_G","Defend_G","Defend_G","Defend_G","Strike_G","Strike_G","Strike_G","Strike_G","Strike_G","Survivor","Neutralize+1","Glass Knife+1","Flying Knee","Deadly Poison","Well Laid Plans+1","Acrobatics","Malaise+1","Distraction","Deadly Poison","Corpse Explosion","Noxious Fumes+1","Backflip","Backflip","PiercingWail","Acrobatics+1","Catalyst+1","Die Die Die","Leg Sweep+1","Wraith Form v2+1","Venomology","PiercingWail+1","Caltrops","Apotheosis+1","Purity","Sucker Punch+1","Bouncing Flask+1","Noxious Fumes+1","Blur","PiercingWail+1","Leg Sweep+1","Blur","Backflip"],"relics":["Ring of the Snake","Pantograph","Happy Flower","Bronze Scales","Velvet Choker","Darkstone Periapt","Prayer Wheel","Lantern","Du-Vu Doll","Runic Pyramid","Bag of Preparation","Question Card","Singing Bowl","Shuriken","Gambling Chip","Mercury Hourglass","Boot","TheAbacus","Incense Burner"],"potions_floor_usage":[8,24,24,24,24,24,31,38,39,40,40,42,44,46,46,50,50,55,55,55],"damage_taken":[{"damage":0,"enemies":"2 Louse","floor":1,"turns":3},{"damage":0,"enemies":"Cultist","floor":2,"turns":3},{"damage":0,"enemies":"Small Slimes","floor":4,"turns":1},{"damage":12,"enemies":"3 Sentries","floor":6,"turns":7},{"damage":0,"enemies":"Gremlin Nob","floor":8,"turns":2},{"damage":12,"enemies":"Blue Slaver","floor":10,"turns":3},{"damage":5,"enemies":"Lots of Slimes","floor":11,"turns":4},{"damage":2,"enemies":"Looter","floor":14,"turns":2},{"damage":9,"enemies":"The Guardian","floor":16,"turns":9},{"damage":6,"enemies":"3 Byrds","floor":18,"turns":1},{"damage":0,"enemies":"Shell Parasite","floor":19,"turns":5},{"damage":7,"enemies":"Snecko","floor":21,"turns":7},{"damage":3,"enemies":"Centurion and Healer","floor":22,"turns":6},{"damage":33,"enemies":"Slavers","floor":24,"turns":4},{"damage":1,"enemies":"Gremlin Leader","floor":27,"turns":6},{"damage":0,"enemies":"Snake Plant","floor":28,"turns":4},{"damage":19,"enemies":"Slavers","floor":29,"turns":2},{"damage":0,"enemies":"Snecko","floor":30,"turns":5},{"damage":9,"enemies":"Gremlin Leader","floor":31,"turns":5},{"damage":0,"enemies":"Champ","floor":33,"turns":11},{"damage":6,"enemies":"3 Shapes","floor":35,"turns":3},{"damage":0,"enemies":"Orb Walker","floor":38,"turns":4},{"damage":5,"enemies":"Writhing Mass","floor":39,"turns":7},{"damage":1,"enemies":"Nemesis","floor":40,"turns":9},{"damage":1,"enemies":"Reptomancer","floor":42,"turns":6},{"damage":0,"enemies":"Maw","floor":44,"turns":8},{"damage":5,"enemies":"4 Shapes","floor":45,"turns":4},{"damage":0,"enemies":"Giant Head","floor":46,"turns":10},{"damage":0,"enemies":"2 Orb Walkers","floor":47,"turns":3},{"damage":7,"enemies":"Time Eater","floor":50,"turns":10},{"damage":0,"enemies":"Shield and Spear","floor":54,"turns":6},{"damage":11,"enemies":"The Heart","floor":55,"turns":11}],"seed_played":"8715116797427007979","potions_obtained":[{"floor":1,"key":"Dexterity Potion"},{"floor":4,"key":"FearPotion"},{"floor":7,"key":"Dexterity Potion"},{"floor":8,"key":"PowerPotion"},{"floor":21,"key":"EntropicBrew"},{"floor":27,"key":"Fire Potion"},{"floor":28,"key":"Strength Potion"},{"floor":40,"key":"Energy Potion"},{"floor":42,"key":"Swift Potion"},{"floor":44,"key":"Dexterity Potion"},{"floor":46,"key":"Poison Potion"}],"is_trial":false,"path_per_floor":["M","M","?","M","?","E","?","E","T","M","M","?","R","M","R","B",null,"M","M","?","M","M","R","E","R","T","E","M","E","M","E","R","B",null,"M","?","?","M","M","E","R","E","T","M","M","E","?","?","R","B",null,"R","$","E","B",null],"character_chosen":"THE_SILENT","items_purchased":["Dexterity Potion","Mercury Hourglass","Backflip","Boot","TheAbacus","Regen Potion"],"campfire_rested":1,"item_purchase_floors":[53,53,53,53,53,53],"current_hp_per_floor":[70,70,70,70,63,51,51,51,51,39,34,39,39,37,37,53,75,69,69,69,62,59,59,26,48,48,47,47,28,28,19,19,44,75,69,69,59,59,54,53,53,52,52,54,51,51,51,57,57,74,81,81,81,83,72],"gold":417,"neow_bonus":"THREE_RARE_CARDS","is_prod":false,"is_daily":false,"chose_seed":false,"campfire_upgraded":6,"win_rate":0,"timestamp":1554980912,"path_taken":["M","M","?","?","?","E","?","E","T","?","M","?","R","M","R","BOSS","M","M","?","M","M","R","E","R","T","E","M","E","M","E","R","BOSS","M","?","?","M","M","E","R","E","T","M","M","E","?","?","R","BOSS","R","$","E","BOSS"],"build_version":"2019-04-04","purchased_purges":1,"victory":true,"max_hp_per_floor":[70,70,70,70,70,70,70,70,70,70,70,75,75,75,75,75,75,75,75,75,75,75,75,75,75,75,75,75,75,75,75,75,75,75,75,71,71,71,71,71,71,71,71,73,75,75,75,81,81,81,81,81,81,83,83],"card_choices":[{"not_picked":["Phantasmal Killer","Night Terror"],"picked":"Glass Knife","floor":0},{"not_picked":["Blade Dance","PiercingWail"],"picked":"Flying Knee","floor":1},{"not_picked":["Backflip","Underhanded Strike"],"picked":"Deadly Poison","floor":2},{"not_picked":["Poisoned Stab","Outmaneuver"],"picked":"Well Laid Plans","floor":4},{"not_picked":["Bane","Skewer","Blade Dance"],"picked":"SKIP","floor":6},{"not_picked":["Slice","Riddle With Holes"],"picked":"Acrobatics","floor":8},{"not_picked":["Flying Knee","Outmaneuver"],"picked":"Malaise","floor":10},{"not_picked":["Calculated Gamble","Expertise"],"picked":"Distraction","floor":11},{"not_picked":["Escape Plan","PiercingWail"],"picked":"Deadly Poison","floor":14},{"not_picked":["Unload","Tools of the Trade"],"picked":"Corpse Explosion","floor":16},{"not_picked":["Deflect","Caltrops+1"],"picked":"Noxious Fumes","floor":18},{"not_picked":["Flying Knee","Prepared"],"picked":"Backflip","floor":19},{"not_picked":["Dagger Spray","Riddle With Holes+1"],"picked":"Backflip","floor":21},{"not_picked":["Backstab","Dodge and Roll"],"picked":"PiercingWail","floor":22},{"not_picked":["Well Laid Plans","Outmaneuver"],"picked":"Acrobatics+1","floor":24},{"not_picked":["Outmaneuver","Concentrate","Prepared"],"picked":"SKIP","floor":27},{"not_picked":["Underhanded Strike+1","Poisoned Stab"],"picked":"Catalyst+1","floor":28},{"not_picked":["Infinite Blades+1","Dagger Throw"],"picked":"Die Die Die","floor":28},{"not_picked":["Quick Slash","Sucker Punch","Deadly Poison"],"picked":"SKIP","floor":29},{"not_picked":["Flechettes+1","Dash"],"picked":"Leg Sweep+1","floor":30},{"not_picked":["Slice+1","Flying Knee","Heel Hook+1"],"picked":"SKIP","floor":30},{"not_picked":["Riddle With Holes","Poisoned Stab"],"picked":"Wraith Form v2","floor":31},{"not_picked":["Grand Finale","Die Die Die"],"picked":"Venomology","floor":33},{"not_picked":["Acrobatics+1","Prepared"],"picked":"PiercingWail+1","floor":35},{"not_picked":["Prepared","Dagger Spray"],"picked":"Caltrops","floor":35},{"not_picked":["Master of Strategy","Mayhem"],"picked":"Apotheosis","floor":37},{"not_picked":["Forethought","Madness"],"picked":"Purity","floor":37},{"not_picked":["Eviscerate","Cloak And Dagger"],"picked":"Sucker Punch+1","floor":38},{"not_picked":["Concentrate","Acrobatics","Heel Hook+1"],"picked":"SKIP","floor":38},{"not_picked":["Deadly Poison","Riddle With Holes"],"picked":"Bouncing Flask+1","floor":39},{"not_picked":["Flechettes","Slice","Dagger Spray+1"],"picked":"SKIP","floor":39},{"not_picked":["Dagger Throw+1","PiercingWail"],"picked":"Noxious Fumes+1","floor":40},{"not_picked":["Deadly Poison+1","Accuracy","Outmaneuver+1"],"picked":"SKIP","floor":42},{"not_picked":["Dash+1","Cloak And Dagger+1","Deadly Poison+1"],"picked":"Blur","floor":44},{"not_picked":["Choke","Dagger Spray","Acrobatics+1","Endless Agony+1"],"picked":"Singing Bowl","floor":44},{"not_picked":["Dagger Spray","Dagger Throw","Flying Knee+1","Noxious Fumes"],"picked":"Singing Bowl","floor":45},{"not_picked":["Dagger Throw+1","Distraction","Slice+1"],"picked":"PiercingWail+1","floor":45},{"not_picked":["Venomology","Concentrate+1","Envenom"],"picked":"Leg Sweep+1","floor":46},{"not_picked":["Sucker Punch+1","Dash","Dagger Throw+1"],"picked":"Blur","floor":47},{"not_picked":["Bane","Predator","Caltrops","Blade Dance"],"picked":"Singing Bowl","floor":54}],"player_experience":5269278,"relics_obtained":[{"floor":6,"key":"Pantograph"},{"floor":8,"key":"Happy Flower"},{"floor":9,"key":"Bronze Scales"},{"floor":24,"key":"Darkstone Periapt"},{"floor":27,"key":"Prayer Wheel"},{"floor":29,"key":"Lantern"},{"floor":31,"key":"Du-Vu Doll"},{"floor":40,"key":"Bag of Preparation"},{"floor":42,"key":"Question Card"},{"floor":43,"key":"Singing Bowl"},{"floor":46,"key":"Shuriken"},{"floor":47,"key":"Gambling Chip"},{"floor":54,"key":"Incense Burner"}],"event_choices":[{"damage_healed":0,"gold_gain":0,"player_choice":"Upgraded","damage_taken":0,"max_hp_gain":0,"max_hp_loss":0,"event_name":"Upgrade Shrine","floor":3,"gold_loss":0,"cards_upgraded":["Glass Knife"]},{"cards_removed":["Clumsy"],"damage_healed":0,"gold_gain":0,"player_choice":"Card Removal","damage_taken":7,"max_hp_gain":0,"max_hp_loss":0,"event_name":"Golden Wing","floor":5,"gold_loss":0},{"damage_healed":0,"gold_gain":0,"player_choice":"Got Potions","damage_taken":0,"max_hp_gain":0,"max_hp_loss":0,"event_name":"Lab","floor":7,"gold_loss":0},{"damage_healed":0,"gold_gain":0,"player_choice":"Donut","damage_taken":0,"max_hp_gain":5,"max_hp_loss":0,"event_name":"Big Fish","floor":12,"gold_loss":0},{"damage_healed":0,"gold_gain":0,"player_choice":"Bought 0 Potions","damage_taken":0,"max_hp_gain":0,"max_hp_loss":0,"event_name":"The Woman in Blue","floor":20,"gold_loss":0},{"damage_healed":0,"gold_gain":0,"player_choice":"Max HP","damage_taken":0,"max_hp_gain":0,"max_hp_loss":4,"event_name":"Winding Halls","floor":36,"gold_loss":0},{"damage_healed":0,"gold_gain":0,"player_choice":"Memory 3","damage_taken":10,"max_hp_gain":0,"max_hp_loss":0,"event_name":"SensoryStone","floor":37,"gold_loss":0},{"damage_healed":0,"gold_gain":0,"player_choice":"Fight","damage_taken":0,"max_hp_gain":0,"max_hp_loss":0,"event_name":"Mysterious Sphere","floor":47,"gold_loss":0},{"damage_healed":0,"gold_gain":275,"player_choice":"Desecrate","damage_taken":0,"max_hp_gain":0,"max_hp_loss":0,"event_name":"Golden Shrine","floor":48,"gold_loss":0,"cards_obtained":["Regret"]}],"is_beta":true,"boss_relics":[{"not_picked":["White Beast Statue","Black Star"],"picked":"Velvet Choker"},{"not_picked":["Lizard Tail","Orrery"],"picked":"Runic Pyramid"}],"items_purged_floors":[53],"is_endless":false,"potions_floor_spawned":[1,4,8,10,21,27,28,29,30,40,42,44,46],"ascension_level":1}