{"gold_per_floor":[109,109,121,134,134,134,114,132,132,143,143,160,160,178,178,273,273,286,306,22,42,60,94,94,114,138,165,165,178,178,191,191,191],"floor_reached":33,"playtime":1131,"items_purged":["Strike_R"],"score":478,"play_id":"2017c2e5-41b6-4a74-a312-b0700c2e23ba","local_time":"20190322014933","is_ascension_mode":true,"campfire_choices":[{"data":"Rampage","floor":6,"key":"SMITH"},{"data":"Armaments","floor":11,"key":"SMITH"},{"data":"Havoc","floor":13,"key":"SMITH"},{"data":"Metallicize","floor":15,"key":"SMITH"},{"floor":24,"key":"REST"},{"floor":32,"key":"REST"}],"neow_cost":"NONE","seed_source_timestamp":92252250381538,"circlet_count":0,"master_deck":["AscendersBane","Strike_R","Strike_R+1","Defend_R","Defend_R","Defend_R","Defend_R","Bash","Flame Barrier","Rampage+1","Metallicize+1","Havoc+1","Armaments+1","True Grit","Anger","Immolate","Iron Wave+1","Headbutt","Uppercut","Havoc","Headbutt+1","Headbutt","Spot Weakness","Impervious"],"relics":["Burning Blood","NeowsBlessing","FaceOfCleric","Shuriken","Fusion Hammer","Lee\u0027s Waffle","Paper Frog","Whetstone","Juzu Bracelet"],"potions_floor_usage":[16,16,27,29,31],"damage_taken":[{"damage":0,"enemies":"2 Louse","floor":1,"turns":1},{"damage":0,"enemies":"Cultist","floor":3,"turns":1},{"damage":0,"enemies":"Jaw Worm","floor":4,"turns":1},{"damage":28,"enemies":"Gremlin Gang","floor":8,"turns":7},{"damage":1,"enemies":"2 Fungi Beasts","floor":10,"turns":5},{"damage":0,"enemies":"Large Slime","floor":12,"turns":7},{"damage":3,"enemies":"Red Slaver","floor":14,"turns":5},{"damage":7,"enemies":"Slime Boss","floor":16,"turns":7},{"damage":3,"enemies":"3 Byrds","floor":18,"turns":4},{"damage":8,"enemies":"Chosen","floor":19,"turns":5},{"damage":23,"enemies":"Centurion and Healer","floor":21,"turns":8},{"damage":5,"enemies":"3 Cultists","floor":22,"turns":4},{"damage":34,"enemies":"Gremlin Leader","floor":23,"turns":6},{"damage":19,"enemies":"Snake Plant","floor":25,"turns":3},{"damage":54,"enemies":"Book of Stabbing","floor":27,"turns":5},{"damage":23,"enemies":"Centurion and Healer","floor":29,"turns":4},{"damage":8,"enemies":"Shelled Parasite and Fungi","floor":31,"turns":6},{"damage":70,"enemies":"Automaton","floor":33,"turns":6}],"seed_played":"6935917892401876431","potions_obtained":[{"floor":1,"key":"Weak Potion"},{"floor":7,"key":"Weak Potion"},{"floor":8,"key":"Fire Potion"},{"floor":25,"key":"Explosive Potion"},{"floor":27,"key":"FearPotion"},{"floor":29,"key":"Swift Potion"}],"is_trial":false,"path_per_floor":["M","?","M","M","?","R","?","M","T","M","R","M","R","M","R","B",null,"M","M","$","M","M","E","R","M","T","E","?","M","?","M","R","B"],"character_chosen":"IRONCLAD","items_purchased":["Lee\u0027s Waffle"],"campfire_rested":2,"item_purchase_floors":[20],"current_hp_per_floor":[78,78,81,82,75,75,75,54,54,60,60,67,67,71,71,71,83,87,86,96,80,82,55,84,72,72,25,25,9,9,8,38,0],"gold":191,"neow_bonus":"THREE_ENEMY_KILL","is_prod":false,"is_daily":false,"chose_seed":false,"campfire_upgraded":4,"win_rate":0,"timestamp":1553230173,"path_taken":["M","?","?","M","?","R","?","M","T","M","R","M","R","?","R","BOSS","M","M","$","M","M","E","R","M","T","E","?","M","?","M","R","BOSS"],"build_version":"2019-01-23","purchased_purges":1,"victory":false,"max_hp_per_floor":[80,80,81,82,82,82,82,83,83,84,84,85,85,86,86,87,87,88,89,96,97,98,99,99,100,100,101,101,102,102,103,103,103],"card_choices":[{"not_picked":["Hemokinesis","Headbutt"],"picked":"Flame Barrier","floor":1},{"not_picked":["Clash","Second Wind"],"picked":"Rampage","floor":3},{"not_picked":["Warcry","Thunderclap"],"picked":"Metallicize","floor":4},{"not_picked":["Cleave","Body Slam"],"picked":"Havoc","floor":8},{"not_picked":["Thunderclap","Pommel Strike"],"picked":"Armaments","floor":10},{"not_picked":["Combust","Dropkick"],"picked":"True Grit","floor":12},{"not_picked":["Heavy Blade","Evolve"],"picked":"Anger","floor":14},{"not_picked":["Barricade","Dark Embrace"],"picked":"Immolate","floor":16},{"not_picked":["Heavy Blade","Dropkick"],"picked":"Iron Wave","floor":18},{"not_picked":["Flex","Blood for Blood+1"],"picked":"Headbutt","floor":19},{"not_picked":["Infernal Blade","Rage"],"picked":"Uppercut","floor":21},{"not_picked":["Warcry","Shrug It Off"],"picked":"Havoc","floor":22},{"not_picked":["Bloodletting+1","Flex"],"picked":"Headbutt+1","floor":23},{"not_picked":["True Grit","Cleave+1","Clash"],"picked":"SKIP","floor":25},{"not_picked":["Rampage","Cleave"],"picked":"Headbutt","floor":27},{"not_picked":["Cleave","Infernal Blade","Rampage"],"picked":"SKIP","floor":29},{"not_picked":["Clash","Iron Wave"],"picked":"Impervious","floor":31}],"player_experience":985060,"relics_obtained":[{"floor":9,"key":"Shuriken"},{"floor":23,"key":"Paper Frog"},{"floor":26,"key":"Whetstone"},{"floor":27,"key":"Juzu Bracelet"}],"event_choices":[{"damage_healed":0,"gold_gain":0,"player_choice":"Trade","damage_taken":0,"relics_obtained":["FaceOfCleric"],"max_hp_gain":0,"max_hp_loss":0,"event_name":"FaceTrader","floor":2,"gold_loss":0},{"cards_removed":["Strike_R"],"damage_healed":0,"gold_gain":0,"player_choice":"Card Removal","damage_taken":7,"max_hp_gain":0,"max_hp_loss":0,"event_name":"Golden Wing","floor":5,"gold_loss":0},{"damage_healed":0,"gold_gain":0,"player_choice":"Bought 1 Potion","damage_taken":0,"max_hp_gain":0,"max_hp_loss":0,"event_name":"The Woman in Blue","floor":7,"gold_loss":0},{"damage_healed":0,"gold_gain":0,"player_choice":"Ignored","damage_taken":0,"max_hp_gain":0,"max_hp_loss":0,"event_name":"Vampires","floor":28,"gold_loss":0},{"damage_healed":0,"gold_gain":0,"cards_transformed":["Strike_R"],"player_choice":"Transformed","damage_taken":0,"max_hp_gain":0,"max_hp_loss":0,"event_name":"Transmorgrifier","floor":30,"gold_loss":0,"cards_obtained":["Spot Weakness"]}],"is_beta":false,"boss_relics":[{"not_picked":["Eternal Feather","Empty Cage"],"picked":"Fusion Hammer"}],"items_purged_floors":[20],"is_endless":false,"potions_floor_spawned":[1,8,10,12,25,27,29],"killed_by":"Automaton","ascension_level":12}