{"gold_per_floor":[122,149,175,187,6,6,40,40,64,96,110,128,159,173,173,271,271,290,310,310,225,28,62,62,96,96,107,107,142,154,182,182,284,284,294,305,305,330,5,31,31,31,55,65,83,111,122,152,152,152,152,152,0,26,26],"floor_reached":56,"playtime":4407,"items_purged":["Strike_R","Writhe","Strike_R"],"score":1648,"play_id":"1747289c-3e29-419f-8e7e-6add87c0b937","local_time":"20190324113541","is_ascension_mode":true,"campfire_choices":[{"data":"Body Slam","floor":6,"key":"SMITH"},{"data":"Bash","floor":8,"key":"SMITH"},{"data":"Barricade","floor":15,"key":"SMITH"},{"data":"PanicButton","floor":24,"key":"SMITH"},{"data":"Double Tap","floor":28,"key":"SMITH"},{"data":"Uppercut","floor":32,"key":"SMITH"},{"data":"Apotheosis","floor":42,"key":"SMITH"},{"floor":49,"key":"RECALL"},{"data":"Offering","floor":52,"key":"SMITH"}],"neow_cost":"NONE","seed_source_timestamp":1093486095733171,"circlet_count":0,"master_deck":["Strike_R","Strike_R+1","Strike_R","Defend_R","Defend_R+1","Defend_R+1","Defend_R","Bash+1","Ghostly Armor","Clash","Body Slam+1","Battle Trance","Shrug It Off","Ghostly Armor","Ghostly Armor","Body Slam+1","Double Tap+1","Barricade+1","Headbutt","Feed","Thunderclap+1","Shrug It Off","PanicButton+1","Clothesline","Iron Wave+1","Uppercut+1","Whirlwind+1","Berserk","Body Slam+1","Disarm+1","Discovery","Discovery","Apotheosis+1","Battle Trance","Pommel Strike+1","Flame Barrier","Offering+1","Feel No Pain+1","Shrug It Off"],"relics":["Burning Blood","MawBank","Anchor","Whetstone","Art of War","Mark of Pain","Strawberry","Blue Candle","Centennial Puzzle","Potion Belt","War Paint","Nunchaku","Pen Nib","Runic Dome","Ancient Tea Set","DollysMirror","Ice Cream","Regal Pillow","Pear","Blood Vial","Pantograph"],"potions_floor_usage":[7,25,33,46,50,55,55,55,55,55,55,55,55,55,55],"damage_taken":[{"damage":6,"enemies":"Cultist","floor":1,"turns":3},{"damage":7,"enemies":"Jaw Worm","floor":2,"turns":4},{"damage":0,"enemies":"Small Slimes","floor":3,"turns":4},{"damage":4,"enemies":"Lagavulin","floor":7,"turns":8},{"damage":7,"enemies":"Gremlin Nob","floor":10,"turns":4},{"damage":2,"enemies":"Exordium Thugs","floor":11,"turns":4},{"damage":0,"enemies":"Exordium Wildlife","floor":12,"turns":3},{"damage":8,"enemies":"3 Sentries","floor":13,"turns":10},{"damage":73,"enemies":"Blue Slaver","floor":14,"turns":13},{"damage":0,"enemies":"Hexaghost","floor":16,"turns":7},{"damage":0,"enemies":"3 Byrds","floor":18,"turns":5},{"damage":0,"enemies":"Chosen","floor":19,"turns":3},{"damage":11,"enemies":"Slavers","floor":23,"turns":7},{"damage":0,"enemies":"Book of Stabbing","floor":25,"turns":7},{"damage":7,"enemies":"Snake Plant","floor":27,"turns":4},{"damage":7,"enemies":"Slavers","floor":29,"turns":5},{"damage":0,"enemies":"Snecko","floor":30,"turns":12},{"damage":0,"enemies":"Gremlin Leader","floor":31,"turns":4},{"damage":22,"enemies":"Automaton","floor":33,"turns":13},{"damage":3,"enemies":"3 Darklings","floor":35,"turns":6},{"damage":0,"enemies":"Orb Walker","floor":36,"turns":2},{"damage":6,"enemies":"Giant Head","floor":40,"turns":8},{"damage":0,"enemies":"Spire Growth","floor":44,"turns":8},{"damage":0,"enemies":"Jaw Worm Horde","floor":45,"turns":6},{"damage":8,"enemies":"Reptomancer","floor":46,"turns":9},{"damage":4,"enemies":"3 Darklings","floor":47,"turns":7},{"damage":6,"enemies":"Giant Head","floor":48,"turns":6},{"damage":6,"enemies":"Donu and Deca","floor":50,"turns":10},{"damage":24,"enemies":"Shield and Spear","floor":54,"turns":6},{"damage":50,"enemies":"The Heart","floor":55,"turns":11}],"seed_played":"4620399634092166935","potions_obtained":[{"floor":1,"key":"Ancient Potion"},{"floor":2,"key":"SkillPotion"},{"floor":7,"key":"BloodPotion"},{"floor":13,"key":"Block Potion"},{"floor":27,"key":"Fire Potion"},{"floor":33,"key":"SpeedPotion"},{"floor":36,"key":"Regen Potion"},{"floor":40,"key":"SkillPotion"},{"floor":45,"key":"Dexterity Potion"},{"floor":47,"key":"Regen Potion"}],"is_trial":false,"path_per_floor":["M","M","M","?","$","R","E","R","T","E","M","M","E","M","R","B",null,"M","M","?","?","$","E","R","E","T","M","R","E","M","E","R","B",null,"M","M","?","T","$","E","$","R","T","M","M","E","M","E","R","B",null,"R","$","E","B",null],"character_chosen":"IRONCLAD","items_purchased":["Shrug It Off","Ghostly Armor","PanicButton","DollysMirror","EntropicBrew","Shrug It Off"],"campfire_rested":0,"item_purchase_floors":[5,5,22,39,53,53],"current_hp_per_floor":[80,79,80,80,80,80,80,80,80,79,80,80,78,11,11,17,80,83,86,93,93,93,91,91,99,99,101,101,103,108,108,108,95,111,111,111,101,101,101,105,105,105,105,115,123,135,141,145,145,145,145,145,145,127,107],"gold":26,"neow_bonus":"RANDOM_COMMON_RELIC","is_prod":false,"is_daily":false,"chose_seed":false,"campfire_upgraded":8,"win_rate":0,"timestamp":1553441741,"path_taken":["M","?","M","?","$","R","E","R","T","E","M","M","E","?","R","BOSS","M","M","?","?","$","E","R","E","T","M","R","E","M","E","R","BOSS","M","M","?","?","$","E","?","R","T","M","M","E","?","E","R","BOSS","R","$","E","BOSS"],"build_version":"2019-03-15","purchased_purges":3,"victory":true,"max_hp_per_floor":[80,80,80,80,80,80,80,80,80,80,80,80,80,80,80,80,80,83,86,93,93,93,96,96,99,99,102,102,105,108,108,108,111,111,111,111,111,111,111,115,115,115,115,119,123,137,141,145,145,145,145,145,145,145,145],"card_choices":[{"not_picked":["Dual Wield","Combust"],"picked":"Ghostly Armor","floor":1},{"not_picked":["Rampage","Blood for Blood"],"picked":"Clash","floor":2},{"not_picked":["Pommel Strike","Evolve"],"picked":"Body Slam","floor":3},{"not_picked":["Clash","Burning Pact"],"picked":"Ghostly Armor","floor":7},{"not_picked":["Flex","Shockwave"],"picked":"Body Slam","floor":10},{"not_picked":["Twin Strike","Warcry"],"picked":"Double Tap","floor":11},{"not_picked":["Sever Soul","Wild Strike","Burning Pact"],"picked":"SKIP","floor":12},{"not_picked":["Sword Boomerang","Whirlwind"],"picked":"Barricade","floor":13},{"not_picked":["Twin Strike","Flex"],"picked":"Headbutt","floor":14},{"not_picked":["Offering","Bludgeon"],"picked":"Feed","floor":16},{"not_picked":["Searing Blow","Headbutt"],"picked":"Thunderclap+1","floor":18},{"not_picked":["Twin Strike+1","Rampage"],"picked":"Shrug It Off","floor":19},{"not_picked":["Cleave","Seeing Red"],"picked":"Clothesline","floor":23},{"not_picked":["Twin Strike","Wild Strike"],"picked":"Iron Wave+1","floor":25},{"not_picked":["Perfected Strike","Flex","Pummel"],"picked":"SKIP","floor":27},{"not_picked":["Sever Soul","Seeing Red","Pommel Strike"],"picked":"SKIP","floor":29},{"not_picked":["Heavy Blade+1","Bloodletting"],"picked":"Uppercut","floor":30},{"not_picked":["Clash","Fiend Fire"],"picked":"Whirlwind+1","floor":31},{"not_picked":["Double Tap","Dark Embrace"],"picked":"Berserk","floor":33},{"not_picked":["Flex+1","Heavy Blade+1"],"picked":"Body Slam+1","floor":35},{"not_picked":["Clothesline+1","Sword Boomerang+1"],"picked":"Disarm+1","floor":36},{"not_picked":["Impatience","Magnetism"],"picked":"Discovery","floor":37},{"not_picked":["Enlightenment","Bandage Up"],"picked":"Discovery","floor":37},{"not_picked":["Deep Breath","Finesse"],"picked":"Apotheosis","floor":37},{"not_picked":["Twin Strike","Iron Wave","Combust"],"picked":"SKIP","floor":40},{"not_picked":["Flex","Body Slam"],"picked":"Pommel Strike+1","floor":44},{"not_picked":["Clash","Flex+1"],"picked":"Flame Barrier","floor":45},{"not_picked":["Inflame","Cleave"],"picked":"Offering","floor":46},{"not_picked":["Seeing Red+1","Whirlwind"],"picked":"Feel No Pain+1","floor":47},{"not_picked":["Disarm+1","Wild Strike","Cleave+1"],"picked":"SKIP","floor":48},{"not_picked":["Dual Wield","Rampage","Flex+1"],"picked":"SKIP","floor":54}],"player_experience":5004226,"relics_obtained":[{"floor":7,"key":"Anchor"},{"floor":10,"key":"Whetstone"},{"floor":13,"key":"Art of War"},{"floor":23,"key":"Centennial Puzzle"},{"floor":25,"key":"Potion Belt"},{"floor":26,"key":"War Paint"},{"floor":29,"key":"Nunchaku"},{"floor":31,"key":"Pen Nib"},{"floor":38,"key":"Ancient Tea Set"},{"floor":40,"key":"Ice Cream"},{"floor":43,"key":"Regal Pillow"},{"floor":46,"key":"Pear"},{"floor":48,"key":"Blood Vial"},{"floor":54,"key":"Pantograph"}],"event_choices":[{"damage_healed":0,"gold_gain":0,"player_choice":"1 cards matched","damage_taken":0,"max_hp_gain":0,"max_hp_loss":0,"event_name":"Match and Keep!","floor":4,"gold_loss":0,"cards_obtained":["Battle Trance"]},{"damage_healed":0,"gold_gain":0,"player_choice":"Opened","damage_taken":0,"relics_obtained":["Strawberry"],"max_hp_gain":0,"max_hp_loss":0,"event_name":"The Mausoleum","floor":20,"gold_loss":0,"cards_obtained":["Writhe"]},{"damage_healed":0,"gold_gain":0,"player_choice":"Obtained Relic","damage_taken":0,"relics_obtained":["Blue Candle"],"max_hp_gain":0,"max_hp_loss":0,"event_name":"Addict","floor":21,"gold_loss":85},{"damage_healed":0,"gold_gain":0,"player_choice":"Memory 3","damage_taken":10,"max_hp_gain":0,"max_hp_loss":0,"event_name":"SensoryStone","floor":37,"gold_loss":0}],"is_beta":true,"boss_relics":[{"not_picked":["White Beast Statue","Black Star"],"picked":"Mark of Pain"},{"not_picked":["Orrery","Black Blood"],"picked":"Runic Dome"}],"items_purged_floors":[5,22,39],"is_endless":false,"potions_floor_spawned":[1,2,7,13,16,18,23,27,33,36,40,45,47],"ascension_level":1}