{"gold_per_floor":[146,321,341,387,13,13,44,44,69,89,364,376,376,393,393,393],"floor_reached":16,"playtime":478,"items_purged":["Doubt"],"score":145,"play_id":"bff08293-f3b9-4329-ac9a-782007411701","local_time":"20190224024547","is_ascension_mode":true,"campfire_choices":[{"data":"Genetic Algorithm","floor":6,"key":"SMITH"},{"data":"Melter","floor":8,"key":"SMITH"},{"data":"Darkness","floor":15,"key":"SMITH"}],"neow_cost":"NONE","seed_source_timestamp":825003422665545,"circlet_count":0,"master_deck":["Strike_B","Strike_B","Strike_B","Strike_B","Defend_B","Defend_B","Defend_B","Defend_B","Zap","Dualcast","Genetic Algorithm+1","Melter+1","Capacitor","Sunder","Regret","Auto Shields","Darkness+1"],"relics":["Cracked Core","Tiny Chest","Potion Belt","Membership Card","Matryoshka","Meat on the Bone","PreservedInsect","Bronze Scales","Bottled Tornado"],"potions_floor_usage":[16,16],"damage_taken":[{"damage":3,"enemies":"2 Louse","floor":1,"turns":2},{"damage":3,"enemies":"Jaw Worm","floor":3,"turns":5},{"damage":42,"enemies":"3 Sentries","floor":7,"turns":9},{"damage":1,"enemies":"Cultist","floor":10,"turns":3},{"damage":8,"enemies":"Large Slime","floor":12,"turns":7},{"damage":2,"enemies":"Red Slaver","floor":14,"turns":4},{"damage":47,"enemies":"Hexaghost","floor":16,"turns":10}],"seed_played":"-6191411906124440120","potions_obtained":[{"floor":1,"key":"EssenceOfSteel"},{"floor":7,"key":"Strength Potion"},{"floor":12,"key":"Poison Potion"},{"floor":14,"key":"SkillPotion"}],"is_trial":false,"path_per_floor":["M","?","M","T","$","R","E","R","T","M","?","M","T","M","R","B"],"character_chosen":"DEFECT","items_purchased":["Membership Card","Matryoshka"],"campfire_rested":0,"item_purchase_floors":[5,5],"current_hp_per_floor":[65,65,62,62,62,62,20,20,20,31,31,35,35,45,45,0],"gold":393,"neow_bonus":"RANDOM_COMMON_RELIC","is_prod":false,"is_daily":false,"chose_seed":false,"campfire_upgraded":3,"win_rate":0,"timestamp":1550987147,"path_taken":["M","?","M","?","$","R","E","R","T","?","?","?","?","M","R","BOSS"],"build_version":"2019-01-23","purchased_purges":1,"victory":false,"max_hp_per_floor":[75,75,75,75,75,75,75,75,75,75,75,75,75,75,75,75],"card_choices":[{"not_picked":["Heatsinks","Cold Snap"],"picked":"Genetic Algorithm","floor":1},{"not_picked":["Lockon","Skim"],"picked":"Melter","floor":3},{"not_picked":["Meteor Strike","Cold Snap"],"picked":"Capacitor","floor":7},{"not_picked":["Steam","Reprogram"],"picked":"Sunder","floor":10},{"not_picked":["Steam","Force Field"],"picked":"Auto Shields","floor":12},{"not_picked":["Go for the Eyes","Scrape"],"picked":"Darkness","floor":14}],"player_experience":850846,"relics_obtained":[{"floor":4,"key":"Potion Belt"},{"floor":7,"key":"Meat on the Bone"},{"floor":9,"key":"PreservedInsect"},{"floor":13,"key":"Bronze Scales"},{"floor":13,"key":"Bottled Tornado"}],"event_choices":[{"damage_healed":0,"gold_gain":175,"player_choice":"AGREE","damage_taken":0,"max_hp_gain":0,"max_hp_loss":0,"event_name":"Liars Game","floor":2,"gold_loss":0,"cards_obtained":["Doubt"]},{"damage_healed":0,"gold_gain":275,"player_choice":"Desecrate","damage_taken":0,"max_hp_gain":0,"max_hp_loss":0,"event_name":"Golden Shrine","floor":11,"gold_loss":0,"cards_obtained":["Regret"]}],"is_beta":false,"boss_relics":[],"items_purged_floors":[5],"is_endless":false,"potions_floor_spawned":[1,7,12,14],"killed_by":"Hexaghost","ascension_level":9}