{"gold_per_floor":[13,27,27,37,17,17,49,49,73,73,85,113,113,123,123,202,202,176,176,189,114,114,114,114],"floor_reached":24,"playtime":784,"items_purged":["Strike_G"],"score":412,"play_id":"dae80334-fb4f-4a25-b21a-cffaf6584bde","local_time":"20190307105743","is_ascension_mode":true,"campfire_choices":[{"data":"Noxious Fumes","floor":6,"key":"SMITH"},{"floor":8,"key":"REST"},{"floor":10,"key":"REST"},{"floor":15,"key":"REST"},{"data":"Bouncing Flask","floor":23,"key":"SMITH"}],"neow_cost":"NO_GOLD","seed_source_timestamp":269139875595100,"circlet_count":0,"master_deck":["AscendersBane","Defend_G","Defend_G","Defend_G+1","Defend_G","Defend_G+1","Strike_G","Strike_G","Survivor","Neutralize","Backflip","Noxious Fumes+1","Deadly Poison","Deadly Poison","Dagger Spray","PiercingWail","Dodge and Roll","After Image","Bouncing Flask+1","Noxious Fumes+1","Caltrops"],"relics":["Ring of the Snake","PreservedInsect","Snake Skull","Vajra","Orichalcum","Empty Cage","Anchor"],"potions_floor_usage":[],"damage_taken":[{"damage":0,"enemies":"2 Louse","floor":1,"turns":2},{"damage":7,"enemies":"Cultist","floor":2,"turns":5},{"damage":7,"enemies":"Jaw Worm","floor":4,"turns":7},{"damage":3,"enemies":"Exordium Thugs","floor":5,"turns":4},{"damage":22,"enemies":"3 Sentries","floor":7,"turns":7},{"damage":1,"enemies":"3 Louse","floor":11,"turns":4},{"damage":7,"enemies":"Lagavulin","floor":12,"turns":5},{"damage":1,"enemies":"Looter","floor":14,"turns":4},{"damage":16,"enemies":"The Guardian","floor":16,"turns":9},{"damage":9,"enemies":"2 Thieves","floor":18,"turns":4},{"damage":25,"enemies":"Chosen","floor":20,"turns":6},{"damage":34,"enemies":"3 Cultists","floor":24,"turns":4}],"seed_played":"7488405271329841637","potions_obtained":[{"floor":5,"key":"FearPotion"},{"floor":7,"key":"SteroidPotion"},{"floor":11,"key":"Ancient Potion"}],"is_trial":false,"path_per_floor":["M","M","?","M","M","R","E","R","T","R","M","E","?","M","R","B",null,"M","?","M","$","T","R","M"],"character_chosen":"THE_SILENT","items_purchased":[],"campfire_rested":3,"item_purchase_floors":[],"current_hp_per_floor":[71,64,38,31,28,28,6,29,29,52,51,44,21,20,43,27,65,56,56,31,31,31,31,0],"gold":114,"neow_bonus":"TWENTY_PERCENT_HP_BONUS","is_prod":false,"is_daily":false,"chose_seed":false,"campfire_upgraded":2,"win_rate":0,"timestamp":1551952663,"path_taken":["M","M","?","M","M","R","E","R","T","R","M","E","?","M","R","BOSS","M","?","M","$","?","R","M"],"build_version":"2019-01-23","purchased_purges":1,"victory":false,"max_hp_per_floor":[78,78,78,78,78,78,78,78,78,78,78,78,78,78,78,78,78,78,78,78,78,78,78,78],"card_choices":[{"not_picked":["Underhanded Strike","Acrobatics","Expertise"],"picked":"SKIP","floor":1},{"not_picked":["Acrobatics","Heel Hook"],"picked":"Backflip","floor":2},{"not_picked":["Deflect","Heel Hook"],"picked":"Noxious Fumes","floor":4},{"not_picked":["Crippling Poison","Accuracy"],"picked":"Deadly Poison","floor":5},{"not_picked":["All Out Attack","Flying Knee"],"picked":"Deadly Poison","floor":7},{"not_picked":["Deadly Poison","All Out Attack"],"picked":"Dagger Spray","floor":11},{"not_picked":["Bane","Predator"],"picked":"PiercingWail","floor":12},{"not_picked":["Underhanded Strike","Accuracy"],"picked":"Dodge and Roll","floor":14},{"not_picked":["Venomology","Wraith Form v2"],"picked":"After Image","floor":16},{"not_picked":["Well Laid Plans","Quick Slash"],"picked":"Bouncing Flask","floor":18},{"not_picked":["Dagger Throw+1","Poisoned Stab"],"picked":"Caltrops","floor":20}],"player_experience":538614,"relics_obtained":[{"floor":7,"key":"Snake Skull"},{"floor":9,"key":"Vajra"},{"floor":12,"key":"Orichalcum"},{"floor":22,"key":"Anchor"}],"event_choices":[{"damage_healed":0,"gold_gain":0,"player_choice":"Success","damage_taken":26,"relics_obtained":["PreservedInsect"],"max_hp_gain":0,"max_hp_loss":0,"event_name":"Scrap Ooze","floor":3,"gold_loss":0},{"damage_healed":0,"gold_gain":0,"player_choice":"Entered Light","damage_taken":23,"max_hp_gain":0,"max_hp_loss":0,"event_name":"Shining Light","floor":13,"gold_loss":0,"cards_upgraded":["Defend_G","Defend_G"]},{"damage_healed":0,"gold_gain":0,"player_choice":"Copied","damage_taken":0,"max_hp_gain":0,"max_hp_loss":0,"event_name":"Duplicator","floor":19,"gold_loss":0,"cards_obtained":["Noxious Fumes"]}],"is_beta":false,"boss_relics":[{"not_picked":["Philosopher\u0027s Stone","Coffee Dripper"],"picked":"Empty Cage"}],"items_purged_floors":[21],"is_endless":false,"potions_floor_spawned":[5,7,11,14,18],"killed_by":"3 Cultists","ascension_level":20}