{"gold_per_floor":[110,160,180,21,40,72,72,102,102,137,151,182,198,198,198,271,271,290,303,303,92,92,92,124,124,124,124,124,135,152,162,162,239,239,255,77,77,89,89,89,115,131,156,190,190,204,219,16,16,16,16,16,16,16,43,43],"floor_reached":57,"playtime":6382,"items_purged":["Strike_B","Bite","Streamline"],"score":2970,"play_id":"03e50552-3529-48b6-8f94-b6ecc0b700c9","local_time":"20190515131115","is_ascension_mode":true,"campfire_choices":[{"data":"Zap","floor":7,"key":"SMITH"},{"data":"Biased Cognition","floor":15,"key":"SMITH"},{"data":"Loop","floor":23,"key":"SMITH"},{"data":"Coolheaded","floor":25,"key":"SMITH"},{"data":"Coolheaded","floor":27,"key":"SMITH"},{"data":"Defragment","floor":32,"key":"SMITH"},{"data":"Seek","floor":40,"key":"SMITH"},{"floor":45,"key":"RECALL"},{"data":"Capacitor","floor":49,"key":"SMITH"},{"data":"Coolheaded","floor":53,"key":"SMITH"}],"neow_cost":"NONE","seed_source_timestamp":117562635273956,"circlet_count":0,"master_deck":["AscendersBane","Defend_B","Defend_B","Defend_B","Defend_B","Zap+1","Dualcast","Coolheaded+1","Compile Driver","Gash","Conserve Battery","Biased Cognition+1","Ball Lightning","Reinforced Body","Echo Form","Loop+1","Ghostly","Ghostly","Ghostly","Bite","Bite","Bite","Coolheaded+1","Defragment+1","Steam","Seek+1","FTL","Compile Driver","Compile Driver","Chill","Glacier","Hologram","Coolheaded+1","Capacitor+1","Compile Driver+1"],"relics":["Cracked Core","NeowsBlessing","Du-Vu Doll","Symbiotic Virus","Ornamental Fan","Art of War","Dodecahedron","Nuclear Battery","OrangePellets","Bronze Scales","Mummified Hand","Orrery","Question Card","Dead Branch","StoneCalendar"],"potions_floor_usage":[6,8,11,12,44,55,56,56,56],"damage_taken":[{"damage":0,"enemies":"2 Louse","floor":1,"turns":1},{"damage":0,"enemies":"Cultist","floor":3,"turns":1},{"damage":0,"enemies":"Jaw Worm","floor":5,"turns":1},{"damage":26,"enemies":"Lagavulin","floor":6,"turns":6},{"damage":8,"enemies":"Gremlin Nob","floor":8,"turns":3},{"damage":0,"enemies":"Lagavulin","floor":10,"turns":4},{"damage":11,"enemies":"Gremlin Gang","floor":11,"turns":4},{"damage":7,"enemies":"Gremlin Nob","floor":12,"turns":3},{"damage":0,"enemies":"Blue Slaver","floor":13,"turns":3},{"damage":0,"enemies":"Hexaghost","floor":16,"turns":8},{"damage":8,"enemies":"Chosen","floor":18,"turns":5},{"damage":15,"enemies":"Spheric Guardian","floor":19,"turns":4},{"damage":0,"enemies":"Gremlin Leader","floor":24,"turns":4},{"damage":1,"enemies":"Cultist and Chosen","floor":29,"turns":5},{"damage":0,"enemies":"Snecko","floor":30,"turns":4},{"damage":0,"enemies":"Chosen and Byrds","floor":31,"turns":3},{"damage":4,"enemies":"Automaton","floor":33,"turns":9},{"damage":3,"enemies":"3 Shapes","floor":35,"turns":3},{"damage":0,"enemies":"3 Darklings","floor":38,"turns":6},{"damage":0,"enemies":"Giant Head","floor":41,"turns":11},{"damage":12,"enemies":"4 Shapes","floor":42,"turns":7},{"damage":0,"enemies":"Reptomancer","floor":44,"turns":8},{"damage":0,"enemies":"Sphere and 2 Shapes","floor":46,"turns":6},{"damage":0,"enemies":"Jaw Worm Horde","floor":47,"turns":5},{"damage":12,"enemies":"Time Eater","floor":50,"turns":26},{"damage":14,"enemies":"Awakened One","floor":51,"turns":26},{"damage":20,"enemies":"Shield and Spear","floor":55,"turns":8},{"damage":15,"enemies":"The Heart","floor":56,"turns":11}],"seed_played":"1770981704413138059","potions_obtained":[{"floor":1,"key":"LiquidBronze"},{"floor":10,"key":"Fire Potion"},{"floor":11,"key":"Regen Potion"},{"floor":12,"key":"FocusPotion"},{"floor":16,"key":"Weak Potion"},{"floor":19,"key":"Regen Potion"},{"floor":33,"key":"EntropicBrew"},{"floor":38,"key":"Swift Potion"},{"floor":46,"key":"PowerPotion"}],"is_trial":false,"path_per_floor":["M","?","M","$","M","E","R","E","T","E","M","E","M","?","R","B",null,"M","M","?","$","?","R","E","R","T","R","?","M","M","M","R","B",null,"M","$","?","M","?","R","E","M","T","E","R","M","M","$","R","B","B",null,"R","$","E","B",null],"character_chosen":"DEFECT","items_purchased":["Gash","SteroidPotion","OrangePellets","Glacier","Capacitor"],"campfire_rested":0,"item_purchase_floors":[4,4,21,36,48],"current_hp_per_floor":[64,57,57,57,57,31,31,23,23,23,12,14,14,4,4,4,54,46,31,31,31,24,24,24,24,24,24,24,24,24,24,24,24,24,24,24,24,24,24,24,24,24,24,24,24,24,24,24,24,24,24,24,24,24,8,18],"gold":43,"neow_bonus":"THREE_ENEMY_KILL","is_prod":false,"is_daily":false,"chose_seed":false,"campfire_upgraded":9,"win_rate":0,"timestamp":1557940275,"path_taken":["M","?","?","$","M","E","R","E","T","E","M","E","M","?","R","BOSS","M","?","?","$","?","R","E","R","T","R","?","M","M","M","R","BOSS","M","$","?","M","?","R","E","M","T","E","R","M","?","$","R","BOSS","BOSS","R","$","E","BOSS"],"build_version":"2019-01-23","purchased_purges":3,"victory":true,"max_hp_per_floor":[71,71,71,71,71,71,71,71,71,71,71,71,71,71,71,71,71,71,71,35,35,24,24,24,24,24,24,24,24,24,24,24,24,24,24,24,24,24,24,24,24,24,24,24,24,24,24,24,24,24,24,24,24,24,24,24],"card_choices":[{"not_picked":["Storm","Aggregate"],"picked":"Coolheaded","floor":1},{"not_picked":["Auto Shields","Redo"],"picked":"Compile Driver","floor":3},{"not_picked":["Steam","BootSequence"],"picked":"Streamline","floor":5},{"not_picked":["Rebound","Stack"],"picked":"Conserve Battery","floor":6},{"not_picked":["Steam","Sunder"],"picked":"Biased Cognition","floor":8},{"not_picked":["Gash","Stack","Streamline"],"picked":"SKIP","floor":10},{"not_picked":["Leap","Redo"],"picked":"Ball Lightning","floor":11},{"not_picked":["Rebound","Turbo","Gash"],"picked":"SKIP","floor":12},{"not_picked":["Double Energy","Tempest"],"picked":"Reinforced Body","floor":13},{"not_picked":["Electrodynamics","Amplify"],"picked":"Echo Form","floor":16},{"not_picked":["Scrape","Stack","Reprogram"],"picked":"SKIP","floor":18},{"not_picked":["Beam Cell","Stack"],"picked":"Loop","floor":19},{"not_picked":["Chill","Conserve Battery"],"picked":"Coolheaded","floor":24},{"not_picked":["Gash","Reinforced Body"],"picked":"Defragment","floor":29},{"not_picked":["Stack+1","Conserve Battery","Rebound"],"picked":"SKIP","floor":30},{"not_picked":["Turbo","Consume"],"picked":"Steam","floor":31},{"not_picked":["Biased Cognition","Creative AI"],"picked":"Seek","floor":33},{"not_picked":["Beam Cell","Streamline"],"picked":"FTL","floor":34},{"not_picked":["Conserve Battery","Aggregate"],"picked":"Compile Driver","floor":34},{"not_picked":["Recycle","Streamline"],"picked":"Compile Driver","floor":34},{"not_picked":["Ball Lightning","Rebound"],"picked":"Chill","floor":35},{"not_picked":["Reboot","Sweeping Beam","Rebound"],"picked":"SKIP","floor":38},{"not_picked":["Tempest","Beam Cell","Melter"],"picked":"SKIP","floor":41},{"not_picked":["Darkness","Conserve Battery","Go for the Eyes"],"picked":"Hologram","floor":42},{"not_picked":["Streamline","Meteor Strike","Scrape","Ball Lightning"],"picked":"SKIP","floor":44},{"not_picked":["Go for the Eyes+1","Turbo","Doom and Gloom","Genetic Algorithm"],"picked":"SKIP","floor":46},{"not_picked":["Skim","Gash+1","Barrage"],"picked":"Coolheaded","floor":47},{"not_picked":["Cold Snap+1","Streamline","Lockon"],"picked":"Compile Driver+1","floor":55}],"player_experience":1305707,"relics_obtained":[{"floor":6,"key":"Du-Vu Doll"},{"floor":8,"key":"Symbiotic Virus"},{"floor":9,"key":"Ornamental Fan"},{"floor":10,"key":"Art of War"},{"floor":12,"key":"Dodecahedron"},{"floor":24,"key":"Bronze Scales"},{"floor":26,"key":"Mummified Hand"},{"floor":41,"key":"Question Card"},{"floor":44,"key":"Dead Branch"},{"floor":55,"key":"StoneCalendar"}],"event_choices":[{"damage_healed":0,"gold_gain":50,"player_choice":"Touch","damage_taken":7,"max_hp_gain":0,"max_hp_loss":0,"event_name":"FaceTrader","floor":2,"gold_loss":0},{"damage_healed":0,"gold_gain":0,"player_choice":"Damaged","damage_taken":10,"max_hp_gain":0,"max_hp_loss":0,"event_name":"Wheel of Change","floor":14,"gold_loss":0},{"damage_healed":0,"gold_gain":0,"player_choice":"Became a Ghost","damage_taken":0,"max_hp_gain":0,"max_hp_loss":36,"event_name":"Ghosts","floor":20,"gold_loss":0,"cards_obtained":["Ghostly","Ghostly","Ghostly"]},{"damage_healed":0,"gold_gain":0,"player_choice":"Became a vampire","damage_taken":0,"max_hp_gain":0,"max_hp_loss":11,"event_name":"Vampires","floor":22,"gold_loss":0,"cards_obtained":["Bite","Bite","Bite","Bite","Bite"]},{"damage_healed":0,"gold_gain":0,"player_choice":"Ignored","damage_taken":0,"max_hp_gain":0,"max_hp_loss":0,"event_name":"Cursed Tome","floor":28,"gold_loss":0},{"cards_removed":["Bite"],"damage_healed":0,"gold_gain":0,"player_choice":"Removed Attack","damage_taken":0,"max_hp_gain":0,"max_hp_loss":0,"event_name":"Falling","floor":37,"gold_loss":0},{"damage_healed":0,"gold_gain":0,"player_choice":"Got Potions","damage_taken":0,"max_hp_gain":0,"max_hp_loss":0,"event_name":"Lab","floor":39,"gold_loss":0}],"is_beta":false,"boss_relics":[{"not_picked":["Eternal Feather","FrozenCore"],"picked":"Nuclear Battery"},{"not_picked":["Inserter","Pandora\u0027s Box"],"picked":"Orrery"}],"items_purged_floors":[4,36,48],"is_endless":false,"potions_floor_spawned":[1,10,11,12,16,19,24,30,33,38,42,46],"ascension_level":20}