{"gold_per_floor":[112,112,112,26,53,83,83,118,118,149,203,223,241,252,252,350,350,368,399,303,322,186,216,216,216,243,257,257,284,25,51,51,156,156,168,187,137,186,286,311,311,345,345,21,21,53,3,23,23,23],"floor_reached":51,"playtime":3026,"items_purged":["Pommel Strike","Armaments","Iron Wave"],"score":908,"play_id":"95769103-ec0a-468b-89ab-d6355c98c54d","local_time":"20190427090313","is_ascension_mode":true,"campfire_choices":[{"floor":15,"key":"REST"},{"data":"Exhume","floor":25,"key":"SMITH"},{"floor":32,"key":"REST"},{"data":"Exhume","floor":41,"key":"SMITH"},{"data":"Battle Trance","floor":45,"key":"SMITH"},{"data":"Heavy Blade","floor":49,"key":"SMITH"}],"neow_cost":"NONE","seed_source_timestamp":1323388988616100,"circlet_count":0,"master_deck":["Bash+1","Flame Barrier+1","Shrug It Off","Inflame","Heavy Blade+1","Reaper","Anger","Immolate","Fiend Fire","Twin Strike+1","Thunderclap+1","Anger","Exhume+1","Cleave+1","Flex+1","Whirlwind","Brutality","Exhume+1","Demon Form","Shockwave","Battle Trance+1","Reaper","Rage+1","Shrug It Off+1","Rupture+1","Infernal Blade+1","Sword Boomerang+1"],"relics":["Burning Blood","Smiling Mask","Peace Pipe","Bird Faced Urn","Ice Cream","WingedGreaves","Velvet Choker","Red Mask","Bag of Preparation","Singing Bowl","Anchor","Self Forming Clay","Gremlin Horn","Ornamental Fan","Pandora\u0027s Box","Charon\u0027s Ashes","Dead Branch","Molten Egg 2","Question Card","The Courier","Strange Spoon","Vajra","Dream Catcher"],"potions_floor_usage":[16,16,16,16,19,33,33,33],"damage_taken":[{"damage":18,"enemies":"Jaw Worm","floor":1,"turns":4},{"damage":20,"enemies":"Gremlin Nob","floor":6,"turns":5},{"damage":12,"enemies":"Lagavulin","floor":8,"turns":6},{"damage":18,"enemies":"Gremlin Nob","floor":10,"turns":4},{"damage":10,"enemies":"Small Slimes","floor":12,"turns":3},{"damage":0,"enemies":"2 Louse","floor":13,"turns":2},{"damage":3,"enemies":"Blue Slaver","floor":14,"turns":4},{"damage":38,"enemies":"Hexaghost","floor":16,"turns":10},{"damage":4,"enemies":"Spheric Guardian","floor":18,"turns":4},{"damage":27,"enemies":"Masked Bandits","floor":19,"turns":5},{"damage":0,"enemies":"3 Byrds","floor":21,"turns":2},{"damage":37,"enemies":"Book of Stabbing","floor":23,"turns":5},{"damage":14,"enemies":"3 Cultists","floor":27,"turns":4},{"damage":14,"enemies":"Gremlin Leader","floor":29,"turns":5},{"damage":29,"enemies":"Book of Stabbing","floor":31,"turns":5},{"damage":61,"enemies":"Automaton","floor":33,"turns":10},{"damage":12,"enemies":"Orb Walker","floor":35,"turns":3},{"damage":7,"enemies":"3 Shapes","floor":36,"turns":3},{"damage":40,"enemies":"2 Orb Walkers","floor":38,"turns":5},{"damage":4,"enemies":"Mind Bloom Boss Battle","floor":39,"turns":5},{"damage":47,"enemies":"Nemesis","floor":40,"turns":7},{"damage":45,"enemies":"Reptomancer","floor":42,"turns":5},{"damage":10,"enemies":"Giant Head","floor":46,"turns":7},{"damage":14,"enemies":"Writhing Mass","floor":48,"turns":4},{"damage":44,"enemies":"Time Eater","floor":50,"turns":7}],"seed_played":"7216392044615472059","potions_obtained":[{"floor":1,"key":"SpeedPotion"},{"floor":8,"key":"Weak Potion"},{"floor":10,"key":"EntropicBrew"},{"floor":13,"key":"Regen Potion"},{"floor":19,"key":"Fire Potion"},{"floor":23,"key":"Fire Potion"},{"floor":27,"key":"Swift Potion"},{"floor":29,"key":"AttackPotion"},{"floor":39,"key":"BloodPotion"},{"floor":42,"key":"Swift Potion"},{"floor":46,"key":"Fire Potion"},{"floor":48,"key":"Block Potion"}],"is_trial":false,"path_per_floor":["M","?","?","$","T","E","?","E","T","E","?","M","M","M","R","B",null,"M","?","?","M","$","E","?","R","T","M","?","E","$","E","R","B",null,"M","M","$","?","?","E","R","E","T","$","R","E","$","M","R","B",null],"character_chosen":"IRONCLAD","items_purchased":["Shrug It Off","Inflame","Exhume","Gremlin Horn","Strange Spoon","Vajra"],"campfire_rested":2,"item_purchase_floors":[4,4,22,30,44,44],"current_hp_per_floor":[68,52,57,57,57,43,43,37,37,27,27,28,34,44,69,54,85,85,66,66,72,72,55,55,55,55,77,77,71,71,59,85,37,91,86,89,89,59,65,50,50,68,68,68,68,97,97,91,91,75],"gold":23,"neow_bonus":"UPGRADE_CARD","is_prod":false,"is_daily":false,"chose_seed":false,"campfire_upgraded":4,"win_rate":0,"timestamp":1556370193,"path_taken":["M","?","?","$","?","E","?","E","T","E","?","M","M","?","R","BOSS","M","?","?","?","$","E","?","R","T","M","?","E","$","E","R","BOSS","M","M","$","?","?","E","R","E","T","$","R","E","$","M","R","BOSS"],"build_version":"2019-01-23","purchased_purges":3,"victory":true,"max_hp_per_floor":[80,80,85,85,85,85,85,85,85,85,85,85,85,85,85,85,85,85,85,85,85,85,87,87,87,87,89,89,89,89,89,89,91,91,91,91,91,93,93,95,95,95,95,95,95,97,97,97,97,97],"card_choices":[{"not_picked":["Clothesline","Havoc"],"picked":"Flame Barrier","floor":1},{"not_picked":["Anger","Pommel Strike"],"picked":"Heavy Blade","floor":6},{"not_picked":["Clash","Rage"],"picked":"Armaments","floor":8},{"not_picked":["Sword Boomerang","Anger"],"picked":"Reaper","floor":10},{"not_picked":["Clothesline","Iron Wave"],"picked":"Anger","floor":12},{"not_picked":["Spot Weakness","Bloodletting"],"picked":"Pommel Strike","floor":13},{"not_picked":["Body Slam","Wild Strike"],"picked":"Immolate","floor":14},{"not_picked":["Brutality","Limit Break"],"picked":"Fiend Fire","floor":16},{"not_picked":["Spot Weakness","Flame Barrier"],"picked":"Twin Strike+1","floor":18},{"not_picked":["Carnage","Cleave"],"picked":"Thunderclap+1","floor":19},{"not_picked":["Thunderclap","Perfected Strike+1"],"picked":"Anger","floor":21},{"not_picked":["Heavy Blade","Sentinel","Perfected Strike+1"],"picked":"Singing Bowl","floor":23},{"not_picked":["Dual Wield","Hemokinesis","Bloodletting"],"picked":"Singing Bowl","floor":27},{"not_picked":["Fire Breathing","Rampage"],"picked":"Cleave+1","floor":29},{"not_picked":["Rampage","Havoc"],"picked":"Flex+1","floor":31},{"not_picked":["Double Tap","Impervious","Immolate"],"picked":"Singing Bowl","floor":33},{"not_picked":["Warcry","Wild Strike+1"],"picked":"Rage+1","floor":35},{"not_picked":["Reckless Charge+1","Wild Strike"],"picked":"Shrug It Off+1","floor":36},{"not_picked":["Thunderclap","Heavy Blade+1","Whirlwind"],"picked":"Singing Bowl","floor":38},{"not_picked":["Wild Strike","Rampage+1"],"picked":"Rupture+1","floor":39},{"not_picked":["Perfected Strike+1","Flame Barrier+1","Warcry+1"],"picked":"Singing Bowl","floor":40},{"not_picked":["Uppercut+1","Thunderclap+1"],"picked":"Infernal Blade+1","floor":42},{"not_picked":["Dual Wield","Heavy Blade+1","Bloodletting","Dark Embrace"],"picked":"Singing Bowl","floor":46},{"not_picked":["Burning Pact+1","Headbutt+1","Perfected Strike+1"],"picked":"Sword Boomerang+1","floor":48}],"player_experience":113806,"relics_obtained":[{"floor":5,"key":"Smiling Mask"},{"floor":6,"key":"Peace Pipe"},{"floor":8,"key":"Bird Faced Urn"},{"floor":9,"key":"Ice Cream"},{"floor":10,"key":"WingedGreaves"},{"floor":19,"key":"Red Mask"},{"floor":23,"key":"Singing Bowl"},{"floor":26,"key":"Anchor"},{"floor":29,"key":"Self Forming Clay"},{"floor":31,"key":"Ornamental Fan"},{"floor":38,"key":"Charon\u0027s Ashes"},{"floor":39,"key":"Dead Branch"},{"floor":40,"key":"Molten Egg 2"},{"floor":42,"key":"Question Card"},{"floor":43,"key":"The Courier"},{"floor":46,"key":"Dream Catcher"}],"event_choices":[{"damage_healed":0,"gold_gain":0,"player_choice":"Entered Light","damage_taken":16,"max_hp_gain":0,"max_hp_loss":0,"event_name":"Shining Light","floor":2,"gold_loss":0,"cards_upgraded":["Defend_R","Strike_R"]},{"damage_healed":0,"gold_gain":0,"player_choice":"Donut","damage_taken":0,"max_hp_gain":5,"max_hp_loss":0,"event_name":"Big Fish","floor":3,"gold_loss":0},{"damage_healed":0,"gold_gain":0,"player_choice":"Grow","damage_taken":0,"max_hp_gain":0,"max_hp_loss":0,"event_name":"Living Wall","floor":7,"gold_loss":0,"cards_upgraded":["Flame Barrier"]},{"damage_healed":0,"gold_gain":54,"player_choice":"Gained Gold","damage_taken":0,"max_hp_gain":0,"max_hp_loss":0,"event_name":"Golden Wing","floor":11,"gold_loss":0},{"damage_healed":0,"gold_gain":0,"player_choice":"Fought Bandits","damage_taken":0,"max_hp_gain":0,"max_hp_loss":0,"event_name":"Masked Bandits","floor":19,"gold_loss":0},{"damage_healed":0,"gold_gain":0,"player_choice":"Paid Gold","damage_taken":0,"relics_obtained":["Bag of Preparation"],"max_hp_gain":0,"max_hp_loss":0,"event_name":"WeMeetAgain","floor":20,"gold_loss":96},{"damage_healed":0,"gold_gain":0,"player_choice":"Ignored","damage_taken":0,"max_hp_gain":0,"max_hp_loss":0,"event_name":"Ghosts","floor":24,"gold_loss":0},{"cards_removed":["Strike_R"],"damage_healed":0,"gold_gain":0,"player_choice":"Card Removal","damage_taken":0,"max_hp_gain":0,"max_hp_loss":0,"event_name":"Wheel of Change","floor":28,"gold_loss":0},{"damage_healed":0,"gold_gain":0,"player_choice":"Fight","damage_taken":0,"max_hp_gain":0,"max_hp_loss":0,"event_name":"Mysterious Sphere","floor":38,"gold_loss":0},{"damage_healed":0,"gold_gain":0,"player_choice":"Fight","damage_taken":0,"max_hp_gain":0,"max_hp_loss":0,"event_name":"MindBloom","floor":39,"gold_loss":0}],"is_beta":false,"boss_relics":[{"not_picked":["Astrolabe","Busted Crown"],"picked":"Velvet Choker"},{"not_picked":["Eternal Feather","Orrery"],"picked":"Pandora\u0027s Box"}],"items_purged_floors":[37,44,47],"is_endless":false,"potions_floor_spawned":[1,8,10,13,19,23,27,29,39,42,46,48],"ascension_level":2}