{"gold_per_floor":[13,13,13,29,204,204,233,233,256,31,49,111,181,199,199,296,296,314,239,239,255,269,269,280,280,333,333,359,386,415,432,432,534,534,546,546,564,564,194,194,220,220,246,279,294,294,294,294,294,294,294,294,5,32,32],"floor_reached":56,"playtime":3413,"items_purged":["Doubt"],"score":1391,"play_id":"2801b4ca-d6c8-4115-8cc3-0b7a08cb5ebe","local_time":"20190315115116","is_ascension_mode":true,"campfire_choices":[{"data":"Caltrops","floor":6,"key":"SMITH"},{"data":"Neutralize","floor":8,"key":"SMITH"},{"data":"Bouncing Flask","floor":15,"key":"SMITH"},{"floor":23,"key":"REST"},{"data":"A Thousand Cuts","floor":25,"key":"SMITH"},{"data":"Footwork","floor":32,"key":"SMITH"},{"floor":40,"key":"RECALL"},{"data":"Well Laid Plans","floor":46,"key":"SMITH"},{"data":"After Image","floor":49,"key":"SMITH"},{"data":"Infinite Blades","floor":52,"key":"SMITH"}],"neow_cost":"NO_GOLD","seed_source_timestamp":317815623693312,"circlet_count":0,"master_deck":["Defend_G","Defend_G","Defend_G","Defend_G","Defend_G","Strike_G","Strike_G","Strike_G","Survivor","Neutralize+1","Caltrops+1","Leg Sweep","Crippling Poison","Bouncing Flask+1","PiercingWail","Deadly Poison","A Thousand Cuts+1","Dash","Acrobatics+1","Escape Plan","Backflip","Bane","Footwork+1","Backflip","Deadly Poison+1","After Image+1","Backstab","Well Laid Plans+1","Impatience","Deflect","Distraction+1","Infinite Blades+1","Well Laid Plans","Backflip","Dash"],"relics":["Ring of the Snake","Ice Cream","Juzu Bracelet","PreservedInsect","Bag of Preparation","Happy Flower","Philosopher\u0027s Stone","Enchiridion","Potion Belt","The Specimen","Strawberry","Blood Vial","Eternal Feather","Tough Bandages","Lantern","Bottled Lightning","Snake Skull","Mummified Hand","Oddly Smooth Stone","Mercury Hourglass"],"potions_floor_usage":[7,16,18,28,30,35,55,55,55,55,55],"damage_taken":[{"damage":0,"enemies":"Cultist","floor":1,"turns":4},{"damage":0,"enemies":"Jaw Worm","floor":4,"turns":4},{"damage":24,"enemies":"3 Sentries","floor":7,"turns":13},{"damage":2,"enemies":"Small Slimes","floor":11,"turns":3},{"damage":4,"enemies":"3 Sentries","floor":12,"turns":8},{"damage":0,"enemies":"Exordium Wildlife","floor":14,"turns":4},{"damage":21,"enemies":"Slime Boss","floor":16,"turns":11},{"damage":0,"enemies":"3 Byrds","floor":18,"turns":3},{"damage":0,"enemies":"Chosen","floor":21,"turns":4},{"damage":21,"enemies":"Sentry and Sphere","floor":22,"turns":5},{"damage":0,"enemies":"Snecko","floor":24,"turns":5},{"damage":24,"enemies":"Slavers","floor":28,"turns":4},{"damage":0,"enemies":"Gremlin Leader","floor":30,"turns":6},{"damage":0,"enemies":"Centurion and Healer","floor":31,"turns":7},{"damage":1,"enemies":"Automaton","floor":33,"turns":11},{"damage":11,"enemies":"3 Darklings","floor":35,"turns":4},{"damage":0,"enemies":"Orb Walker","floor":37,"turns":5},{"damage":1,"enemies":"Nemesis","floor":41,"turns":7},{"damage":0,"enemies":"Giant Head","floor":44,"turns":8},{"damage":0,"enemies":"Writhing Mass","floor":45,"turns":5},{"damage":0,"enemies":"Donu and Deca","floor":50,"turns":8},{"damage":0,"enemies":"Shield and Spear","floor":54,"turns":5},{"damage":44,"enemies":"The Heart","floor":55,"turns":8}],"seed_played":"2776037346852859358","potions_obtained":[{"floor":1,"key":"Energy Potion"},{"floor":12,"key":"Dexterity Potion"},{"floor":16,"key":"Block Potion"},{"floor":21,"key":"SteroidPotion"},{"floor":24,"key":"Regen Potion"},{"floor":33,"key":"SkillPotion"},{"floor":35,"key":"Strength Potion"},{"floor":41,"key":"Fire Potion"},{"floor":44,"key":"SteroidPotion"},{"floor":45,"key":"LiquidBronze"},{"floor":54,"key":"Poison Potion"}],"is_trial":false,"path_per_floor":["M","$","?","M","?","R","E","R","T","$","M","?","T","M","R","B",null,"M","$","?","M","M","R","M","R","T","?","E","T","E","M","R","B",null,"M","T","M","?","$","R","E","?","T","E","M","R","?","?","R","B",null,"R","$","E","B",null],"character_chosen":"THE_SILENT","items_purchased":["Bouncing Flask","Bag of Preparation","Well Laid Plans","Lantern","Impatience","Deflect","Well Laid Plans","Backflip","Oddly Smooth Stone","SpeedPotion"],"campfire_rested":1,"item_purchase_floors":[10,10,39,39,39,39,53,53,53,53],"current_hp_per_floor":[70,70,70,70,70,70,46,46,46,46,44,40,40,40,40,19,70,70,70,54,54,33,54,54,54,54,54,44,51,51,53,53,54,77,66,66,68,68,68,77,76,73,73,73,73,73,73,83,83,83,83,83,83,83,39],"gold":32,"neow_bonus":"ONE_RARE_RELIC","is_prod":false,"is_daily":false,"chose_seed":false,"campfire_upgraded":8,"win_rate":0,"timestamp":1552665076,"path_taken":["M","?","?","M","?","R","E","R","T","$","M","?","?","M","R","BOSS","M","?","?","M","M","R","M","R","T","?","E","?","E","M","R","BOSS","M","?","M","?","$","R","E","?","T","E","M","R","?","?","R","BOSS","R","$","E","BOSS"],"build_version":"2019-02-06","purchased_purges":1,"victory":true,"max_hp_per_floor":[70,70,70,70,70,70,70,70,70,70,70,70,70,70,70,70,70,70,70,70,70,70,70,70,70,70,70,70,77,77,77,77,77,77,77,77,77,77,77,77,77,73,73,73,73,73,73,83,83,83,83,83,83,83,83],"card_choices":[{"not_picked":["Underhanded Strike","Bane"],"picked":"Caltrops","floor":1},{"not_picked":["Cloak And Dagger","Backflip"],"picked":"Leg Sweep","floor":4},{"not_picked":["Cloak And Dagger","Prepared"],"picked":"Crippling Poison","floor":7},{"not_picked":["Terror","Quick Slash"],"picked":"PiercingWail","floor":11},{"not_picked":["Backflip","Sucker Punch"],"picked":"Deadly Poison","floor":12},{"not_picked":["Slice","Quick Slash","Finisher"],"picked":"SKIP","floor":14},{"not_picked":["Die Die Die","Unload"],"picked":"A Thousand Cuts","floor":16},{"not_picked":["Outmaneuver+1","Terror"],"picked":"Dash","floor":18},{"not_picked":["Bane","Flying Knee+1"],"picked":"Acrobatics+1","floor":21},{"not_picked":["Quick Slash","Underhanded Strike"],"picked":"Escape Plan","floor":22},{"not_picked":["Bane+1","Tactician"],"picked":"Backflip","floor":24},{"not_picked":["PiercingWail","After Image"],"picked":"Footwork","floor":28},{"not_picked":["Grand Finale","Storm of Steel"],"picked":"Backflip","floor":30},{"not_picked":["Sucker Punch","Concentrate"],"picked":"Deadly Poison+1","floor":31},{"not_picked":["Unload","Corpse Explosion"],"picked":"After Image","floor":33},{"not_picked":["Backflip","Bane+1"],"picked":"Backstab","floor":35},{"not_picked":["Dash+1","Infinite Blades+1"],"picked":"Dagger Spray+1","floor":37},{"not_picked":["Deadly Poison","Dodge and Roll"],"picked":"Distraction+1","floor":41},{"not_picked":["Poisoned Stab","Bane+1","Caltrops"],"picked":"SKIP","floor":44},{"not_picked":["Poisoned Stab+1","Dagger Throw+1"],"picked":"Infinite Blades","floor":45},{"not_picked":["Eviscerate","Outmaneuver"],"picked":"Dash","floor":54}],"player_experience":4898471,"relics_obtained":[{"floor":7,"key":"Juzu Bracelet"},{"floor":9,"key":"PreservedInsect"},{"floor":12,"key":"Happy Flower"},{"floor":20,"key":"Enchiridion"},{"floor":26,"key":"Potion Belt"},{"floor":28,"key":"The Specimen"},{"floor":29,"key":"Strawberry"},{"floor":30,"key":"Blood Vial"},{"floor":36,"key":"Tough Bandages"},{"floor":41,"key":"Bottled Lightning"},{"floor":43,"key":"Snake Skull"},{"floor":44,"key":"Mummified Hand"},{"floor":54,"key":"Mercury Hourglass"}],"event_choices":[{"damage_healed":0,"gold_gain":0,"player_choice":"Leave","damage_taken":0,"max_hp_gain":0,"max_hp_loss":0,"event_name":"The Cleric","floor":3,"gold_loss":0},{"damage_healed":0,"gold_gain":175,"player_choice":"AGREE","damage_taken":0,"max_hp_gain":0,"max_hp_loss":0,"event_name":"Liars Game","floor":5,"gold_loss":0,"cards_obtained":["Doubt"]},{"damage_healed":0,"gold_gain":0,"player_choice":"Searched \u00272\u0027 times","damage_taken":0,"max_hp_gain":0,"max_hp_loss":0,"event_name":"Dead Adventurer","floor":12,"gold_loss":0},{"damage_healed":0,"gold_gain":0,"player_choice":"Obtained Book","damage_taken":16,"max_hp_gain":0,"max_hp_loss":0,"event_name":"Cursed Tome","floor":20,"gold_loss":0},{"damage_healed":0,"gold_gain":0,"cards_transformed":["Strike_G","Strike_G"],"player_choice":"Became Test Subject","damage_taken":0,"max_hp_gain":0,"max_hp_loss":0,"event_name":"Drug Dealer","floor":27,"gold_loss":0,"cards_obtained":["Wraith Form v2","Bane"]},{"damage_healed":0,"gold_gain":0,"player_choice":"Ignored","damage_taken":0,"max_hp_gain":0,"max_hp_loss":0,"event_name":"Tomb of Lord Red Mask","floor":38,"gold_loss":0},{"damage_healed":0,"gold_gain":0,"player_choice":"Max HP","damage_taken":0,"max_hp_gain":0,"max_hp_loss":4,"event_name":"Winding Halls","floor":42,"gold_loss":0},{"cards_removed":["Dagger Spray"],"damage_healed":0,"gold_gain":0,"player_choice":"Removed Attack","damage_taken":0,"max_hp_gain":0,"max_hp_loss":0,"event_name":"Falling","floor":47,"gold_loss":0},{"cards_removed":["Wraith Form v2"],"damage_healed":0,"gold_gain":0,"player_choice":"Offered Rare","damage_taken":0,"max_hp_gain":10,"max_hp_loss":0,"event_name":"Bonfire Elementals","floor":48,"gold_loss":0}],"is_beta":true,"boss_relics":[{"not_picked":["Black Star","Busted Crown"],"picked":"Philosopher\u0027s Stone"},{"not_picked":["Fusion Hammer","HoveringKite"],"picked":"Eternal Feather"}],"items_purged_floors":[19],"is_endless":false,"potions_floor_spawned":[1,12,16,21,24,33,35,41,44,45,54],"ascension_level":1}