{"gold_per_floor":[118,118,134,134,151,151,177,202,202,377,391,408,408,425,425,527,527,545,86,28,39,58,58,87,105,105,105,105,132,92,120,120,219,219,235,247,126,126,126,126,159,159,182,198,99,150,150],"floor_reached":47,"playtime":1666,"items_purged":[],"score":746,"play_id":"7e6d3123-4545-48fe-a963-81e6a081bcb5","local_time":"20181230124853","is_ascension_mode":true,"campfire_choices":[{"data":"Impervious","floor":6,"key":"SMITH"},{"data":"Sword Boomerang","floor":13,"key":"SMITH"},{"data":"Carnage","floor":15,"key":"SMITH"},{"data":"Armaments","floor":23,"key":"SMITH"},{"floor":28,"key":"REST"},{"floor":32,"key":"REST"},{"data":"Feel No Pain","floor":40,"key":"SMITH"}],"neow_cost":"NONE","seed_source_timestamp":749051345064346,"circlet_count":0,"master_deck":["Strike_R","Strike_R","Strike_R","Strike_R","Defend_R","Defend_R","Defend_R","Defend_R+1","Bash","Impervious+1","Cleave","Clothesline","Sword Boomerang+1","Thunderclap","Clothesline","Doubt","Thunderclap","Cleave","Carnage+1","Feed","Battle Trance","Armaments+1","Power Through+1","Finesse","Feel No Pain+1","Perfected Strike","Thunderclap","Shrug It Off+1","Burning Pact","Iron Wave","Barricade","Ghostly Armor","Shrug It Off","Evolve","Writhe","Power Through+1","Wild Strike","Demon Form","Whirlwind+1","Metallicize","Pommel Strike","Feel No Pain"],"relics":["Black Blood","Bottled Lightning","Blood Vial","Odd Mushroom","Mercury Hourglass","Busted Crown","Ornamental Fan","Mango","Blue Candle","Du-Vu Doll","MutagenicStrength","Juzu Bracelet","Red Mask","Kunai","Bronze Scales","Ginger"],"potions_floor_usage":[7,7,8,24,29,31,41,41,46],"damage_taken":[{"damage":0,"enemies":"2 Louse","floor":1,"turns":4},{"damage":8,"enemies":"Jaw Worm","floor":3,"turns":5},{"damage":0,"enemies":"Small Slimes","floor":5,"turns":4},{"damage":6,"enemies":"Gremlin Nob","floor":7,"turns":3},{"damage":10,"enemies":"The Mushroom Lair","floor":8,"turns":3},{"damage":3,"enemies":"3 Louse","floor":11,"turns":3},{"damage":9,"enemies":"Blue Slaver","floor":12,"turns":3},{"damage":5,"enemies":"Exordium Thugs","floor":14,"turns":4},{"damage":66,"enemies":"The Guardian","floor":16,"turns":11},{"damage":19,"enemies":"Shell Parasite","floor":18,"turns":4},{"damage":0,"enemies":"Chosen","floor":21,"turns":3},{"damage":24,"enemies":"Centurion and Healer","floor":22,"turns":7},{"damage":63,"enemies":"Gremlin Leader","floor":24,"turns":6},{"damage":4,"enemies":"Snake Plant","floor":25,"turns":4},{"damage":0,"enemies":"Slavers","floor":29,"turns":5},{"damage":16,"enemies":"Masked Bandits","floor":31,"turns":4},{"damage":73,"enemies":"Collector","floor":33,"turns":13},{"damage":12,"enemies":"3 Darklings","floor":35,"turns":5},{"damage":19,"enemies":"3 Shapes","floor":36,"turns":3},{"damage":13,"enemies":"Nemesis","floor":41,"turns":9},{"damage":42,"enemies":"Sphere and 2 Shapes","floor":44,"turns":6},{"damage":59,"enemies":"2 Orb Walkers","floor":46,"turns":5},{"damage":43,"enemies":"Transient","floor":47,"turns":5}],"seed_played":"-7049413710961537724","potions_obtained":[{"floor":3,"key":"Poison Potion"},{"floor":5,"key":"Explosive Potion"},{"floor":7,"key":"Fire Potion"},{"floor":22,"key":"SkillPotion"},{"floor":24,"key":"Block Potion"},{"floor":25,"key":"Swift Potion"},{"floor":31,"key":"GamblersBrew"},{"floor":36,"key":"Weak Potion"},{"floor":44,"key":"Explosive Potion"}],"is_trial":false,"path_per_floor":["M","?","M","T","M","R","E","?","T","?","M","M","R","M","R","B",null,"M","$","?","M","M","R","E","M","T","?","R","E","?","?","R","B",null,"M","M","$","?","?","R","E","?","T","M","$","?","M"],"character_chosen":"IRONCLAD","items_purchased":["Ornamental Fan","Armaments","Power Through","Finesse","Shrug It Off","Evolve","Metallicize","Pommel Strike"],"campfire_rested":2,"item_purchase_floors":[19,19,19,19,37,37,45,45],"current_hp_per_floor":[78,78,76,76,80,80,80,76,76,76,80,77,77,80,80,20,65,54,54,68,76,63,63,8,12,12,12,41,52,52,47,77,12,80,84,77,77,104,104,104,103,103,103,73,73,26,0],"gold":150,"neow_bonus":"ONE_RANDOM_RARE_CARD","is_prod":false,"is_daily":false,"chose_seed":false,"campfire_upgraded":5,"win_rate":0,"timestamp":1546184933,"path_taken":["M","?","M","?","M","R","E","?","T","?","M","?","R","M","R","BOSS","M","$","?","M","?","R","E","?","T","?","R","E","?","?","R","BOSS","M","M","$","?","?","R","E","?","T","M","?","?","M"],"build_version":"2018-12-20","purchased_purges":0,"victory":false,"max_hp_per_floor":[80,80,80,80,80,80,80,80,80,80,80,80,80,80,80,80,80,80,80,94,94,97,97,97,97,97,97,97,100,100,103,103,103,103,107,107,107,107,107,107,107,107,107,107,107,107,107],"card_choices":[{"not_picked":["True Grit","Rampage"],"picked":"Cleave","floor":1},{"not_picked":["Dropkick","Wild Strike"],"picked":"Clothesline","floor":3},{"not_picked":["Corruption","Hemokinesis"],"picked":"Sword Boomerang","floor":5},{"not_picked":["Combust","Brutality"],"picked":"Thunderclap","floor":7},{"not_picked":["Reckless Charge","Headbutt"],"picked":"Clothesline","floor":8},{"not_picked":["Disarm","Warcry"],"picked":"Thunderclap","floor":11},{"not_picked":["Disarm","Warcry"],"picked":"Cleave","floor":12},{"not_picked":["Anger","Wild Strike"],"picked":"Carnage","floor":14},{"not_picked":["Brutality","Berserk"],"picked":"Feed","floor":16},{"not_picked":[],"picked":"Battle Trance","floor":18},{"not_picked":[],"picked":"Feel No Pain","floor":21},{"not_picked":[],"picked":"Perfected Strike","floor":22},{"not_picked":[],"picked":"Thunderclap","floor":24},{"not_picked":[],"picked":"Shrug It Off+1","floor":25},{"not_picked":[],"picked":"Burning Pact","floor":29},{"not_picked":[],"picked":"Iron Wave","floor":31},{"not_picked":[],"picked":"Barricade","floor":33},{"not_picked":["Blood for Blood+1"],"picked":"SKIP","floor":35},{"not_picked":[],"picked":"Ghostly Armor","floor":36},{"not_picked":[],"picked":"Wild Strike","floor":41},{"not_picked":[],"picked":"Whirlwind+1","floor":44},{"not_picked":[],"picked":"Feel No Pain","floor":46}],"player_experience":570916,"relics_obtained":[{"floor":4,"key":"Bottled Lightning"},{"floor":7,"key":"Blood Vial"},{"floor":8,"key":"Odd Mushroom"},{"floor":9,"key":"Mercury Hourglass"},{"floor":24,"key":"Blue Candle"},{"floor":26,"key":"Du-Vu Doll"},{"floor":29,"key":"Juzu Bracelet"},{"floor":31,"key":"Red Mask"},{"floor":41,"key":"Kunai"},{"floor":43,"key":"Bronze Scales"},{"floor":46,"key":"Ginger"}],"event_choices":[{"damage_healed":0,"gold_gain":0,"player_choice":"Leave","damage_taken":0,"max_hp_gain":0,"max_hp_loss":0,"event_name":"The Cleric","floor":2,"gold_loss":0},{"damage_healed":0,"gold_gain":0,"player_choice":"Fought Mushrooms","damage_taken":0,"max_hp_gain":0,"max_hp_loss":0,"event_name":"Mushrooms","floor":8,"gold_loss":0},{"damage_healed":0,"gold_gain":175,"player_choice":"AGREE","damage_taken":0,"max_hp_gain":0,"max_hp_loss":0,"event_name":"Liars Game","floor":10,"gold_loss":0,"cards_obtained":["Doubt"]},{"damage_healed":0,"gold_gain":0,"player_choice":"Paid Gold","damage_taken":0,"relics_obtained":["Mango"],"max_hp_gain":0,"max_hp_loss":0,"event_name":"WeMeetAgain","floor":20,"gold_loss":58},{"damage_healed":0,"gold_gain":0,"player_choice":"Inject Mutagens","damage_taken":0,"relics_obtained":["MutagenicStrength"],"max_hp_gain":0,"max_hp_loss":0,"event_name":"Drug Dealer","floor":27,"gold_loss":0},{"damage_healed":0,"gold_gain":0,"player_choice":"Upgraded Two","damage_taken":0,"max_hp_gain":0,"max_hp_loss":0,"event_name":"Designer","floor":30,"gold_loss":40,"cards_upgraded":["Defend_R","Power Through"]},{"damage_healed":0,"gold_gain":0,"player_choice":"Fought Bandits","damage_taken":0,"max_hp_gain":0,"max_hp_loss":0,"event_name":"Masked Bandits","floor":31,"gold_loss":0},{"damage_healed":27,"gold_gain":0,"player_choice":"Writhe","damage_taken":0,"max_hp_gain":0,"max_hp_loss":0,"event_name":"Winding Halls","floor":38,"gold_loss":0,"cards_obtained":["Writhe"]},{"damage_healed":0,"gold_gain":0,"player_choice":"Copied","damage_taken":0,"max_hp_gain":0,"max_hp_loss":0,"event_name":"Duplicator","floor":39,"gold_loss":0,"cards_obtained":["Power Through"]},{"damage_healed":0,"gold_gain":0,"cards_transformed":["Strike_R"],"player_choice":"Transformed","damage_taken":0,"max_hp_gain":0,"max_hp_loss":0,"event_name":"Transmorgrifier","floor":42,"gold_loss":0,"cards_obtained":["Demon Form"]},{"damage_healed":0,"gold_gain":0,"player_choice":"Fight","damage_taken":0,"max_hp_gain":0,"max_hp_loss":0,"event_name":"Mysterious Sphere","floor":46,"gold_loss":0}],"is_beta":false,"boss_relics":[{"not_picked":["White Beast Statue","Philosopher\u0027s Stone"],"picked":"Busted Crown"},{"not_picked":["Velvet Choker","Orrery"],"picked":"Black Blood"}],"items_purged_floors":[],"is_endless":false,"potions_floor_spawned":[3,5,7,22,24,25,31,36,44],"killed_by":"Transient","ascension_level":6}