{"gold_per_floor":[114,79,79,98,110,110,142,142,222,16,16,32,32,65,65,162,212,229,248,268,283,298,298,298],"floor_reached":24,"playtime":1011,"items_purged":[],"score":250,"play_id":"56dc5da5-a10a-4013-9ea0-3ff98089f435","local_time":"20181225163935","is_ascension_mode":true,"campfire_choices":[{"data":"Skewer","floor":6,"key":"SMITH"},{"floor":8,"key":"REST"},{"floor":11,"key":"REST"},{"floor":15,"key":"REST"},{"floor":23,"key":"REST"}],"neow_cost":"NONE","seed_source_timestamp":331501367599740,"circlet_count":0,"master_deck":["Defend_G+1","Defend_G+1","Defend_G","Defend_G+1","Strike_G","Strike_G","Strike_G","Strike_G","Strike_G","Survivor","Neutralize","Predator","Outmaneuver+1","Terror","Poisoned Stab","Skewer+1","Backstab","Bouncing Flask","Dagger Spray","Dramatic Entrance","Dash","Poisoned Stab","Corpse Explosion","Noxious Fumes","Cloak And Dagger+1","Dodge and Roll","Well Laid Plans","Quick Slash","Caltrops"],"relics":["Ring of the Snake","War Paint","Dodecahedron","Paper Crane","Tiny House"],"potions_floor_usage":[14,18,19,24,24],"damage_taken":[{"damage":2,"enemies":"Cultist","floor":1,"turns":4},{"damage":6,"enemies":"Small Slimes","floor":4,"turns":4},{"damage":3,"enemies":"Jaw Worm","floor":5,"turns":4},{"damage":36,"enemies":"Gremlin Nob","floor":7,"turns":4},{"damage":8,"enemies":"Looter","floor":12,"turns":2},{"damage":10,"enemies":"3 Sentries","floor":14,"turns":6},{"damage":40,"enemies":"The Guardian","floor":16,"turns":9},{"damage":0,"enemies":"3 Byrds","floor":18,"turns":2},{"damage":0,"enemies":"2 Thieves","floor":19,"turns":4},{"damage":11,"enemies":"Sentry and Sphere","floor":20,"turns":3},{"damage":31,"enemies":"Centurion and Healer","floor":21,"turns":5},{"damage":30,"enemies":"Chosen and Byrds","floor":22,"turns":6},{"damage":40,"enemies":"Gremlin Leader","floor":24,"turns":7}],"seed_played":"6296647681158619920","potions_obtained":[{"floor":1,"key":"FairyPotion"},{"floor":7,"key":"EssenceOfSteel"},{"floor":14,"key":"Poison Potion"},{"floor":17,"key":"Ancient Potion"},{"floor":18,"key":"Block Potion"},{"floor":21,"key":"FearPotion"},{"floor":22,"key":"AttackPotion"}],"is_trial":false,"path_per_floor":["M","$","?","M","M","R","E","R","T","$","R","M","$","E","R","B",null,"M","M","M","M","M","R","E"],"character_chosen":"THE_SILENT","items_purchased":["Terror","Bouncing Flask","Dagger Spray","Dramatic Entrance"],"campfire_rested":4,"item_purchase_floors":[2,10,10,10],"current_hp_per_floor":[68,68,68,62,59,59,23,44,44,44,65,57,57,47,68,28,75,75,75,64,33,3,25,0],"gold":298,"neow_bonus":"TRANSFORM_CARD","is_prod":false,"is_daily":false,"chose_seed":false,"campfire_upgraded":1,"win_rate":0,"timestamp":1545766775,"path_taken":["M","?","?","?","M","R","E","R","T","$","R","M","$","E","R","BOSS","M","M","M","M","M","R","E"],"build_version":"2018-12-20","purchased_purges":0,"victory":false,"max_hp_per_floor":[70,70,70,70,70,70,70,70,70,70,70,70,70,70,70,70,75,75,75,75,75,75,75,75],"card_choices":[{"not_picked":["Endless Agony","Dagger Throw"],"picked":"Outmaneuver","floor":1},{"not_picked":["Expertise","Infinite Blades"],"picked":"Poisoned Stab","floor":4},{"not_picked":["Sucker Punch","Heel Hook"],"picked":"Skewer","floor":5},{"not_picked":["Deflect","Bane"],"picked":"Backstab","floor":7},{"not_picked":["Dagger Spray","Riddle With Holes"],"picked":"Dash","floor":12},{"not_picked":["Slice","Eviscerate"],"picked":"Poisoned Stab","floor":14},{"not_picked":["Burst","Tools of the Trade"],"picked":"Corpse Explosion","floor":16},{"not_picked":["Deflect","Quick Slash"],"picked":"Noxious Fumes","floor":17},{"not_picked":["Predator","Prepared+1"],"picked":"Cloak And Dagger+1","floor":18},{"not_picked":["Dagger Throw","Eviscerate"],"picked":"Dodge and Roll","floor":19},{"not_picked":["Heel Hook","Poisoned Stab"],"picked":"Well Laid Plans","floor":20},{"not_picked":["Reflex","Heel Hook"],"picked":"Quick Slash","floor":21},{"not_picked":["Dagger Throw","Choke"],"picked":"Caltrops","floor":22}],"player_experience":532240,"relics_obtained":[{"floor":7,"key":"War Paint"},{"floor":9,"key":"Dodecahedron"},{"floor":14,"key":"Paper Crane"}],"event_choices":[{"damage_healed":0,"gold_gain":0,"player_choice":"Grow","damage_taken":0,"max_hp_gain":0,"max_hp_loss":0,"event_name":"Living Wall","floor":3,"gold_loss":0,"cards_upgraded":["Outmaneuver"]}],"is_beta":false,"boss_relics":[{"not_picked":["Velvet Choker","Snecko Eye"],"picked":"Tiny House"}],"items_purged_floors":[],"is_endless":false,"potions_floor_spawned":[1,7,14,18,21,22],"killed_by":"Gremlin Leader","ascension_level":4}