{"gold_per_floor":[114,114,44,44,44,69,69,83,107,107,126,42,68,168,168,268,268,280,280,298,9,24,24,55,55,104,104,104,33,67,80,80,175,175,189,189,209,219,23,23],"floor_reached":40,"playtime":1744,"items_purged":[],"score":520,"play_id":"8fb6bd4b-ffdd-47b8-ab57-818193154504","local_time":"20190514113725","is_ascension_mode":true,"campfire_choices":[{"data":"Terror","floor":7,"key":"SMITH"},{"floor":10,"key":"REST"},{"data":"Poisoned Stab","floor":15,"key":"SMITH"},{"data":"Bane","floor":23,"key":"SMITH"},{"floor":25,"key":"REST"},{"floor":27,"key":"DIG"},{"floor":32,"key":"REST"}],"neow_cost":"NONE","seed_source_timestamp":498007070215100,"circlet_count":0,"master_deck":["Defend_G","Defend_G","Defend_G","Defend_G","Defend_G","Strike_G","Strike_G","Strike_G","Strike_G","Strike_G+1","Survivor","Neutralize+1","Dagger Throw","Terror+1","Expertise","Poisoned Stab+1","Deadly Poison","Well Laid Plans","Bane+1","Cloak And Dagger+1","Storm of Steel+1","Crippling Poison+1","Deadly Poison+1","Outmaneuver+1","Tactician+1","Bane+1","Accuracy","Distraction+1","After Image","Adrenaline+1","Dash+1","Mayhem","Cloak And Dagger+1","Eviscerate+1","Apotheosis+1","Poisoned Stab"],"relics":["Ring of the Snake","Pen Nib","Centennial Puzzle","Toxic Egg 2","Lizard Tail","Gremlin Horn","Shovel","Oddly Smooth Stone","Art of War","Bag of Preparation","HoveringKite"],"potions_floor_usage":[13,30,33,33,35,40],"damage_taken":[{"damage":0,"enemies":"Small Slimes","floor":1,"turns":3},{"damage":22,"enemies":"Lagavulin","floor":6,"turns":5},{"damage":1,"enemies":"2 Louse","floor":8,"turns":2},{"damage":0,"enemies":"Cultist","floor":11,"turns":3},{"damage":8,"enemies":"Gremlin Nob","floor":13,"turns":3},{"damage":18,"enemies":"The Guardian","floor":16,"turns":9},{"damage":16,"enemies":"2 Thieves","floor":18,"turns":3},{"damage":4,"enemies":"Chosen","floor":20,"turns":3},{"damage":7,"enemies":"Centurion and Healer","floor":22,"turns":5},{"damage":39,"enemies":"Book of Stabbing","floor":24,"turns":5},{"damage":5,"enemies":"Colosseum Slavers","floor":28,"turns":2},{"damage":10,"enemies":"Gremlin Leader","floor":30,"turns":3},{"damage":9,"enemies":"Snake Plant","floor":31,"turns":3},{"damage":24,"enemies":"Collector","floor":33,"turns":9},{"damage":1,"enemies":"3 Darklings","floor":35,"turns":4},{"damage":0,"enemies":"Orb Walker","floor":37,"turns":2},{"damage":70,"enemies":"Writhing Mass","floor":38,"turns":6},{"damage":60,"enemies":"Reptomancer","floor":40,"turns":2}],"seed_played":"-6146047836376342997","potions_obtained":[{"floor":6,"key":"Fire Potion"},{"floor":8,"key":"SteroidPotion"},{"floor":13,"key":"Weak Potion"},{"floor":18,"key":"Fire Potion"},{"floor":31,"key":"SpeedPotion"},{"floor":33,"key":"Explosive Potion"},{"floor":37,"key":"LiquidBronze"},{"floor":38,"key":"PowerPotion"}],"is_trial":false,"path_per_floor":["M","?","$","?","$","E","R","M","T","R","M","$","E","?","R","B",null,"M","?","M","$","M","R","E","R","T","R","?","$","E","M","R","B",null,"M","?","M","M","$","E"],"character_chosen":"THE_SILENT","items_purchased":["Terror","Well Laid Plans","Bane","Gremlin Horn","Outmaneuver+1","Accuracy","Apotheosis+1","Poisoned Stab"],"campfire_rested":3,"item_purchase_floors":[3,12,12,21,21,29,39,39],"current_hp_per_floor":[70,56,56,61,61,39,39,38,38,60,60,60,52,52,52,34,75,59,59,55,55,48,48,9,31,31,31,26,26,16,7,29,5,75,74,74,74,4,4,0],"gold":23,"neow_bonus":"RANDOM_COMMON_RELIC","is_prod":false,"is_daily":false,"chose_seed":false,"campfire_upgraded":3,"win_rate":0,"timestamp":1557848245,"path_taken":["M","?","$","?","$","E","R","M","T","R","M","$","E","?","R","BOSS","M","?","M","$","M","R","E","R","T","R","?","?","E","?","R","BOSS","M","?","M","M","$","E"],"build_version":"2019-01-23","purchased_purges":0,"victory":false,"max_hp_per_floor":[70,70,70,75,75,75,75,75,75,75,75,75,75,75,75,75,75,75,75,75,75,75,75,75,75,75,75,75,75,75,75,75,75,75,75,75,75,75,75,75],"card_choices":[{"not_picked":["Bane","Outmaneuver"],"picked":"Dagger Throw","floor":1},{"not_picked":["Outmaneuver","Tactician"],"picked":"Expertise","floor":6},{"not_picked":["Acrobatics","Backflip"],"picked":"Poisoned Stab","floor":8},{"not_picked":["Slice","Grand Finale"],"picked":"Deadly Poison","floor":11},{"not_picked":["Slice","Dagger Spray"],"picked":"Cloak And Dagger","floor":13},{"not_picked":["Grand Finale","Tools of the Trade"],"picked":"Storm of Steel+1","floor":16},{"not_picked":["Flying Knee","Concentrate+1"],"picked":"Crippling Poison+1","floor":18},{"not_picked":["Quick Slash","Prepared+1"],"picked":"Deadly Poison+1","floor":20},{"not_picked":["Sucker Punch","Backstab"],"picked":"Tactician+1","floor":22},{"not_picked":["Riddle With Holes","Flying Knee+1"],"picked":"Bane+1","floor":24},{"not_picked":["Cloak And Dagger+1","All Out Attack"],"picked":"Distraction+1","floor":30},{"not_picked":["Flying Knee","Masterful Stab"],"picked":"After Image","floor":31},{"not_picked":["Glass Knife","Bullet Time+1"],"picked":"Adrenaline+1","floor":33},{"not_picked":["Bane+1","Outmaneuver+1"],"picked":"Dash+1","floor":35},{"not_picked":["Good Instincts+1","Deep Breath+1"],"picked":"Mayhem","floor":36},{"not_picked":["Masterful Stab+1","Terror+1"],"picked":"Cloak And Dagger+1","floor":37},{"not_picked":["Bouncing Flask+1","Quick Slash"],"picked":"Eviscerate+1","floor":38}],"player_experience":186714,"relics_obtained":[{"floor":6,"key":"Centennial Puzzle"},{"floor":13,"key":"Toxic Egg 2"},{"floor":24,"key":"Shovel"},{"floor":26,"key":"Oddly Smooth Stone"},{"floor":27,"key":"Art of War"},{"floor":30,"key":"Bag of Preparation"}],"event_choices":[{"damage_healed":0,"gold_gain":0,"player_choice":"Entered Light","damage_taken":14,"max_hp_gain":0,"max_hp_loss":0,"event_name":"Shining Light","floor":2,"gold_loss":0,"cards_upgraded":["Neutralize","Strike_G"]},{"damage_healed":0,"gold_gain":0,"player_choice":"Donut","damage_taken":0,"max_hp_gain":5,"max_hp_loss":0,"event_name":"Big Fish","floor":4,"gold_loss":0},{"damage_healed":0,"gold_gain":100,"player_choice":"Gold","damage_taken":0,"max_hp_gain":0,"max_hp_loss":0,"event_name":"Wheel of Change","floor":14,"gold_loss":0},{"damage_healed":0,"gold_gain":0,"player_choice":"Ignored","damage_taken":0,"max_hp_gain":0,"max_hp_loss":0,"event_name":"Cursed Tome","floor":19,"gold_loss":0},{"damage_healed":0,"gold_gain":0,"player_choice":"Fight","damage_taken":0,"max_hp_gain":0,"max_hp_loss":0,"event_name":"Colosseum","floor":28,"gold_loss":0},{"damage_healed":0,"gold_gain":0,"player_choice":"Fled From Nobs","damage_taken":0,"max_hp_gain":0,"max_hp_loss":0,"event_name":"Colosseum","floor":28,"gold_loss":0},{"damage_healed":0,"gold_gain":0,"player_choice":"Memory 1","damage_taken":0,"max_hp_gain":0,"max_hp_loss":0,"event_name":"SensoryStone","floor":36,"gold_loss":0}],"is_beta":false,"boss_relics":[{"not_picked":["Velvet Choker","Busted Crown"],"picked":"Lizard Tail"},{"not_picked":["Snecko Eye","Astrolabe"],"picked":"HoveringKite"}],"items_purged_floors":[],"is_endless":false,"potions_floor_spawned":[6,8,13,18,28,31,33,37,38],"killed_by":"Reptomancer","ascension_level":3}