{"gold_per_floor":[115,190,204,204,220,220,236,264,264,229,264,284,299,115,115,218,218,235,150,75,49,61,61,91,91,117,135,36,36],"floor_reached":29,"playtime":711,"items_purged":[],"score":329,"play_id":"b960c721-390a-4ad9-adfe-559eb13f573e","local_time":"20181231032216","is_ascension_mode":true,"campfire_choices":[{"data":"Armaments","floor":6,"key":"SMITH"},{"floor":15,"key":"REST"},{"data":"Demon Form","floor":23,"key":"SMITH"},{"floor":25,"key":"REST"}],"neow_cost":"NONE","seed_source_timestamp":802414634663234,"circlet_count":0,"master_deck":["Strike_R+1","Strike_R","Strike_R+1","Strike_R","Strike_R","Defend_R","Defend_R","Defend_R","Defend_R","Bash","Offering","Spot Weakness","Thunderclap","Forethought","Armaments+1","Iron Wave","Flex","Headbutt+1","Headbutt+1","Cleave+1","Spot Weakness","Twin Strike+1","Metallicize","Demon Form+1","Parasite","Shame","Pummel+1","Armaments","Rampage+1","Wild Strike+1","Battle Trance+1","Armaments","Wild Strike+1"],"relics":["Burning Blood","Molten Egg 2","Matryoshka","Oddly Smooth Stone","Calling Bell","Red Skull","Mummified Hand","Ginger","Pear","Pantograph","Ancient Tea Set","Whetstone"],"potions_floor_usage":[8,16,18,24,24],"damage_taken":[{"damage":7,"enemies":"Cultist","floor":1,"turns":3},{"damage":0,"enemies":"Small Slimes","floor":3,"turns":3},{"damage":15,"enemies":"2 Louse","floor":5,"turns":2},{"damage":6,"enemies":"2 Fungi Beasts","floor":7,"turns":2},{"damage":20,"enemies":"Lagavulin","floor":8,"turns":5},{"damage":41,"enemies":"3 Sentries","floor":11,"turns":6},{"damage":6,"enemies":"3 Louse","floor":12,"turns":3},{"damage":6,"enemies":"Exordium Wildlife","floor":13,"turns":3},{"damage":28,"enemies":"The Guardian","floor":16,"turns":9},{"damage":36,"enemies":"Shell Parasite","floor":18,"turns":5},{"damage":6,"enemies":"Spheric Guardian","floor":22,"turns":1},{"damage":45,"enemies":"Gremlin Leader","floor":24,"turns":5},{"damage":16,"enemies":"3 Cultists","floor":27,"turns":4},{"damage":30,"enemies":"Book of Stabbing","floor":29,"turns":4}],"seed_played":"3962266746129498040","potions_obtained":[{"floor":5,"key":"LiquidBronze"},{"floor":8,"key":"Weak Potion"},{"floor":11,"key":"Fire Potion"},{"floor":12,"key":"AttackPotion"},{"floor":22,"key":"Dexterity Potion"}],"is_trial":false,"path_per_floor":["M","?","M","?","M","R","M","E","T","?","E","M","M","$","R","B",null,"M","?","?","$","M","R","E","R","T","M","$","E"],"character_chosen":"IRONCLAD","items_purchased":["Spot Weakness","Twin Strike+1","Metallicize","Armaments","Armaments","Wild Strike+1"],"campfire_rested":2,"item_purchase_floors":[14,14,14,21,28,28],"current_hp_per_floor":[71,60,66,66,57,57,57,43,43,63,28,28,28,28,52,30,68,38,48,48,48,48,48,9,36,36,26,26,0],"gold":36,"neow_bonus":"ONE_RANDOM_RARE_CARD","is_prod":false,"is_daily":false,"chose_seed":false,"campfire_upgraded":2,"win_rate":0,"timestamp":1546237336,"path_taken":["M","?","M","?","?","R","M","E","T","?","E","M","M","$","R","BOSS","M","?","?","?","M","R","E","R","T","?","?","E"],"build_version":"2018-12-20","purchased_purges":0,"victory":false,"max_hp_per_floor":[80,80,80,80,80,80,80,80,80,80,80,80,80,80,80,80,80,80,90,90,90,90,90,90,90,90,90,90,90],"card_choices":[{"not_picked":["Warcry","Inflame"],"picked":"Spot Weakness","floor":1},{"not_picked":["Second Wind","Hemokinesis"],"picked":"Thunderclap","floor":3},{"not_picked":["Second Wind","Perfected Strike"],"picked":"Armaments","floor":5},{"not_picked":["Hemokinesis","Combust"],"picked":"Iron Wave","floor":7},{"not_picked":["Sever Soul","Second Wind"],"picked":"Flex","floor":8},{"not_picked":["Shockwave","Clash+1"],"picked":"Headbutt+1","floor":11},{"not_picked":["Seeing Red","Sword Boomerang+1"],"picked":"Headbutt+1","floor":12},{"not_picked":["Wild Strike+1","Anger+1"],"picked":"Cleave+1","floor":13},{"not_picked":["Fiend Fire+1","Double Tap"],"picked":"Demon Form","floor":16},{"not_picked":["Rupture","Clothesline+1"],"picked":"Pummel+1","floor":18},{"not_picked":["Twin Strike+1","Dropkick+1"],"picked":"Rampage+1","floor":22},{"not_picked":["Iron Wave+1","Evolve"],"picked":"Wild Strike+1","floor":24},{"not_picked":["Thunderclap+1","Juggernaut"],"picked":"Battle Trance+1","floor":27}],"player_experience":585420,"relics_obtained":[{"floor":8,"key":"Molten Egg 2"},{"floor":9,"key":"Matryoshka"},{"floor":11,"key":"Oddly Smooth Stone"},{"floor":17,"key":"Red Skull"},{"floor":17,"key":"Mummified Hand"},{"floor":17,"key":"Ginger"},{"floor":24,"key":"Pantograph"},{"floor":26,"key":"Ancient Tea Set"},{"floor":26,"key":"Whetstone"}],"event_choices":[{"damage_healed":0,"gold_gain":75,"player_choice":"Gather Gold","damage_taken":11,"max_hp_gain":0,"max_hp_loss":0,"event_name":"World of Goop","floor":2,"gold_loss":0},{"damage_healed":0,"gold_gain":0,"player_choice":"1 cards matched","damage_taken":0,"max_hp_gain":0,"max_hp_loss":0,"event_name":"Match and Keep!","floor":4,"gold_loss":0,"cards_obtained":["Forethought"]},{"damage_healed":20,"gold_gain":0,"player_choice":"Healed","damage_taken":0,"max_hp_gain":0,"max_hp_loss":0,"event_name":"The Cleric","floor":10,"gold_loss":35},{"damage_healed":0,"gold_gain":0,"player_choice":"Obtained Relic","damage_taken":0,"relics_obtained":["Pear"],"max_hp_gain":0,"max_hp_loss":0,"event_name":"Addict","floor":19,"gold_loss":85},{"cards_removed":["Regret"],"damage_healed":0,"gold_gain":0,"player_choice":"Gave Gold","damage_taken":0,"max_hp_gain":0,"max_hp_loss":0,"event_name":"Beggar","floor":20,"gold_loss":75}],"is_beta":false,"boss_relics":[{"not_picked":["White Beast Statue","Black Star"],"picked":"Calling Bell"}],"items_purged_floors":[],"is_endless":false,"potions_floor_spawned":[5,8,11,12,13,22],"killed_by":"Book of Stabbing","ascension_level":6}