{"gold_per_floor":[112,112,128,148,223,223,223,248,328,328,346,59,75,89,89,164,164,179,179,193,21,33,33,43,43,43,53,72,72,72,101,101,101],"floor_reached":33,"playtime":1625,"items_purged":[],"score":498,"play_id":"250cc191-ef55-457b-b84e-24666aa54e36","local_time":"20190214121007","is_ascension_mode":true,"campfire_choices":[{"data":"Zap","floor":6,"key":"SMITH"},{"data":"Sunder","floor":10,"key":"SMITH"},{"floor":15,"key":"REST"},{"data":"Biased Cognition","floor":23,"key":"SMITH"},{"floor":25,"key":"REST"},{"data":"Hologram","floor":32,"key":"SMITH"}],"neow_cost":"NONE","seed_source_timestamp":89445333223257,"circlet_count":0,"master_deck":["AscendersBane","Strike_B","Strike_B","Strike_B","Defend_B","Defend_B","Defend_B","Defend_B","Zap+1","Dualcast","Beam Cell+1","Compile Driver","Sweeping Beam+1","Sunder+1","Self Repair","Conserve Battery","Steam","Capacitor","Chill","Biased Cognition+1","Hologram+1","Doom and Gloom","Chill","Biased Cognition+1"],"relics":["Cracked Core","Sundial","ClockworkSouvenir","Cursed Key","Nloth\u0027s Gift","Whetstone","Happy Flower"],"potions_floor_usage":[13,16,18,20,27,33,33],"damage_taken":[{"damage":3,"enemies":"2 Louse","floor":1,"turns":3},{"damage":2,"enemies":"Jaw Worm","floor":3,"turns":4},{"damage":6,"enemies":"Small Slimes","floor":4,"turns":3},{"damage":15,"enemies":"3 Sentries","floor":8,"turns":6},{"damage":6,"enemies":"Looter","floor":11,"turns":2},{"damage":7,"enemies":"Gremlin Gang","floor":13,"turns":3},{"damage":6,"enemies":"3 Louse","floor":14,"turns":3},{"damage":21,"enemies":"The Guardian","floor":16,"turns":10},{"damage":0,"enemies":"3 Byrds","floor":18,"turns":5},{"damage":18,"enemies":"Chosen","floor":20,"turns":4},{"damage":8,"enemies":"Snecko","floor":22,"turns":5},{"damage":17,"enemies":"Centurion and Healer","floor":24,"turns":5},{"damage":8,"enemies":"Shelled Parasite and Fungi","floor":27,"turns":5},{"damage":2,"enemies":"Cultist and Chosen","floor":28,"turns":5},{"damage":29,"enemies":"Book of Stabbing","floor":31,"turns":5},{"damage":58,"enemies":"Automaton","floor":33,"turns":6}],"seed_played":"-7743451103188546227","potions_obtained":[{"floor":1,"key":"SpeedPotion"},{"floor":8,"key":"AttackPotion"},{"floor":13,"key":"SpeedPotion"},{"floor":16,"key":"LiquidBronze"},{"floor":18,"key":"Ancient Potion"},{"floor":20,"key":"Strength Potion"},{"floor":27,"key":"Ancient Potion"}],"is_trial":false,"path_per_floor":["M","?","M","M","?","R","?","E","T","R","M","$","M","M","R","B",null,"M","?","M","$","M","R","M","R","T","M","M","?","?","E","R","B"],"character_chosen":"DEFECT","items_purchased":["Conserve Battery","ClockworkSouvenir","Whetstone"],"campfire_rested":2,"item_purchase_floors":[12,12,21],"current_hp_per_floor":[61,61,59,53,42,42,42,27,27,27,21,21,21,22,43,29,61,68,68,57,57,56,56,46,67,67,66,71,71,71,49,49,0],"gold":101,"neow_bonus":"REMOVE_CARD","is_prod":false,"is_daily":false,"chose_seed":false,"campfire_upgraded":4,"win_rate":0,"timestamp":1550146207,"path_taken":["M","?","M","M","?","R","?","E","T","R","M","$","M","M","R","BOSS","M","?","M","$","?","R","M","R","T","M","M","?","?","E","R","BOSS"],"build_version":"2019-02-06","purchased_purges":0,"victory":false,"max_hp_per_floor":[71,71,71,71,71,71,71,71,71,71,71,71,71,71,71,71,71,71,71,71,71,71,71,71,71,71,71,71,71,71,71,71,71],"card_choices":[{"not_picked":["Static Discharge","Steam"],"picked":"Beam Cell","floor":1},{"not_picked":["Meteor Strike","Double Energy"],"picked":"Compile Driver","floor":3},{"not_picked":["Beam Cell","Melter"],"picked":"Sweeping Beam","floor":4},{"not_picked":["Loop","Force Field"],"picked":"Sunder","floor":8},{"not_picked":["FTL","Fusion"],"picked":"Self Repair","floor":11},{"not_picked":["Defragment","Fusion"],"picked":"Steam","floor":13},{"not_picked":["Cold Snap","Rip and Tear"],"picked":"Capacitor","floor":14},{"not_picked":["Streamline","Beam Cell"],"picked":"Chill","floor":15},{"not_picked":["Multi-Cast","Amplify"],"picked":"Biased Cognition","floor":16},{"not_picked":["Gash","Conserve Battery","Redo"],"picked":"SKIP","floor":18},{"not_picked":["Conserve Battery","Go for the Eyes"],"picked":"Hologram","floor":20},{"not_picked":["Rebound","Conserve Battery","Steam"],"picked":"SKIP","floor":22},{"not_picked":["Hello World","Turbo+1"],"picked":"Doom and Gloom","floor":24},{"not_picked":["Turbo","Lockon","Conserve Battery"],"picked":"SKIP","floor":27},{"not_picked":["Leap","FTL"],"picked":"Chill","floor":28},{"not_picked":["Barrage","Meteor Strike","Fission"],"picked":"SKIP","floor":31}],"player_experience":905005,"relics_obtained":[{"floor":8,"key":"Dream Catcher"},{"floor":9,"key":"Sundial"},{"floor":31,"key":"Happy Flower"}],"event_choices":[{"damage_healed":0,"gold_gain":0,"player_choice":"Ignored","damage_taken":0,"max_hp_gain":0,"max_hp_loss":0,"event_name":"Liars Game","floor":2,"gold_loss":0},{"damage_healed":0,"gold_gain":75,"player_choice":"Gather Gold","damage_taken":11,"max_hp_gain":0,"max_hp_loss":0,"event_name":"World of Goop","floor":5,"gold_loss":0},{"damage_healed":0,"gold_gain":0,"player_choice":"Fled","damage_taken":0,"max_hp_gain":0,"max_hp_loss":0,"event_name":"Scrap Ooze","floor":7,"gold_loss":0},{"damage_healed":0,"gold_gain":0,"player_choice":"Traded Relic","damage_taken":0,"relics_obtained":["Nloth\u0027s Gift"],"max_hp_gain":0,"max_hp_loss":0,"event_name":"N\u0027loth","floor":19,"relics_lost":["Dream Catcher"],"gold_loss":0},{"damage_healed":0,"gold_gain":0,"player_choice":"Ignored","damage_taken":0,"max_hp_gain":0,"max_hp_loss":0,"event_name":"Vampires","floor":29,"gold_loss":0},{"damage_healed":0,"gold_gain":0,"player_choice":"Copied","damage_taken":0,"max_hp_gain":0,"max_hp_loss":0,"event_name":"Duplicator","floor":30,"gold_loss":0,"cards_obtained":["Biased Cognition"]}],"is_beta":true,"boss_relics":[{"not_picked":["Coffee Dripper","Busted Crown"],"picked":"Cursed Key"}],"items_purged_floors":[],"is_endless":false,"potions_floor_spawned":[1,8,13,16,18,20,22,27],"killed_by":"Automaton","ascension_level":17}