{"gold_per_floor":[114,114,133,146,146,146,146,146,146,180,180,198,198,273,273,376,376,387,399,417,417,516,516],"floor_reached":23,"playtime":716,"items_purged":[],"score":302,"play_id":"e022bc8c-efb2-4e13-bb44-3efe98f454d6","local_time":"20190321112559","is_ascension_mode":true,"campfire_choices":[{"data":"Hologram","floor":6,"key":"SMITH"},{"data":"Gash","floor":8,"key":"SMITH"},{"floor":11,"key":"REST"},{"data":"Cold Snap","floor":13,"key":"SMITH"},{"floor":15,"key":"REST"}],"neow_cost":"NONE","seed_source_timestamp":40847114534153,"circlet_count":0,"master_deck":["AscendersBane","Strike_B","Strike_B","Strike_B","Strike_B","Defend_B","Defend_B","Defend_B","Defend_B","Zap+1","Dualcast","Hologram+1","Gash+1","Cold Snap+1","All For One","Leap","Hologram"],"relics":["Cracked Core","Singing Bowl","Cables","The Courier","Ornamental Fan","Philosopher\u0027s Stone","MutagenicStrength"],"potions_floor_usage":[23],"damage_taken":[{"damage":4,"enemies":"Jaw Worm","floor":1,"turns":3},{"damage":9,"enemies":"Small Slimes","floor":3,"turns":3},{"damage":4,"enemies":"Cultist","floor":4,"turns":3},{"damage":33,"enemies":"Gremlin Nob","floor":10,"turns":4},{"damage":6,"enemies":"Red Slaver","floor":12,"turns":3},{"damage":34,"enemies":"The Guardian","floor":16,"turns":12},{"damage":4,"enemies":"Chosen","floor":18,"turns":3},{"damage":15,"enemies":"Spheric Guardian","floor":19,"turns":4},{"damage":28,"enemies":"3 Cultists","floor":20,"turns":5},{"damage":22,"enemies":"Book of Stabbing","floor":23,"turns":3}],"seed_played":"8600353036363073703","potions_obtained":[{"floor":1,"key":"SteroidPotion"},{"floor":16,"key":"EssenceOfSteel"},{"floor":18,"key":"PowerPotion"}],"is_trial":false,"path_per_floor":["M","?","M","M","T","R","?","R","T","E","R","M","R","?","R","B",null,"M","M","M","?","?","E"],"character_chosen":"DEFECT","items_purchased":[],"campfire_rested":2,"item_purchase_floors":[],"current_hp_per_floor":[64,64,57,53,53,53,53,53,53,20,43,39,39,28,51,17,64,60,47,19,19,19,0],"gold":516,"neow_bonus":"UPGRADE_CARD","is_prod":false,"is_daily":false,"chose_seed":false,"campfire_upgraded":3,"win_rate":0,"timestamp":1553178359,"path_taken":["M","?","M","M","?","R","?","R","T","E","R","M","R","?","R","BOSS","M","M","M","?","?","E"],"build_version":"2019-01-23","purchased_purges":0,"victory":false,"max_hp_per_floor":[75,75,77,77,77,77,77,77,77,77,77,79,79,79,79,79,79,79,81,81,81,81,81],"card_choices":[{"not_picked":["Tempest","Go for the Eyes"],"picked":"Hologram","floor":1},{"not_picked":["Conserve Battery","Scrape","BootSequence"],"picked":"Singing Bowl","floor":3},{"not_picked":["Loop","BootSequence"],"picked":"Gash","floor":4},{"not_picked":["Leap","Reprogram"],"picked":"Cold Snap","floor":10},{"not_picked":["Barrage","Sweeping Beam","Turbo"],"picked":"Singing Bowl","floor":12},{"not_picked":["Machine Learning","Hyperbeam"],"picked":"All For One","floor":16},{"not_picked":["Conserve Battery","Undo"],"picked":"Leap","floor":18},{"not_picked":["Sunder","Stack","Capacitor"],"picked":"Singing Bowl","floor":19},{"not_picked":["Self Repair","Undo"],"picked":"Hologram","floor":20}],"player_experience":980571,"relics_obtained":[{"floor":5,"key":"Cables"},{"floor":9,"key":"The Courier"},{"floor":10,"key":"Ornamental Fan"}],"event_choices":[{"damage_healed":0,"gold_gain":0,"player_choice":"Box","damage_taken":0,"relics_obtained":["Singing Bowl"],"max_hp_gain":0,"max_hp_loss":0,"event_name":"Big Fish","floor":2,"gold_loss":0,"cards_obtained":["Regret"]},{"cards_removed":["Regret"],"damage_healed":0,"gold_gain":0,"player_choice":"Forget","damage_taken":0,"max_hp_gain":0,"max_hp_loss":0,"event_name":"Living Wall","floor":7,"gold_loss":0},{"damage_healed":0,"gold_gain":75,"player_choice":"Gather Gold","damage_taken":11,"max_hp_gain":0,"max_hp_loss":0,"event_name":"World of Goop","floor":14,"gold_loss":0},{"damage_healed":0,"gold_gain":0,"player_choice":"Inject Mutagens","damage_taken":0,"relics_obtained":["MutagenicStrength"],"max_hp_gain":0,"max_hp_loss":0,"event_name":"Drug Dealer","floor":21,"gold_loss":0},{"damage_healed":0,"gold_gain":99,"player_choice":"Stole From Cult","damage_taken":0,"max_hp_gain":0,"max_hp_loss":0,"event_name":"Nest","floor":22,"gold_loss":0}],"is_beta":false,"boss_relics":[{"not_picked":["Coffee Dripper","White Beast Statue"],"picked":"Philosopher\u0027s Stone"}],"items_purged_floors":[],"is_endless":false,"potions_floor_spawned":[1,16,18],"killed_by":"Book of Stabbing","ascension_level":12}