{"gold_per_floor":[15,28,28,44,44,83,83,126,126,151,186,210,385,94,94,217,217,237,162,162,185,200,240,314,330,330,374,374,407,428,461,461,589,589,605,605,1604,750,750,790,790,849,898,898,898,938,956,1039,1039,1059,1059,1059,81,117,117],"floor_reached":56,"playtime":3701,"items_purged":["Doubt","Normality","Normality"],"score":1846,"play_id":"8386aa26-5602-42e6-b66a-604aaac5b430","local_time":"20190415104920","is_ascension_mode":true,"campfire_choices":[{"floor":7,"key":"REST"},{"data":"A Thousand Cuts","floor":15,"key":"SMITH"},{"data":"After Image","floor":32,"key":"SMITH"},{"floor":41,"key":"RECALL"},{"data":"Malaise","floor":49,"key":"SMITH"},{"data":"Infinite Blades","floor":52,"key":"SMITH"}],"neow_cost":"NO_GOLD","seed_source_timestamp":2992214274886487,"circlet_count":0,"master_deck":["Defend_G","Defend_G","Defend_G","Defend_G+1","Survivor","Neutralize","Terror","Noxious Fumes","PiercingWail","Infinite Blades+1","Deflect","A Thousand Cuts+1","Leg Sweep","Footwork","Malaise+1","Sucker Punch+1","Concentrate+1","A Thousand Cuts+1","Blade Dance+1","Flying Knee","After Image+1","Distraction","Infinite Blades","Cloak And Dagger","Calculated Gamble","Tools of the Trade","Blur","Flash of Steel","Magnetism","Discovery","Reflex","Flash of Steel","Finesse","Madness","Madness+1","Slice","Blur+1","Blur","Burst","Infinite Blades","Accuracy","Footwork","Well Laid Plans","Expertise","Well Laid Plans","Blur"],"relics":["Ring of the Snake","Singing Bowl","Golden Idol","Mummified Hand","Happy Flower","Unceasing Top","Ancient Tea Set","Astrolabe","Lantern","Juzu Bracelet","Regal Pillow","Paper Crane","Letter Opener","Anchor","Potion Belt","The Courier","HoveringKite","Tiny Chest","Pen Nib","Blue Candle","PreservedInsect","War Paint","Blood Vial","Boot","Mercury Hourglass","Calipers","Thread and Needle","Chemical X","Incense Burner","Vajra","Art of War"],"potions_floor_usage":[16,55,55,55],"damage_taken":[{"damage":1,"enemies":"Cultist","floor":1,"turns":5},{"damage":0,"enemies":"2 Louse","floor":2,"turns":3},{"damage":5,"enemies":"Small Slimes","floor":4,"turns":3},{"damage":7,"enemies":"Lagavulin","floor":6,"turns":8},{"damage":19,"enemies":"Gremlin Nob","floor":8,"turns":5},{"damage":1,"enemies":"Blue Slaver","floor":10,"turns":3},{"damage":16,"enemies":"3 Sentries","floor":11,"turns":8},{"damage":0,"enemies":"Looter","floor":12,"turns":2},{"damage":0,"enemies":"The Guardian","floor":16,"turns":9},{"damage":0,"enemies":"Chosen","floor":18,"turns":3},{"damage":0,"enemies":"Spheric Guardian","floor":22,"turns":3},{"damage":0,"enemies":"Slavers","floor":23,"turns":5},{"damage":16,"enemies":"Cultist and Chosen","floor":25,"turns":5},{"damage":0,"enemies":"Gremlin Leader","floor":27,"turns":3},{"damage":0,"enemies":"Slavers","floor":29,"turns":4},{"damage":0,"enemies":"Shelled Parasite and Fungi","floor":30,"turns":5},{"damage":7,"enemies":"Book of Stabbing","floor":31,"turns":4},{"damage":0,"enemies":"Automaton","floor":33,"turns":6},{"damage":0,"enemies":"3 Shapes","floor":35,"turns":2},{"damage":1,"enemies":"Reptomancer","floor":40,"turns":4},{"damage":0,"enemies":"Nemesis","floor":42,"turns":3},{"damage":0,"enemies":"Reptomancer","floor":46,"turns":5},{"damage":0,"enemies":"Orb Walker","floor":47,"turns":4},{"damage":0,"enemies":"2 Orb Walkers","floor":48,"turns":5},{"damage":1,"enemies":"Time Eater","floor":50,"turns":13},{"damage":0,"enemies":"Shield and Spear","floor":54,"turns":5},{"damage":0,"enemies":"The Heart","floor":55,"turns":8}],"seed_played":"2812086371205268585","potions_obtained":[{"floor":6,"key":"Dexterity Potion"},{"floor":8,"key":"Dexterity Potion"},{"floor":10,"key":"Strength Potion"},{"floor":22,"key":"Ancient Potion"},{"floor":29,"key":"SteroidPotion"},{"floor":30,"key":"Dexterity Potion"},{"floor":31,"key":"GhostInAJar"},{"floor":42,"key":"EntropicBrew"}],"is_trial":false,"path_per_floor":["M","M","?","M","?","E","R","E","T","M","E","M","?","$","R","B",null,"M","?","?","T","M","E","T","M","T","E","?","E","M","E","R","B",null,"M","?","?","$","?","E","R","E","T","?","T","E","M","?","R","B",null,"R","$","E","B",null],"character_chosen":"THE_SILENT","items_purchased":["Footwork","Ancient Tea Set","Reflex","Cloak And Dagger","Flash of Steel","Finesse","Tiny Chest","Pen Nib","Blue Candle","PreservedInsect","Chemical X","Incense Burner","Vajra","Infinite Blades","Accuracy","Footwork","Well Laid Plans","Expertise","Well Laid Plans"],"campfire_rested":1,"item_purchase_floors":[14,14,38,38,38,38,38,38,38,38,53,53,53,53,53,53,53,53,53],"current_hp_per_floor":[69,69,44,39,39,32,51,32,32,31,15,15,15,15,15,15,65,65,65,65,65,67,67,67,53,53,53,53,53,53,46,46,46,69,69,59,59,59,50,49,49,51,51,51,51,53,55,57,57,58,71,71,71,71,71],"gold":117,"neow_bonus":"REMOVE_TWO","is_prod":false,"is_daily":false,"chose_seed":false,"campfire_upgraded":4,"win_rate":0,"timestamp":1555339760,"path_taken":["M","M","?","M","?","E","R","E","T","M","E","M","?","$","R","BOSS","M","?","?","?","M","E","?","M","T","E","?","E","M","E","R","BOSS","M","?","?","$","?","E","R","E","T","?","?","E","M","?","R","BOSS","R","$","E","BOSS"],"build_version":"2019-04-04","purchased_purges":3,"victory":true,"max_hp_per_floor":[70,70,70,70,65,65,65,65,65,65,65,65,65,65,65,65,65,65,65,65,65,67,67,67,69,69,69,69,69,69,69,69,69,69,69,69,69,69,69,69,69,71,71,71,71,71,71,71,71,71,71,71,71,71,71],"card_choices":[{"not_picked":["Backflip","Distraction"],"picked":"Sucker Punch","floor":1},{"not_picked":["Caltrops","Deflect"],"picked":"Terror","floor":2},{"not_picked":["Flying Knee","Leg Sweep"],"picked":"Noxious Fumes","floor":4},{"not_picked":["Outmaneuver","Sucker Punch"],"picked":"PiercingWail","floor":6},{"not_picked":["Slice","Poisoned Stab"],"picked":"Infinite Blades","floor":8},{"not_picked":["Slice","Blade Dance"],"picked":"Deflect","floor":10},{"not_picked":["Dagger Spray","Outmaneuver"],"picked":"A Thousand Cuts","floor":11},{"not_picked":["Acrobatics","Bouncing Flask"],"picked":"Leg Sweep","floor":12},{"not_picked":["Storm of Steel","Unload"],"picked":"Malaise","floor":16},{"not_picked":["Backflip","Sucker Punch"],"picked":"Blade Dance+1","floor":18},{"not_picked":["Dagger Spray","Poisoned Stab","Expertise"],"picked":"Singing Bowl","floor":22},{"not_picked":["Quick Slash","Skewer+1"],"picked":"Flying Knee","floor":23},{"not_picked":["Sucker Punch","Acrobatics","Bouncing Flask+1"],"picked":"Singing Bowl","floor":25},{"not_picked":["PiercingWail","Slice"],"picked":"After Image","floor":27},{"not_picked":["Caltrops","All Out Attack"],"picked":"Infinite Blades","floor":29},{"not_picked":["PiercingWail","Dodge and Roll"],"picked":"Cloak And Dagger","floor":30},{"not_picked":["Acrobatics","Poisoned Stab"],"picked":"Calculated Gamble","floor":31},{"not_picked":["Malaise","Burst"],"picked":"Tools of the Trade","floor":33},{"not_picked":["Deflect+1","Cloak And Dagger"],"picked":"Blur","floor":35},{"not_picked":["Enlightenment","Trip"],"picked":"Flash of Steel","floor":36},{"not_picked":["Enlightenment","Mind Blast"],"picked":"Magnetism","floor":36},{"not_picked":["Bandage Up","Swift Strike"],"picked":"Discovery","floor":36},{"not_picked":["Blade Dance","Acrobatics"],"picked":"Slice","floor":40},{"not_picked":["Calculated Gamble","Sucker Punch+1","Distraction"],"picked":"Singing Bowl","floor":42},{"not_picked":["Sucker Punch","Skewer+1"],"picked":"Blur+1","floor":46},{"not_picked":["Underhanded Strike+1","Noxious Fumes+1"],"picked":"Blur","floor":47},{"not_picked":["Dagger Spray","Blade Dance"],"picked":"Burst","floor":48},{"not_picked":["Deflect+1","Bane"],"picked":"Blur","floor":54}],"player_experience":5341304,"relics_obtained":[{"floor":6,"key":"Mummified Hand"},{"floor":8,"key":"Happy Flower"},{"floor":11,"key":"Unceasing Top"},{"floor":21,"key":"Juzu Bracelet"},{"floor":23,"key":"Regal Pillow"},{"floor":24,"key":"Paper Crane"},{"floor":26,"key":"Letter Opener"},{"floor":27,"key":"Anchor"},{"floor":29,"key":"Potion Belt"},{"floor":31,"key":"The Courier"},{"floor":40,"key":"War Paint"},{"floor":42,"key":"Blood Vial"},{"floor":43,"key":"Boot"},{"floor":45,"key":"Mercury Hourglass"},{"floor":46,"key":"Calipers"},{"floor":48,"key":"Thread and Needle"},{"floor":54,"key":"Art of War"}],"event_choices":[{"damage_healed":0,"gold_gain":0,"player_choice":"Success","damage_taken":25,"relics_obtained":["Singing Bowl"],"max_hp_gain":0,"max_hp_loss":0,"event_name":"Scrap Ooze","floor":3,"gold_loss":0},{"damage_healed":0,"gold_gain":0,"player_choice":"Lose Max HP","damage_taken":0,"relics_obtained":["Golden Idol"],"max_hp_gain":0,"max_hp_loss":5,"event_name":"Golden Idol","floor":5,"gold_loss":0},{"damage_healed":0,"gold_gain":175,"player_choice":"AGREE","damage_taken":0,"max_hp_gain":0,"max_hp_loss":0,"event_name":"Liars Game","floor":13,"gold_loss":0,"cards_obtained":["Doubt"]},{"cards_removed":["Strike_G"],"damage_healed":0,"gold_gain":0,"player_choice":"Gave Gold","damage_taken":0,"max_hp_gain":0,"max_hp_loss":0,"event_name":"Beggar","floor":19,"gold_loss":75},{"damage_healed":0,"gold_gain":0,"player_choice":"Opened","damage_taken":0,"relics_obtained":["Lantern"],"max_hp_gain":0,"max_hp_loss":0,"event_name":"The Mausoleum","floor":20,"gold_loss":0},{"cards_removed":["Sucker Punch"],"damage_healed":0,"gold_gain":0,"player_choice":"Took Card","damage_taken":0,"max_hp_gain":0,"max_hp_loss":0,"event_name":"NoteForYourself","floor":28,"gold_loss":0,"cards_obtained":["Distraction"]},{"damage_healed":0,"gold_gain":0,"player_choice":"Memory 3","damage_taken":10,"max_hp_gain":0,"max_hp_loss":0,"event_name":"SensoryStone","floor":36,"gold_loss":0},{"damage_healed":0,"gold_gain":999,"player_choice":"Gold","damage_taken":0,"max_hp_gain":0,"max_hp_loss":0,"event_name":"MindBloom","floor":37,"gold_loss":0,"cards_obtained":["Normality","Normality"]},{"damage_healed":0,"gold_gain":0,"player_choice":"Embrace Madness","damage_taken":9,"max_hp_gain":0,"max_hp_loss":0,"event_name":"Winding Halls","floor":39,"gold_loss":0,"cards_obtained":["Madness","Madness"]},{"cards_removed":["Cloak And Dagger"],"damage_healed":0,"gold_gain":0,"player_choice":"Removed Skill","damage_taken":0,"max_hp_gain":0,"max_hp_loss":0,"event_name":"Falling","floor":44,"gold_loss":0},{"damage_healed":0,"gold_gain":0,"player_choice":"Fight","damage_taken":0,"max_hp_gain":0,"max_hp_loss":0,"event_name":"Mysterious Sphere","floor":48,"gold_loss":0}],"is_beta":true,"boss_relics":[{"not_picked":["Lizard Tail","Tiny House"],"picked":"Astrolabe"},{"not_picked":["Eternal Feather","Snecko Eye"],"picked":"HoveringKite"}],"items_purged_floors":[14,38,53],"is_endless":false,"potions_floor_spawned":[6,8,10,12,22,29,30,31,40,42,46,48,54],"ascension_level":1}