{"gold_per_floor":[16,16,16,31,49,77,77,103,129,129,129,148,148,165,165,165],"floor_reached":16,"playtime":434,"items_purged":[],"score":209,"play_id":"3babb1ed-152a-4eac-8f63-eb97fa37eca2","local_time":"20190505140317","is_ascension_mode":true,"campfire_choices":[{"floor":7,"key":"REST"},{"data":"Inflame","floor":11,"key":"SMITH"},{"data":"Sword Boomerang","floor":13,"key":"SMITH"},{"data":"Body Slam","floor":15,"key":"SMITH"}],"neow_cost":"NO_GOLD","seed_source_timestamp":51001806485600,"circlet_count":0,"master_deck":["AscendersBane","Strike_R","Strike_R","Strike_R","Strike_R+1","Strike_R","Defend_R+1","Defend_R","Defend_R","Defend_R","Bash+1","Inflame+1","Sword Boomerang+1","Thunderclap","Shrug It Off","Anger+1","Parasite","Reaper","Body Slam+1"],"relics":["Burning Blood","Lantern","Whetstone","Happy Flower"],"potions_floor_usage":[6,16],"damage_taken":[{"damage":10,"enemies":"Small Slimes","floor":1,"turns":3},{"damage":9,"enemies":"2 Louse","floor":4,"turns":3},{"damage":4,"enemies":"Jaw Worm","floor":5,"turns":4},{"damage":45,"enemies":"Lagavulin","floor":6,"turns":9},{"damage":28,"enemies":"Gremlin Nob","floor":8,"turns":4},{"damage":7,"enemies":"3 Louse","floor":12,"turns":3},{"damage":0,"enemies":"2 Fungi Beasts","floor":14,"turns":2},{"damage":45,"enemies":"The Guardian","floor":16,"turns":7}],"seed_played":"3370745539264627962","potions_obtained":[{"floor":5,"key":"PowerPotion"},{"floor":6,"key":"Explosive Potion"},{"floor":8,"key":"AttackPotion"},{"floor":14,"key":"Weak Potion"}],"is_trial":false,"path_per_floor":["M","?","?","M","M","E","R","E","T","?","R","M","R","M","R","B"],"character_chosen":"IRONCLAD","items_purchased":[],"campfire_rested":1,"item_purchase_floors":[],"current_hp_per_floor":[78,51,51,48,50,11,37,15,15,37,37,36,36,42,42,0],"gold":165,"neow_bonus":"TWENTY_PERCENT_HP_BONUS","is_prod":false,"is_daily":false,"chose_seed":false,"campfire_upgraded":3,"win_rate":0,"timestamp":1557057797,"path_taken":["M","?","?","M","M","E","R","E","T","?","R","M","R","M","R","BOSS"],"build_version":"2019-01-23","purchased_purges":0,"victory":false,"max_hp_per_floor":[89,89,89,89,89,89,89,89,89,89,89,89,89,89,89,89],"card_choices":[{"not_picked":["Body Slam","Armaments"],"picked":"Inflame","floor":1},{"not_picked":["Hemokinesis","Heavy Blade"],"picked":"Sword Boomerang","floor":4},{"not_picked":["Evolve","True Grit"],"picked":"Thunderclap","floor":5},{"not_picked":["Pummel","Headbutt"],"picked":"Shrug It Off","floor":6},{"not_picked":["Ghostly Armor","Hemokinesis"],"picked":"Anger","floor":8},{"not_picked":["Thunderclap","Uppercut"],"picked":"Reaper","floor":12},{"not_picked":["True Grit","Armaments"],"picked":"Body Slam","floor":14}],"player_experience":661449,"relics_obtained":[{"floor":6,"key":"Lantern"},{"floor":8,"key":"Whetstone"},{"floor":9,"key":"Happy Flower"}],"event_choices":[{"damage_healed":0,"gold_gain":0,"player_choice":"Entered Light","damage_taken":27,"max_hp_gain":0,"max_hp_loss":0,"event_name":"Shining Light","floor":2,"gold_loss":0,"cards_upgraded":["Strike_R","Defend_R"]},{"damage_healed":0,"gold_gain":0,"player_choice":"Leave","damage_taken":0,"max_hp_gain":0,"max_hp_loss":0,"event_name":"The Cleric","floor":3,"gold_loss":0},{"damage_healed":22,"gold_gain":0,"player_choice":"Healed and dodged fight","damage_taken":0,"max_hp_gain":0,"max_hp_loss":0,"event_name":"Mushrooms","floor":10,"gold_loss":0,"cards_obtained":["Parasite"]}],"is_beta":false,"boss_relics":[],"items_purged_floors":[],"is_endless":false,"potions_floor_spawned":[5,6,8,14],"killed_by":"The Guardian","ascension_level":18}