{"gold_per_floor":[12,12,22,35,10,10,45,59,59,59,79,111,76,94,94,168,168,185,100,50,65,76,76,101,101,101,121,156,156,81,81,81,81],"floor_reached":33,"playtime":5398,"items_purged":[],"score":560,"play_id":"902a47a2-95c5-46b0-b3c3-616656acb5b0","local_time":"20190416204358","is_ascension_mode":true,"campfire_choices":[{"data":"Armaments","floor":6,"key":"SMITH"},{"data":"Bash","floor":10,"key":"SMITH"},{"data":"Whirlwind","floor":15,"key":"SMITH"},{"data":"Impervious","floor":23,"key":"SMITH"},{"data":"Immolate","floor":29,"key":"SMITH"},{"data":"Power Through","floor":32,"key":"SMITH"}],"neow_cost":"NO_GOLD","seed_source_timestamp":451972312630435,"circlet_count":0,"master_deck":["AscendersBane","Strike_R","Strike_R","Defend_R","Defend_R","Defend_R+1","Defend_R+1","Bash+1","Dropkick","Impervious+1","Clothesline+1","Iron Wave","Whirlwind+1","Armaments+1","Thunderclap","Cleave","Battle Trance","Immolate+1","Body Slam+1","True Grit","Power Through+1","Uppercut+1","Uppercut+1"],"relics":["Burning Blood","Potion Belt","Ornamental Fan","Nunchaku","Velvet Choker","War Paint","Happy Flower","Bronze Scales","Dodecahedron"],"potions_floor_usage":[7,7,24,33,33],"damage_taken":[{"damage":0,"enemies":"2 Louse","floor":1,"turns":4},{"damage":2,"enemies":"Jaw Worm","floor":3,"turns":5},{"damage":6,"enemies":"Cultist","floor":4,"turns":3},{"damage":15,"enemies":"3 Sentries","floor":7,"turns":7},{"damage":11,"enemies":"Looter","floor":8,"turns":3},{"damage":14,"enemies":"Exordium Thugs","floor":11,"turns":6},{"damage":23,"enemies":"Lagavulin","floor":12,"turns":6},{"damage":16,"enemies":"Exordium Wildlife","floor":14,"turns":3},{"damage":31,"enemies":"Hexaghost","floor":16,"turns":13},{"damage":0,"enemies":"Chosen","floor":18,"turns":3},{"damage":10,"enemies":"Shell Parasite","floor":21,"turns":4},{"damage":4,"enemies":"Cultist and Chosen","floor":22,"turns":4},{"damage":0,"enemies":"Gremlin Leader","floor":24,"turns":5},{"damage":13,"enemies":"Snecko","floor":27,"turns":3},{"damage":11,"enemies":"Slavers","floor":28,"turns":4},{"damage":86,"enemies":"Champ","floor":33,"turns":10}],"seed_played":"2817136330501513517","potions_obtained":[{"floor":1,"key":"SkillPotion"},{"floor":4,"key":"Fire Potion"},{"floor":7,"key":"PowerPotion"},{"floor":8,"key":"Weak Potion"},{"floor":14,"key":"Weak Potion"},{"floor":18,"key":"Ancient Potion"},{"floor":21,"key":"Regen Potion"}],"is_trial":false,"path_per_floor":["M","?","M","M","$","R","E","M","T","R","M","E","?","M","R","B",null,"M","?","$","M","M","R","E","?","T","M","E","R","?","?","R","B"],"character_chosen":"IRONCLAD","items_purchased":["Armaments","True Grit"],"campfire_rested":0,"item_purchase_floors":[5,20],"current_hp_per_floor":[74,74,75,75,75,75,66,61,61,61,53,36,54,44,44,19,61,67,67,67,63,65,65,71,71,71,64,59,59,59,75,75,0],"gold":81,"neow_bonus":"TRANSFORM_TWO_CARDS","is_prod":false,"is_daily":false,"chose_seed":false,"campfire_upgraded":6,"win_rate":0,"timestamp":1555458238,"path_taken":["M","?","M","M","?","R","E","M","T","R","M","E","?","M","R","BOSS","M","?","$","M","M","R","E","?","T","?","E","R","?","?","R","BOSS"],"build_version":"2019-01-23","purchased_purges":0,"victory":false,"max_hp_per_floor":[75,75,75,75,75,75,75,75,75,75,75,75,75,75,75,75,75,75,75,75,75,75,75,75,75,75,75,75,75,75,75,75,75],"card_choices":[{"not_picked":["Evolve","Clash"],"picked":"Clothesline","floor":1},{"not_picked":["Heavy Blade","Fire Breathing"],"picked":"Iron Wave","floor":3},{"not_picked":["Warcry","Clash"],"picked":"Whirlwind","floor":4},{"not_picked":["Armaments","Dark Embrace"],"picked":"Thunderclap","floor":7},{"not_picked":["Hemokinesis","True Grit"],"picked":"Cleave","floor":8},{"not_picked":["Clash","Twin Strike","Warcry"],"picked":"SKIP","floor":11},{"not_picked":["Clothesline","Headbutt"],"picked":"Intimidate","floor":12},{"not_picked":["Warcry","Hemokinesis"],"picked":"Battle Trance","floor":14},{"not_picked":["Barricade","Double Tap"],"picked":"Immolate","floor":16},{"not_picked":["Power Through","Wild Strike"],"picked":"Body Slam+1","floor":18},{"not_picked":["Hemokinesis","Rupture+1"],"picked":"Power Through","floor":21},{"not_picked":["Hemokinesis","Rampage","Blood for Blood+1"],"picked":"SKIP","floor":22},{"not_picked":["Perfected Strike","Sentinel"],"picked":"Uppercut","floor":24},{"not_picked":["Intimidate","Cleave","Infernal Blade"],"picked":"SKIP","floor":27},{"not_picked":["Intimidate+1","Evolve"],"picked":"Uppercut+1","floor":28}],"player_experience":1136972,"relics_obtained":[{"floor":7,"key":"Potion Belt"},{"floor":9,"key":"Ornamental Fan"},{"floor":12,"key":"Nunchaku"},{"floor":24,"key":"Happy Flower"},{"floor":26,"key":"Bronze Scales"},{"floor":28,"key":"Dodecahedron"}],"event_choices":[{"damage_healed":0,"gold_gain":0,"player_choice":"Grow","damage_taken":0,"max_hp_gain":0,"max_hp_loss":0,"event_name":"Living Wall","floor":2,"gold_loss":0,"cards_upgraded":["Clothesline"]},{"damage_healed":18,"gold_gain":0,"player_choice":"Healed","damage_taken":0,"max_hp_gain":0,"max_hp_loss":0,"event_name":"The Cleric","floor":13,"gold_loss":35},{"damage_healed":0,"gold_gain":0,"player_choice":"Obtained Relic","damage_taken":0,"relics_obtained":["War Paint"],"max_hp_gain":0,"max_hp_loss":0,"event_name":"Addict","floor":19,"gold_loss":85},{"damage_healed":0,"gold_gain":0,"player_choice":"Upgraded","damage_taken":0,"max_hp_gain":0,"max_hp_loss":0,"event_name":"Upgrade Shrine","floor":25,"gold_loss":0,"cards_upgraded":["Uppercut"]},{"cards_removed":["Strike_R"],"damage_healed":0,"gold_gain":0,"player_choice":"Gave Gold","damage_taken":0,"max_hp_gain":0,"max_hp_loss":0,"event_name":"Beggar","floor":30,"gold_loss":75},{"cards_removed":["Intimidate"],"damage_healed":16,"gold_gain":0,"player_choice":"Offered Uncommon","damage_taken":0,"max_hp_gain":0,"max_hp_loss":0,"event_name":"Bonfire Elementals","floor":31,"gold_loss":0}],"is_beta":false,"boss_relics":[{"not_picked":["Mark of Pain","Runic Cube"],"picked":"Velvet Choker"}],"items_purged_floors":[],"is_endless":false,"potions_floor_spawned":[1,4,7,8,14,18,21],"killed_by":"Champ","ascension_level":15}