{"gold_per_floor":[114,114,134,134,159,159,500,500,500,500,543,543,563,587,587,587],"floor_reached":16,"playtime":374,"items_purged":[],"score":209,"play_id":"e5a2456b-9316-47c8-ad38-d9d5348c083b","local_time":"20190511110808","is_ascension_mode":true,"campfire_choices":[{"data":"Inflame","floor":6,"key":"SMITH"},{"data":"Shockwave","floor":8,"key":"SMITH"},{"data":"Whirlwind","floor":10,"key":"SMITH"},{"floor":12,"key":"REST"},{"floor":15,"key":"REST"}],"neow_cost":"NONE","seed_source_timestamp":2582619636675020,"circlet_count":0,"master_deck":["AscendersBane","Strike_R","Strike_R","Strike_R","Strike_R","Defend_R","Defend_R","Defend_R","Defend_R","Bash","Cleave","Headbutt","Whirlwind+1","Inflame+1","Shockwave+1","Flame Barrier"],"relics":["Burning Blood","Golden Idol","Old Coin","Calipers","Singing Bowl"],"potions_floor_usage":[11],"damage_taken":[{"damage":9,"enemies":"Jaw Worm","floor":1,"turns":4},{"damage":0,"enemies":"2 Louse","floor":3,"turns":2},{"damage":1,"enemies":"Cultist","floor":5,"turns":3},{"damage":32,"enemies":"Gremlin Nob","floor":7,"turns":4},{"damage":20,"enemies":"Lagavulin","floor":11,"turns":6},{"damage":37,"enemies":"Gremlin Gang","floor":13,"turns":3},{"damage":13,"enemies":"Blue Slaver","floor":14,"turns":4},{"damage":33,"enemies":"Hexaghost","floor":16,"turns":9}],"seed_played":"-8132341905213823848","potions_obtained":[{"floor":7,"key":"GamblersBrew"},{"floor":13,"key":"Strength Potion"}],"is_trial":false,"path_per_floor":["M","?","M","?","M","R","E","R","T","R","E","R","M","M","R","B"],"character_chosen":"IRONCLAD","items_purchased":[],"campfire_rested":2,"item_purchase_floors":[],"current_hp_per_floor":[65,65,68,58,63,63,37,37,37,37,25,46,15,10,31,0],"gold":587,"neow_bonus":"TRANSFORM_CARD","is_prod":false,"is_daily":false,"chose_seed":false,"campfire_upgraded":3,"win_rate":0,"timestamp":1557583688,"path_taken":["M","?","M","?","?","R","E","R","T","R","E","R","M","M","R","BOSS"],"build_version":"2019-01-23","purchased_purges":0,"victory":false,"max_hp_per_floor":[75,68,68,68,68,68,68,68,68,68,70,70,70,72,72,72],"card_choices":[{"not_picked":["Thunderclap","Perfected Strike"],"picked":"Headbutt","floor":1},{"not_picked":["Iron Wave","Cleave"],"picked":"Whirlwind","floor":3},{"not_picked":["Iron Wave","Armaments"],"picked":"Inflame","floor":5},{"not_picked":["Havoc","Cleave"],"picked":"Shockwave","floor":7},{"not_picked":["Clash","Fire Breathing","Thunderclap"],"picked":"Singing Bowl","floor":11},{"not_picked":["Rupture","Clash"],"picked":"Flame Barrier","floor":13},{"not_picked":["Body Slam","Perfected Strike","Warcry"],"picked":"Singing Bowl","floor":14}],"player_experience":1328182,"relics_obtained":[{"floor":7,"key":"Old Coin"},{"floor":9,"key":"Calipers"},{"floor":11,"key":"Singing Bowl"}],"event_choices":[{"damage_healed":0,"gold_gain":0,"player_choice":"Lose Max HP","damage_taken":0,"relics_obtained":["Golden Idol"],"max_hp_gain":0,"max_hp_loss":7,"event_name":"Golden Idol","floor":2,"gold_loss":0},{"damage_healed":0,"gold_gain":0,"player_choice":"Damaged","damage_taken":10,"max_hp_gain":0,"max_hp_loss":0,"event_name":"Wheel of Change","floor":4,"gold_loss":0}],"is_beta":false,"boss_relics":[],"items_purged_floors":[],"is_endless":false,"potions_floor_spawned":[7,13],"killed_by":"Hexaghost","ascension_level":18}