{"gold_per_floor":[119,119,131,148,162,162,219,219,219,238,263,282,282,282,282,384,384,396,414,73,93,93,123,139,168,236,251,251,251,74,93,93,196,196,209,209,209,226,101,130,149,160,213,227,247,44,44,76,76,76],"floor_reached":51,"playtime":2830,"items_purged":["Defend_B","Defend_B","Strike_B"],"score":736,"play_id":"47300d34-7c5e-4c20-9d24-e9f025e46ab5","local_time":"20190226133423","is_ascension_mode":false,"campfire_choices":[{"data":"Zap","floor":6,"key":"SMITH"},{"data":"Ball Lightning","floor":8,"key":"SMITH"},{"data":"Coolheaded","floor":13,"key":"SMITH"},{"data":"Cold Snap","floor":15,"key":"SMITH"},{"data":"Capacitor","floor":29,"key":"SMITH"},{"data":"Echo Form","floor":32,"key":"SMITH"},{"data":"Self Repair","floor":47,"key":"SMITH"},{"data":"Defragment","floor":49,"key":"SMITH"}],"neow_cost":"NONE","seed_source_timestamp":763608872151671,"circlet_count":0,"master_deck":["Defend_B","Zap+1","Dualcast","Cold Snap+1","Conserve Battery","Ball Lightning+1","Core Surge","Core Surge","Coolheaded+1","BootSequence","Echo Form+1","Ball Lightning+1","Self Repair+1","Capacitor+1","Double Energy+1","Hologram+1","Defragment+1","Glacier","Seek","Tempest+1","Loop+1","Compile Driver+1","Defragment+1"],"relics":["Cracked Core","Cables","Tiny Chest","Question Card","Ornamental Fan","Sozu","OrangePellets","Regal Pillow","Centennial Puzzle","Meat on the Bone","DataDisk","Orichalcum","Frozen Eye","Happy Flower"],"potions_floor_usage":[11,16,16,18],"damage_taken":[{"damage":0,"enemies":"2 Louse","floor":1,"turns":3},{"damage":0,"enemies":"Small Slimes","floor":3,"turns":3},{"damage":1,"enemies":"Jaw Worm","floor":4,"turns":3},{"damage":3,"enemies":"Looter","floor":5,"turns":3},{"damage":9,"enemies":"Gremlin Nob","floor":7,"turns":3},{"damage":11,"enemies":"Exordium Thugs","floor":10,"turns":4},{"damage":7,"enemies":"Lagavulin","floor":11,"turns":5},{"damage":0,"enemies":"3 Louse","floor":12,"turns":2},{"damage":10,"enemies":"Hexaghost","floor":16,"turns":12},{"damage":15,"enemies":"2 Thieves","floor":18,"turns":4},{"damage":5,"enemies":"3 Byrds","floor":19,"turns":5},{"damage":11,"enemies":"Cultist and Chosen","floor":21,"turns":5},{"damage":15,"enemies":"Slavers","floor":23,"turns":6},{"damage":8,"enemies":"Snecko","floor":24,"turns":4},{"damage":13,"enemies":"Book of Stabbing","floor":25,"turns":6},{"damage":8,"enemies":"Snake Plant","floor":27,"turns":4},{"damage":0,"enemies":"Centurion and Healer","floor":31,"turns":6},{"damage":6,"enemies":"Champ","floor":33,"turns":8},{"damage":0,"enemies":"Orb Walker","floor":35,"turns":4},{"damage":8,"enemies":"3 Shapes","floor":38,"turns":3},{"damage":29,"enemies":"Reptomancer","floor":40,"turns":7},{"damage":24,"enemies":"Jaw Worm Horde","floor":41,"turns":4},{"damage":0,"enemies":"Maw","floor":42,"turns":6},{"damage":0,"enemies":"Writhing Mass","floor":44,"turns":5},{"damage":1,"enemies":"Spire Growth","floor":45,"turns":5},{"damage":20,"enemies":"Nemesis","floor":48,"turns":7},{"damage":47,"enemies":"Donu and Deca","floor":50,"turns":8}],"seed_played":"7057553107733752946","potions_obtained":[{"floor":4,"key":"Regen Potion"},{"floor":7,"key":"Weak Potion"},{"floor":10,"key":"PowerPotion"},{"floor":16,"key":"Weak Potion"}],"is_trial":false,"path_per_floor":["M","?","M","M","M","R","E","R","T","M","E","M","R","?","R","B",null,"M","M","$","M","?","E","M","E","T","M","?","R","$","M","R","B",null,"M","?","?","M","$","E","M","M","T","M","M","$","R","E","R","B",null],"character_chosen":"DEFECT","items_purchased":["Self Repair","OrangePellets","Glacier","Frozen Eye"],"campfire_rested":0,"item_purchase_floors":[20,20,30,46],"current_hp_per_floor":[75,63,63,62,59,59,50,50,50,39,32,32,32,25,25,30,75,60,55,55,58,58,57,63,50,50,49,49,49,49,56,56,57,75,75,75,75,67,67,38,33,52,52,66,75,75,75,75,75,50],"gold":76,"neow_bonus":"REMOVE_CARD","is_prod":false,"is_daily":false,"chose_seed":false,"campfire_upgraded":8,"win_rate":0,"timestamp":1551188063,"path_taken":["M","?","M","M","M","R","E","R","T","M","E","M","R","?","R","BOSS","M","M","$","M","?","E","M","E","T","M","?","R","$","M","R","BOSS","M","?","?","?","$","E","M","M","T","M","M","$","R","E","R","BOSS"],"build_version":"2019-02-06","purchased_purges":3,"victory":true,"max_hp_per_floor":[75,75,75,75,75,75,75,75,75,75,75,75,75,75,75,75,75,75,75,75,75,75,75,75,75,75,75,75,75,75,75,75,75,75,75,75,75,75,75,75,75,75,75,75,75,75,75,75,75,75],"card_choices":[{"not_picked":["Turbo","Streamline"],"picked":"Cold Snap","floor":1},{"not_picked":["Reprogram","Redo"],"picked":"Conserve Battery","floor":3},{"not_picked":["Sweeping Beam","Barrage"],"picked":"Ball Lightning","floor":4},{"not_picked":["Double Energy","Storm"],"picked":"Core Surge","floor":5},{"not_picked":["Rip and Tear","Gash"],"picked":"Core Surge","floor":7},{"not_picked":["Gash","Sweeping Beam","Ball Lightning"],"picked":"Coolheaded","floor":10},{"not_picked":["Buffer","Steam","Beam Cell","Double Energy"],"picked":"SKIP","floor":11},{"not_picked":["Recycle","Beam Cell","Stack"],"picked":"BootSequence","floor":12},{"not_picked":["All For One","Creative AI","Fission"],"picked":"Echo Form","floor":16},{"not_picked":["Turbo","Hello World","Undo","Stack"],"picked":"SKIP","floor":18},{"not_picked":["Scrape","Turbo+1","Cold Snap"],"picked":"Ball Lightning+1","floor":19},{"not_picked":["Steam Power","Ball Lightning","Force Field+1"],"picked":"Capacitor","floor":21},{"not_picked":["Aggregate","Compile Driver+1","Stack"],"picked":"Double Energy+1","floor":23},{"not_picked":["Chaos","Conserve Battery+1","Beam Cell"],"picked":"Hologram+1","floor":24},{"not_picked":["Cold Snap","Blizzard","Machine Learning"],"picked":"Defragment+1","floor":25},{"not_picked":["Fusion","Lockon+1","Beam Cell","Go for the Eyes"],"picked":"SKIP","floor":27},{"not_picked":["Go for the Eyes+1","Double Energy","Stack","Barrage"],"picked":"SKIP","floor":31},{"not_picked":["Thunder Strike","Multi-Cast","Meteor Strike"],"picked":"Seek","floor":33},{"not_picked":["Go for the Eyes+1","Streamline+1","Turbo+1"],"picked":"Tempest+1","floor":35},{"not_picked":["Doom and Gloom","Steam+1","Redo+1","Chill"],"picked":"SKIP","floor":38},{"not_picked":["Multi-Cast","Barrage+1","Hologram","Streamline+1"],"picked":"SKIP","floor":40},{"not_picked":["Leap+1","Reboot","Force Field"],"picked":"Loop+1","floor":41},{"not_picked":["Go for the Eyes","Barrage+1","Capacitor","Hologram+1"],"picked":"SKIP","floor":42},{"not_picked":["Reinforced Body+1","Go for the Eyes","Scrape+1","Cold Snap+1"],"picked":"SKIP","floor":44},{"not_picked":["Conserve Battery","Storm","Aggregate"],"picked":"Compile Driver+1","floor":45},{"not_picked":["Tempest","Hologram+1","Leap"],"picked":"Defragment","floor":48}],"player_experience":956875,"relics_obtained":[{"floor":7,"key":"Tiny Chest"},{"floor":9,"key":"Question Card"},{"floor":11,"key":"Ornamental Fan"},{"floor":23,"key":"Regal Pillow"},{"floor":25,"key":"Centennial Puzzle"},{"floor":26,"key":"Meat on the Bone"},{"floor":40,"key":"DataDisk"},{"floor":43,"key":"Orichalcum"},{"floor":48,"key":"Happy Flower"}],"event_choices":[{"damage_healed":0,"gold_gain":0,"player_choice":"Success","damage_taken":12,"relics_obtained":["Cables"],"max_hp_gain":0,"max_hp_loss":0,"event_name":"Scrap Ooze","floor":2,"gold_loss":0},{"cards_removed":["Strike_B"],"damage_healed":0,"gold_gain":0,"player_choice":"Card Removal","damage_taken":7,"max_hp_gain":0,"max_hp_loss":0,"event_name":"Golden Wing","floor":14,"gold_loss":0},{"cards_removed":["Defend_B"],"damage_healed":0,"gold_gain":0,"player_choice":"Elegance","damage_taken":0,"max_hp_gain":0,"max_hp_loss":0,"event_name":"Back to Basics","floor":22,"gold_loss":0},{"damage_healed":0,"gold_gain":0,"player_choice":"Ignored","damage_taken":0,"max_hp_gain":0,"max_hp_loss":0,"event_name":"The Mausoleum","floor":28,"gold_loss":0},{"cards_removed":["Strike_B"],"damage_healed":0,"gold_gain":0,"player_choice":"Removed Attack","damage_taken":0,"max_hp_gain":0,"max_hp_loss":0,"event_name":"Falling","floor":36,"gold_loss":0},{"damage_healed":0,"gold_gain":0,"player_choice":"Ignored","damage_taken":0,"max_hp_gain":0,"max_hp_loss":0,"event_name":"NoteForYourself","floor":37,"gold_loss":0}],"is_beta":true,"boss_relics":[{"not_picked":["Astrolabe","Runic Pyramid"],"picked":"Sozu"},{"not_picked":["Calling Bell","Fusion Hammer","Snecko Eye"]}],"items_purged_floors":[20,30,39],"is_endless":false,"potions_floor_spawned":[4,7,10,16,21,24,25,31,35,40,45,48],"ascension_level":0}