{"gold_per_floor":[109,123,123,88,102,102,164,164,211,223,234,234,247,247],"floor_reached":14,"playtime":369,"items_purged":[],"score":133,"play_id":"af3b39fd-ace8-4bbb-b298-7792a53575c8","local_time":"20190228182032","is_ascension_mode":true,"campfire_choices":[{"data":"FTL","floor":6,"key":"SMITH"},{"data":"Double Energy","floor":8,"key":"SMITH"}],"neow_cost":"NONE","seed_source_timestamp":1226835154407164,"circlet_count":0,"master_deck":["Strike_B+1","Strike_B","Strike_B","Strike_B","Defend_B","Defend_B+1","Defend_B","Defend_B","Zap","Dualcast","Meteor Strike","Beam Cell","Barrage","FTL+1","Double Energy+1","Beam Cell","Conserve Battery"],"relics":["Cracked Core","Tiny Chest","Bag of Marbles","Molten Egg 2"],"potions_floor_usage":[11,13,14],"damage_taken":[{"damage":0,"enemies":"Cultist","floor":1,"turns":3},{"damage":2,"enemies":"Jaw Worm","floor":2,"turns":3},{"damage":0,"enemies":"Small Slimes","floor":5,"turns":2},{"damage":38,"enemies":"Lagavulin","floor":7,"turns":6},{"damage":17,"enemies":"Gremlin Gang","floor":10,"turns":5},{"damage":12,"enemies":"Exordium Wildlife","floor":11,"turns":3},{"damage":0,"enemies":"Looter","floor":13,"turns":2},{"damage":10,"enemies":"3 Sentries","floor":14,"turns":2}],"seed_played":"-7297485556827528708","potions_obtained":[{"floor":7,"key":"GamblersBrew"},{"floor":10,"key":"Energy Potion"},{"floor":13,"key":"GamblersBrew"}],"is_trial":false,"path_per_floor":["M","M","?","?","M","R","E","R","T","M","M","?","M","E"],"character_chosen":"DEFECT","items_purchased":[],"campfire_rested":0,"item_purchase_floors":[],"current_hp_per_floor":[68,66,51,69,69,69,31,31,31,14,2,2,2,0],"gold":247,"neow_bonus":"ONE_RANDOM_RARE_CARD","is_prod":false,"is_daily":false,"chose_seed":false,"campfire_upgraded":2,"win_rate":0,"timestamp":1551388832,"path_taken":["M","M","?","?","M","R","E","R","T","M","M","?","?","E"],"build_version":"2019-01-23","purchased_purges":0,"victory":false,"max_hp_per_floor":[75,75,75,75,75,75,75,75,75,75,75,75,75,75],"card_choices":[{"not_picked":["Sweeping Beam","Coolheaded"],"picked":"Beam Cell","floor":1},{"not_picked":["Hello World","Lockon"],"picked":"Barrage","floor":2},{"not_picked":["Stack","Reinforced Body"],"picked":"FTL","floor":5},{"not_picked":["Hologram","Loop"],"picked":"Double Energy","floor":7},{"not_picked":["Multi-Cast","Coolheaded"],"picked":"Scrape","floor":10},{"not_picked":["Self Repair","Skim"],"picked":"Beam Cell","floor":11},{"not_picked":["Chill","Darkness"],"picked":"Conserve Battery","floor":13}],"player_experience":862807,"relics_obtained":[{"floor":7,"key":"Tiny Chest"},{"floor":9,"key":"Bag of Marbles"}],"event_choices":[{"damage_healed":0,"gold_gain":0,"player_choice":"Entered Light","damage_taken":15,"max_hp_gain":0,"max_hp_loss":0,"event_name":"Shining Light","floor":3,"gold_loss":0,"cards_upgraded":["Strike_B","Defend_B"]},{"damage_healed":18,"gold_gain":0,"player_choice":"Healed","damage_taken":0,"max_hp_gain":0,"max_hp_loss":0,"event_name":"The Cleric","floor":4,"gold_loss":35},{"cards_removed":["Scrape"],"damage_healed":0,"gold_gain":0,"player_choice":"Gave Card","damage_taken":0,"relics_obtained":["Molten Egg 2"],"max_hp_gain":0,"max_hp_loss":0,"event_name":"WeMeetAgain","floor":12,"gold_loss":0}],"is_beta":false,"boss_relics":[],"items_purged_floors":[],"is_endless":false,"potions_floor_spawned":[7,10,13],"killed_by":"3 Sentries","ascension_level":9}