{"gold_per_floor":[113,125,144,164,89,89,121,121,121,138,156,34,49,324,324,427,427,440,489,58,58,72,72,105,121,121,121],"floor_reached":27,"playtime":802,"items_purged":["Writhe","Normality"],"score":329,"play_id":"d32ce59c-9660-46b9-8e9d-417f6b48a64a","local_time":"20190222012742","is_ascension_mode":true,"campfire_choices":[{"data":"Inflame","floor":6,"key":"SMITH"},{"data":"Rage","floor":8,"key":"SMITH"},{"floor":15,"key":"REST"},{"floor":23,"key":"REST"}],"neow_cost":"CURSE","seed_source_timestamp":647181766667200,"circlet_count":0,"master_deck":["Strike_R","Strike_R","Strike_R","Strike_R","Strike_R","Defend_R","Defend_R","Defend_R","Defend_R","Bash","Cleave","True Grit","Inflame+1","True Grit","Rage+1","Spot Weakness","Iron Wave","Clash","Regret","Limit Break","Parasite","Doubt","Anger+1","Rage","Iron Wave","Impervious","Carnage+1","Limit Break"],"relics":["Burning Blood","Champion Belt","Kunai","Du-Vu Doll","Peace Pipe","Calling Bell","Boot","Singing Bowl","Nunchaku","Orichalcum","Prayer Wheel","Nilry\u0027s Codex","Molten Egg 2","Unceasing Top"],"potions_floor_usage":[3,7,24,24],"damage_taken":[{"damage":11,"enemies":"2 Louse","floor":1,"turns":3},{"damage":1,"enemies":"Cultist","floor":2,"turns":3},{"damage":0,"enemies":"Small Slimes","floor":3,"turns":2},{"damage":18,"enemies":"Red Slaver","floor":4,"turns":4},{"damage":28,"enemies":"Lagavulin","floor":7,"turns":6},{"damage":5,"enemies":"Exordium Thugs","floor":10,"turns":5},{"damage":13,"enemies":"Looter","floor":11,"turns":4},{"damage":5,"enemies":"2 Fungi Beasts","floor":13,"turns":4},{"damage":44,"enemies":"The Guardian","floor":16,"turns":11},{"damage":25,"enemies":"Spheric Guardian","floor":18,"turns":4},{"damage":7,"enemies":"Chosen","floor":22,"turns":5},{"damage":38,"enemies":"Slavers","floor":24,"turns":4},{"damage":12,"enemies":"Snake Plant","floor":25,"turns":4},{"damage":38,"enemies":"Masked Bandits","floor":27,"turns":3}],"seed_played":"-6252916211868338710","potions_obtained":[{"floor":1,"key":"Explosive Potion"},{"floor":3,"key":"SkillPotion"},{"floor":11,"key":"PowerPotion"},{"floor":16,"key":"Strength Potion"},{"floor":22,"key":"BloodPotion"}],"is_trial":false,"path_per_floor":["M","M","M","M","$","R","E","R","T","M","M","?","M","?","R","B",null,"M","T","$","?","M","R","E","M","T","?"],"character_chosen":"IRONCLAD","items_purchased":["Rage","Prayer Wheel"],"campfire_rested":2,"item_purchase_floors":[20,20],"current_hp_per_floor":[67,72,78,66,66,66,44,44,44,45,38,38,39,39,63,25,66,47,47,47,31,32,56,32,26,26,0],"gold":121,"neow_bonus":"ONE_RARE_RELIC","is_prod":false,"is_daily":false,"chose_seed":false,"campfire_upgraded":2,"win_rate":0,"timestamp":1550809662,"path_taken":["M","M","M","M","$","R","E","R","T","M","M","?","?","?","R","BOSS","M","?","$","?","M","R","E","M","T","?"],"build_version":"2019-01-23","purchased_purges":2,"victory":false,"max_hp_per_floor":[80,80,80,80,80,80,80,80,80,80,80,80,80,80,80,80,80,80,80,80,80,82,82,82,82,82,82],"card_choices":[{"not_picked":["Pummel","Sword Boomerang"],"picked":"Cleave","floor":1},{"not_picked":["Fire Breathing","Perfected Strike"],"picked":"True Grit","floor":2},{"not_picked":["Sword Boomerang","Perfected Strike"],"picked":"Inflame","floor":3},{"not_picked":["Rupture","Perfected Strike"],"picked":"True Grit","floor":4},{"not_picked":["Rupture","Rampage"],"picked":"Rage","floor":7},{"not_picked":["Anger","Shockwave"],"picked":"Spot Weakness","floor":10},{"not_picked":["Wild Strike","Cleave"],"picked":"Iron Wave","floor":11},{"not_picked":["True Grit","Heavy Blade"],"picked":"Clash","floor":13},{"not_picked":["Impervious","Offering"],"picked":"Limit Break","floor":16},{"not_picked":["Clash+1","Headbutt"],"picked":"Anger+1","floor":18},{"not_picked":["Havoc","Perfected Strike","Shrug It Off"],"picked":"Singing Bowl","floor":22},{"not_picked":["Heavy Blade","Anger"],"picked":"Iron Wave","floor":22},{"not_picked":["Headbutt","Clash"],"picked":"Impervious","floor":24},{"not_picked":["Heavy Blade+1","Warcry"],"picked":"Carnage+1","floor":25},{"not_picked":["Warcry","Iron Wave+1"],"picked":"Limit Break","floor":25}],"player_experience":820870,"relics_obtained":[{"floor":7,"key":"Kunai"},{"floor":9,"key":"Du-Vu Doll"},{"floor":17,"key":"Boot"},{"floor":17,"key":"Singing Bowl"},{"floor":17,"key":"Nunchaku"},{"floor":19,"key":"Orichalcum"},{"floor":21,"key":"Nilry\u0027s Codex"},{"floor":24,"key":"Molten Egg 2"},{"floor":26,"key":"Unceasing Top"}],"event_choices":[{"damage_healed":0,"gold_gain":0,"player_choice":"Paid Gold","damage_taken":0,"relics_obtained":["Peace Pipe"],"max_hp_gain":0,"max_hp_loss":0,"event_name":"WeMeetAgain","floor":12,"gold_loss":122},{"damage_healed":0,"gold_gain":275,"player_choice":"Desecrate","damage_taken":0,"max_hp_gain":0,"max_hp_loss":0,"event_name":"Golden Shrine","floor":14,"gold_loss":0,"cards_obtained":["Regret"]},{"damage_healed":0,"gold_gain":0,"player_choice":"Obtained Book","damage_taken":16,"max_hp_gain":0,"max_hp_loss":0,"event_name":"Cursed Tome","floor":21,"gold_loss":0},{"damage_healed":0,"gold_gain":0,"player_choice":"Fought Bandits","damage_taken":0,"max_hp_gain":0,"max_hp_loss":0,"event_name":"Masked Bandits","floor":27,"gold_loss":0}],"is_beta":false,"boss_relics":[{"not_picked":["Snecko Eye","Velvet Choker"],"picked":"Calling Bell"}],"items_purged_floors":[5,20],"is_endless":false,"potions_floor_spawned":[1,3,11,16,22],"killed_by":"Masked Bandits","ascension_level":8}