{"gold_per_floor":[110,122,92,112,112,143,143,176,228,258,258],"floor_reached":11,"playtime":278,"items_purged":[],"score":168,"play_id":"f8f836e5-1503-4ae2-9401-f5eeab5511ad","local_time":"20190304020138","is_ascension_mode":true,"campfire_choices":[{"data":"White Noise","floor":7,"key":"SMITH"}],"neow_cost":"NONE","seed_source_timestamp":1513809953368968,"circlet_count":0,"master_deck":["Strike_B","Strike_B","Strike_B","Strike_B","Defend_B","Defend_B","Defend_B","Defend_B","Zap","Dualcast","Chill","White Noise+1","Amplify","Consume","White Noise"],"relics":["Cracked Core","NeowsBlessing","NlothsMask","Mummified Hand","Potion Belt","Omamori"],"potions_floor_usage":[8,8,11],"damage_taken":[{"damage":0,"enemies":"Small Slimes","floor":1,"turns":1},{"damage":0,"enemies":"Cultist","floor":2,"turns":1},{"damage":0,"enemies":"2 Louse","floor":4,"turns":1},{"damage":38,"enemies":"Gremlin Nob","floor":6,"turns":4},{"damage":0,"enemies":"3 Sentries","floor":8,"turns":3},{"damage":19,"enemies":"Lagavulin","floor":10,"turns":5},{"damage":23,"enemies":"Lots of Slimes","floor":11,"turns":2}],"seed_played":"460946028130091586","potions_obtained":[{"floor":1,"key":"Regen Potion"},{"floor":3,"key":"FocusPotion"},{"floor":3,"key":"SteroidPotion"},{"floor":10,"key":"SteroidPotion"}],"is_trial":false,"path_per_floor":["M","M","?","M","?","E","R","E","T","E","M"],"character_chosen":"DEFECT","items_purchased":[],"campfire_rested":0,"item_purchase_floors":[],"current_hp_per_floor":[68,68,68,68,68,30,30,39,39,20,0],"gold":258,"neow_bonus":"THREE_ENEMY_KILL","is_prod":false,"is_daily":false,"chose_seed":false,"campfire_upgraded":1,"win_rate":0,"timestamp":1551675698,"path_taken":["M","M","?","?","?","E","R","E","T","E","M"],"build_version":"2019-01-23","purchased_purges":0,"victory":false,"max_hp_per_floor":[75,75,75,75,75,75,75,75,75,75,75],"card_choices":[{"not_picked":["Scrape","Melter"],"picked":"Chill","floor":1},{"not_picked":["Melter","Heatsinks"],"picked":"White Noise","floor":2},{"not_picked":["Streamline","Stack","Reprogram"],"picked":"SKIP","floor":4},{"not_picked":["Go for the Eyes","Leap"],"picked":"Amplify","floor":6},{"not_picked":["Darkness","Barrage"],"picked":"Consume","floor":8},{"not_picked":["Leap","Barrage"],"picked":"White Noise","floor":10}],"player_experience":886510,"relics_obtained":[{"floor":6,"key":"Mummified Hand"},{"floor":8,"key":"Potion Belt"},{"floor":10,"key":"Omamori"}],"event_choices":[{"damage_healed":0,"gold_gain":0,"player_choice":"Bought 2 Potions","damage_taken":0,"max_hp_gain":0,"max_hp_loss":0,"event_name":"The Woman in Blue","floor":3,"gold_loss":0},{"damage_healed":0,"gold_gain":0,"player_choice":"Trade","damage_taken":0,"relics_obtained":["NlothsMask"],"max_hp_gain":0,"max_hp_loss":0,"event_name":"FaceTrader","floor":5,"gold_loss":0}],"is_beta":false,"boss_relics":[],"items_purged_floors":[],"is_endless":false,"potions_floor_spawned":[1,6,10],"killed_by":"Lots of Slimes","ascension_level":9}