{"gold_per_floor":[212,40,51,51,51,51,70,70,70,106,121,157,170,191,191,285,285,285,30,30,30,0,0,0,0,0,0],"floor_reached":27,"playtime":1178,"items_purged":[],"score":482,"play_id":"6cd867ab-ab91-4063-9726-40bcb91384d3","local_time":"20190505164428","is_ascension_mode":true,"campfire_choices":[{"data":"Sword Boomerang","floor":6.0,"key":"SMITH"},{"floor":8.0,"key":"REST"},{"data":"Armaments","floor":15.0,"key":"SMITH"},{"data":"Uppercut","floor":23.0,"key":"SMITH"},{"data":"True Grit","floor":25,"key":"SMITH"}],"neow_cost":"NONE","seed_source_timestamp":0,"circlet_count":0,"master_deck":["AscendersBane","Strike_R","Strike_R","Strike_R","Strike_R","Defend_R","Defend_R","Defend_R","Defend_R","Bash+1","Sword Boomerang+1","Shrug It Off","Headbutt","True Grit+1","Uppercut+1","Disarm","Armaments+1","Feed","Shockwave","Feel No Pain","Feel No Pain","Inflame"],"special_seed":0,"relics":["Burning Blood","Vajra","Golden Idol","Dead Branch","Anchor","Meat on the Bone","Ectoplasm","Potion Belt","Tiny Chest","PreservedInsect"],"potions_floor_usage":[24,27],"damage_taken":[{"damage":7.0,"enemies":"Cultist","floor":1.0,"turns":4.0},{"damage":10.0,"enemies":"Small Slimes","floor":3.0,"turns":3.0},{"damage":4.0,"enemies":"Jaw Worm","floor":7.0,"turns":4.0},{"damage":8.0,"enemies":"Gremlin Nob","floor":10.0,"turns":3.0},{"damage":0.0,"enemies":"Looter","floor":11.0,"turns":2.0},{"damage":2.0,"enemies":"3 Sentries","floor":12.0,"turns":4.0},{"damage":2.0,"enemies":"Blue Slaver","floor":13.0,"turns":3.0},{"damage":0.0,"enemies":"2 Fungi Beasts","floor":14.0,"turns":3.0},{"damage":17.0,"enemies":"The Guardian","floor":16.0,"turns":13.0},{"damage":3.0,"enemies":"3 Byrds","floor":18.0,"turns":7.0},{"damage":11.0,"enemies":"2 Thieves","floor":22.0,"turns":4.0},{"damage":68,"enemies":"Slavers","floor":24,"turns":9},{"damage":37,"enemies":"Gremlin Leader","floor":27,"turns":6}],"seed_played":"-2249843754643403647","potions_obtained":[{"floor":3.0,"key":"Ancient Potion"},{"floor":11.0,"key":"Energy Potion"},{"floor":22.0,"key":"FearPotion"},{"floor":24,"key":"Fire Potion"}],"is_trial":false,"path_per_floor":["M","$","M","?","?","R","M","R","T","E","M","E","M","M","R","B",null,"M","$","?","$","M","R","E","R","T","E"],"character_chosen":"IRONCLAD","items_purchased":["Vajra","Feel No Pain","Potion Belt"],"campfire_rested":1,"item_purchase_floors":[2,19,19],"current_hp_per_floor":[67,67,63,37,37,37,39,61,61,59,65,69,73,75,75,64,72,78,78,78,78,76,76,29,29,29,0],"gold":0,"neow_bonus":"HUNDRED_GOLD","is_prod":false,"is_daily":false,"chose_seed":false,"campfire_upgraded":4,"win_rate":0,"timestamp":1557089068,"path_taken":["M","$","M","?","?","R","M","R","T","E","?","E","M","M","R","BOSS","M","$","?","?","M","R","E","R","T","E"],"build_version":"2019-04-23","purchased_purges":0,"victory":false,"max_hp_per_floor":[75,75,75,75,75,75,75,75,75,75,75,75,75,75,75,75,75,78,78,78,78,81,81,84,84,84,84],"card_choices":[{"not_picked":["Havoc","Armaments"],"picked":"Sword Boomerang","floor":1.0},{"not_picked":["Corruption","Intimidate"],"picked":"Shrug It Off","floor":3.0},{"not_picked":["Havoc","Rampage"],"picked":"Headbutt","floor":7.0},{"not_picked":["Barricade","Headbutt"],"picked":"True Grit","floor":10.0},{"not_picked":["Perfected Strike","Pummel","Pommel Strike"],"picked":"SKIP","floor":11.0},{"not_picked":["Blood for Blood","Sever Soul"],"picked":"Uppercut","floor":12.0},{"not_picked":["Twin Strike","Thunderclap"],"picked":"Disarm","floor":13.0},{"not_picked":["Sever Soul","Rupture"],"picked":"Armaments","floor":14.0},{"not_picked":["Immolate","Limit Break"],"picked":"Feed","floor":16.0},{"not_picked":["Pommel Strike","Ghostly Armor+1"],"picked":"Shockwave","floor":18.0},{"not_picked":["Shrug It Off","Iron Wave+1"],"picked":"Feel No Pain","floor":22.0},{"not_picked":["Sword Boomerang","Flex"],"picked":"Inflame","floor":24}],"player_experience":804812,"relics_obtained":[{"floor":9.0,"key":"Dead Branch"},{"floor":10.0,"key":"Anchor"},{"floor":12.0,"key":"Meat on the Bone"},{"floor":24,"key":"Tiny Chest"},{"floor":26,"key":"PreservedInsect"}],"event_choices":[{"damage_healed":0.0,"max_hp_gain":0.0,"max_hp_loss":0.0,"gold_gain":0.0,"event_name":"Golden Idol","player_choice":"Take Damage","floor":4.0,"gold_loss":0.0,"damage_taken":26.0,"relics_obtained":["Golden Idol"]},{"damage_healed":0.0,"max_hp_gain":0.0,"max_hp_loss":0.0,"gold_gain":0.0,"event_name":"Accursed Blacksmith","player_choice":"Forge","floor":5.0,"gold_loss":0.0,"damage_taken":0.0,"cards_upgraded":["Bash"]},{"cards_removed":["Strike_R"],"damage_healed":0.0,"max_hp_gain":0.0,"max_hp_loss":0.0,"gold_gain":0.0,"event_name":"Purifier","player_choice":"Purged","floor":20.0,"gold_loss":0.0,"damage_taken":0.0}],"is_beta":true,"boss_relics":[{"not_picked":["Runic Pyramid","Runic Cube"],"picked":"Ectoplasm"}],"items_purged_floors":[],"is_endless":false,"potions_floor_spawned":[3,11,13,22,24],"killed_by":"Gremlin Leader","ascension_level":20}