{"gold_per_floor":[119,119,138,138,138,171,171,210,210,235,248,248,248,173,173,301,301,319,333,333,349,45,45,89,20,46,79,79,112,112,137,137,260,260,283,302,315,62,86,86,127,127,180,195,195,214,13,28,28,28,28,28,28,71,71],"floor_reached":56,"playtime":3572,"items_purged":["Strike_B","Strike_B","Defend_B"],"score":1272,"play_id":"5d287ba8-65c7-4de9-86e7-aa77ed8ec8db","local_time":"20190315203713","is_ascension_mode":false,"campfire_choices":[{"floor":7,"key":"REST"},{"data":"Zap","floor":12,"key":"SMITH"},{"floor":15,"key":"REST"},{"data":"Strike_B","floor":23,"key":"PURGE"},{"data":"Defend_B","floor":30,"key":"PURGE"},{"data":"Strike_B","floor":32,"key":"PURGE"},{"data":"Defend_B","floor":40,"key":"PURGE"},{"floor":45,"key":"RECALL"},{"data":"1","floor":49,"key":"LIFT"},{"data":"2","floor":52,"key":"LIFT"}],"neow_cost":"TEN_PERCENT_HP_LOSS","seed_source_timestamp":211236037808230,"circlet_count":0,"master_deck":["Defend_B","Zap+1","Dualcast","Hologram+1","Rip and Tear+1","Ball Lightning","Creative AI","Consume+1","Steam","Echo Form","Auto Shields+1","Cold Snap+1","Seek","Glacier","Coolheaded","Recycle+1","Core Surge","BootSequence+1","Storm","Glacier+1","Electrodynamics","Loop+1"],"relics":["Cracked Core","Peace Pipe","Golden Idol","Incense Burner","Centennial Puzzle","Pear","Fusion Hammer","Happy Flower","Potion Belt","Girya","Blood Vial","Smiling Mask","Darkstone Periapt","Runic Pyramid","OrangePellets","Anchor","Bottled Lightning","Oddly Smooth Stone","Bag of Preparation"],"potions_floor_usage":[6,11,21,24,24,27,27,28,36,37,39,54,55,55,55,55],"damage_taken":[{"damage":0,"enemies":"Small Slimes","floor":1,"turns":2},{"damage":7,"enemies":"Jaw Worm","floor":3,"turns":4},{"damage":23,"enemies":"Lagavulin","floor":6,"turns":6},{"damage":32,"enemies":"Gremlin Nob","floor":8,"turns":4},{"damage":0,"enemies":"2 Louse","floor":10,"turns":2},{"damage":3,"enemies":"Lots of Slimes","floor":11,"turns":2},{"damage":9,"enemies":"Slime Boss","floor":16,"turns":8},{"damage":8,"enemies":"Shell Parasite","floor":18,"turns":5},{"damage":0,"enemies":"Spheric Guardian","floor":19,"turns":3},{"damage":7,"enemies":"3 Cultists","floor":21,"turns":5},{"damage":9,"enemies":"Book of Stabbing","floor":24,"turns":4},{"damage":12,"enemies":"Slavers","floor":27,"turns":4},{"damage":0,"enemies":"Snake Plant","floor":28,"turns":2},{"damage":2,"enemies":"Book of Stabbing","floor":29,"turns":6},{"damage":10,"enemies":"Centurion and Healer","floor":31,"turns":6},{"damage":0,"enemies":"Automaton","floor":33,"turns":11},{"damage":0,"enemies":"3 Darklings","floor":35,"turns":5},{"damage":0,"enemies":"3 Shapes","floor":36,"turns":5},{"damage":2,"enemies":"Sphere and 2 Shapes","floor":37,"turns":5},{"damage":1,"enemies":"Writhing Mass","floor":39,"turns":7},{"damage":0,"enemies":"Nemesis","floor":41,"turns":5},{"damage":0,"enemies":"Jaw Worm Horde","floor":44,"turns":6},{"damage":0,"enemies":"Maw","floor":46,"turns":6},{"damage":0,"enemies":"3 Darklings","floor":48,"turns":3},{"damage":23,"enemies":"Donu and Deca","floor":50,"turns":7},{"damage":5,"enemies":"Shield and Spear","floor":54,"turns":4},{"damage":47,"enemies":"The Heart","floor":55,"turns":10}],"seed_played":"7328174956499552923","potions_obtained":[{"floor":3,"key":"FearPotion"},{"floor":8,"key":"EssenceOfSteel"},{"floor":10,"key":"AttackPotion"},{"floor":19,"key":"LiquidBronze"},{"floor":21,"key":"EntropicBrew"},{"floor":31,"key":"Fire Potion"},{"floor":33,"key":"Energy Potion"},{"floor":35,"key":"Dexterity Potion"},{"floor":36,"key":"Poison Potion"},{"floor":39,"key":"Weak Potion"},{"floor":54,"key":"EssenceOfSteel"}],"is_trial":false,"path_per_floor":["M","?","M","?","?","E","R","E","T","M","M","R","?","$","R","B",null,"M","M","?","M","$","R","E","$","T","E","M","E","R","M","R","B",null,"M","M","M","$","M","R","E","T","T","M","R","M","$","M","R","B",null,"R","$","E","B",null],"character_chosen":"DEFECT","items_purchased":["Happy Flower","Potion Belt","Glacier","OrangePellets","Oddly Smooth Stone"],"campfire_rested":2,"item_purchase_floors":[22,22,25,38,47],"current_hp_per_floor":[68,51,44,44,44,21,41,9,19,19,16,16,16,16,39,30,78,70,70,70,63,63,63,54,54,54,44,46,46,46,38,38,40,78,78,78,76,76,77,77,78,78,78,78,78,78,78,78,78,55,78,78,78,73,28],"gold":71,"neow_bonus":"ONE_RARE_RELIC","is_prod":false,"is_daily":false,"chose_seed":false,"campfire_upgraded":1,"win_rate":0,"timestamp":1552682233,"path_taken":["M","?","M","?","?","E","R","E","T","?","M","R","?","$","R","BOSS","M","?","?","M","$","R","E","?","T","E","M","E","R","M","R","BOSS","M","M","M","$","M","R","E","?","T","M","R","M","$","M","R","BOSS","R","$","E","BOSS"],"build_version":"2019-02-06","purchased_purges":3,"victory":true,"max_hp_per_floor":[68,68,68,68,68,68,68,68,78,78,78,78,78,78,78,78,78,78,78,78,78,78,78,78,78,78,78,78,78,78,78,78,78,78,78,78,78,78,78,78,78,78,78,78,78,78,78,78,78,78,78,78,78,78,78],"card_choices":[{"not_picked":["Loop","Hello World"],"picked":"Hologram","floor":1},{"not_picked":["Leap","Melter"],"picked":"Rip and Tear","floor":3},{"not_picked":["Aggregate","Capacitor"],"picked":"Ball Lightning","floor":6},{"not_picked":["Scrape","Go for the Eyes"],"picked":"Creative AI","floor":8},{"not_picked":["Redo","Cold Snap"],"picked":"Consume","floor":10},{"not_picked":["Consume","Sunder"],"picked":"Steam","floor":11},{"not_picked":["Buffer","Hyperbeam"],"picked":"Echo Form","floor":16},{"not_picked":["Hologram+1","Ball Lightning"],"picked":"Auto Shields+1","floor":18},{"not_picked":["Redo","Skim"],"picked":"Cold Snap+1","floor":19},{"not_picked":["Hello World","Force Field","Hologram+1"],"picked":"SKIP","floor":21},{"not_picked":["Cold Snap","Rebound"],"picked":"Seek","floor":24},{"not_picked":["Leap","Chaos+1"],"picked":"Coolheaded","floor":27},{"not_picked":["Ball Lightning","Self Repair"],"picked":"Recycle+1","floor":29},{"not_picked":["Stack","Beam Cell","Scrape"],"picked":"SKIP","floor":31},{"not_picked":["All For One","Thunder Strike"],"picked":"Core Surge","floor":33},{"not_picked":["Stack+1","Hello World+1"],"picked":"BootSequence+1","floor":35},{"not_picked":["Doom and Gloom","Coolheaded"],"picked":"Storm","floor":36},{"not_picked":["Beam Cell","Gash+1","Loop"],"picked":"SKIP","floor":37},{"not_picked":["Streamline","Chaos","Defragment"],"picked":"SKIP","floor":39},{"not_picked":["Hologram","Aggregate+1"],"picked":"Glacier+1","floor":41},{"not_picked":["Self Repair+1","Sweeping Beam"],"picked":"Electrodynamics","floor":44},{"not_picked":["Rebound+1","Gash+1","Sunder+1"],"picked":"SKIP","floor":46},{"not_picked":["Coolheaded","Compile Driver","Redo"],"picked":"SKIP","floor":48},{"not_picked":["Leap","Sweeping Beam+1"],"picked":"Loop+1","floor":54}],"player_experience":1092781,"relics_obtained":[{"floor":6,"key":"Incense Burner"},{"floor":8,"key":"Centennial Puzzle"},{"floor":9,"key":"Pear"},{"floor":24,"key":"Girya"},{"floor":26,"key":"Blood Vial"},{"floor":27,"key":"Smiling Mask"},{"floor":29,"key":"Darkstone Periapt"},{"floor":41,"key":"Anchor"},{"floor":42,"key":"Bottled Lightning"},{"floor":54,"key":"Bag of Preparation"}],"event_choices":[{"damage_healed":0,"gold_gain":0,"player_choice":"Take Damage","damage_taken":17,"relics_obtained":["Golden Idol"],"max_hp_gain":0,"max_hp_loss":0,"event_name":"Golden Idol","floor":2,"gold_loss":0},{"damage_healed":0,"gold_gain":0,"player_choice":"Grow","damage_taken":0,"max_hp_gain":0,"max_hp_loss":0,"event_name":"Living Wall","floor":4,"gold_loss":0,"cards_upgraded":["Rip and Tear"]},{"damage_healed":0,"gold_gain":0,"player_choice":"Ignored","damage_taken":0,"max_hp_gain":0,"max_hp_loss":0,"event_name":"NoteForYourself","floor":5,"gold_loss":0},{"damage_healed":0,"gold_gain":0,"player_choice":"Forge","damage_taken":0,"max_hp_gain":0,"max_hp_loss":0,"event_name":"Accursed Blacksmith","floor":13,"gold_loss":0,"cards_upgraded":["Consume"]},{"damage_healed":0,"gold_gain":0,"player_choice":"Upgraded","damage_taken":0,"max_hp_gain":0,"max_hp_loss":0,"event_name":"Upgrade Shrine","floor":20,"gold_loss":0,"cards_upgraded":["Hologram"]}],"is_beta":true,"boss_relics":[{"not_picked":["Pandora\u0027s Box","FrozenCore"],"picked":"Fusion Hammer"},{"not_picked":["Cursed Key","Tiny House"],"picked":"Runic Pyramid"}],"items_purged_floors":[14,38,47],"is_endless":false,"potions_floor_spawned":[3,8,10,19,21,31,33,35,36,39,54],"ascension_level":0}