{"gold_per_floor":[111,125,97,109,126,126,156,156,156,156,168,202,202,221,221,297,297,307,322,322,336,261,261,274,285,285,285],"floor_reached":27,"playtime":955,"items_purged":[],"score":454,"play_id":"525251da-9edd-4bdb-9d05-c03aceacd7c9","local_time":"20190427170842","is_ascension_mode":true,"campfire_choices":[{"data":"Consume","floor":6.0,"key":"SMITH"},{"data":"Capacitor","floor":8.0,"key":"SMITH"},{"data":"Streamline","floor":10.0,"key":"SMITH"},{"floor":15.0,"key":"REST"},{"floor":23.0,"key":"REST"}],"neow_cost":"NONE","seed_source_timestamp":378214414479500,"circlet_count":0,"master_deck":["AscendersBane","Strike_B+1","Strike_B+1","Strike_B","Defend_B","Defend_B","Defend_B","Defend_B","Zap","Dualcast","Ball Lightning","Consume+1","Leap","Streamline+1","Cold Snap","Capacitor+1","Coolheaded","Leap","Machine Learning","Capacitor","BootSequence","Ball Lightning"],"special_seed":0,"relics":["Cracked Core","Whetstone","Blue Candle","Gambling Chip","Philosopher\u0027s Stone","Ornamental Fan"],"potions_floor_usage":[24],"damage_taken":[{"damage":1.0,"enemies":"Cultist","floor":1.0,"turns":3.0},{"damage":0.0,"enemies":"Jaw Worm","floor":2.0,"turns":3.0},{"damage":5.0,"enemies":"2 Louse","floor":4.0,"turns":2.0},{"damage":7.0,"enemies":"Blue Slaver","floor":5.0,"turns":3.0},{"damage":28.0,"enemies":"Gremlin Nob","floor":7.0,"turns":4.0},{"damage":0.0,"enemies":"3 Louse","floor":11.0,"turns":3.0},{"damage":15.0,"enemies":"3 Sentries","floor":12.0,"turns":7.0},{"damage":15.0,"enemies":"Exordium Wildlife","floor":14.0,"turns":4.0},{"damage":25.0,"enemies":"Slime Boss","floor":16.0,"turns":10.0},{"damage":2.0,"enemies":"Spheric Guardian","floor":18.0,"turns":5.0},{"damage":10.0,"enemies":"Chosen","floor":19.0,"turns":6.0},{"damage":21.0,"enemies":"Centurion and Healer","floor":21.0,"turns":7.0},{"damage":23,"enemies":"Chosen and Byrds","floor":24,"turns":8},{"damage":30,"enemies":"Snake Plant","floor":25,"turns":5},{"damage":19,"enemies":"Cultist and Chosen","floor":27,"turns":3}],"seed_played":"492264576478315988","potions_obtained":[{"floor":7.0,"key":"SteroidPotion"},{"floor":11.0,"key":"AttackPotion"},{"floor":12.0,"key":"GamblersBrew"},{"floor":13.0,"key":"Fruit Juice"},{"floor":13.0,"key":"Regen Potion"},{"floor":14.0,"key":"Ancient Potion"},{"floor":18.0,"key":"Dexterity Potion"}],"is_trial":false,"path_per_floor":["M","M","$","M","M","R","E","R","T","R","M","E","?","M","R","B",null,"M","M","?","M","?","R","M","M","T","M"],"character_chosen":"DEFECT","items_purchased":["Leap"],"campfire_rested":2,"item_purchase_floors":[3],"current_hp_per_floor":[70,70,70,65,58,58,30,30,30,30,30,15,20,14,38,13,66,64,54,54,33,33,57,34,4,4,0],"gold":285,"neow_bonus":"TEN_PERCENT_HP_BONUS","is_prod":false,"is_daily":false,"chose_seed":false,"campfire_upgraded":3,"win_rate":0,"timestamp":1556377722,"path_taken":["M","M","$","?","M","R","E","R","T","R","M","E","?","?","R","BOSS","M","M","?","M","?","R","M","M","T","M"],"build_version":"2019-01-23","purchased_purges":0,"victory":false,"max_hp_per_floor":[78,78,78,78,78,78,78,78,78,78,78,78,83,83,83,83,83,83,83,83,83,83,83,83,83,83,83],"card_choices":[{"not_picked":["Capacitor","Undo"],"picked":"Ball Lightning","floor":1.0},{"not_picked":["Redo","Hologram"],"picked":"Consume","floor":2.0},{"not_picked":["Chaos","Amplify"],"picked":"Streamline","floor":4.0},{"not_picked":["Stack","Turbo"],"picked":"Cold Snap","floor":5.0},{"not_picked":["Rebound","Blizzard"],"picked":"Capacitor","floor":7.0},{"not_picked":["Capacitor","Static Discharge"],"picked":"Coolheaded","floor":11.0},{"not_picked":["Hologram","Recycle","Rebound"],"picked":"SKIP","floor":12.0},{"not_picked":["White Noise","Compile Driver"],"picked":"Leap","floor":14.0},{"not_picked":["Thunder Strike","Meteor Strike"],"picked":"Machine Learning","floor":16.0},{"not_picked":["Gash","Beam Cell"],"picked":"Capacitor","floor":18.0},{"not_picked":["Streamline","Reinforced Body","Steam"],"picked":"SKIP","floor":19.0},{"not_picked":["Gash","Amplify","Steam"],"picked":"SKIP","floor":21.0},{"not_picked":["Hologram","Stack"],"picked":"BootSequence","floor":24},{"not_picked":["Streamline","Redo"],"picked":"Ball Lightning","floor":25}],"player_experience":635457,"relics_obtained":[{"floor":7.0,"key":"Whetstone"},{"floor":9.0,"key":"Blue Candle"},{"floor":12.0,"key":"Gambling Chip"},{"floor":26,"key":"Ornamental Fan"}],"event_choices":[{"damage_healed":0.0,"max_hp_gain":0.0,"max_hp_loss":0.0,"gold_gain":0.0,"event_name":"Lab","player_choice":"Got Potions","floor":13.0,"gold_loss":0.0,"damage_taken":0.0},{"damage_healed":0.0,"max_hp_gain":0.0,"max_hp_loss":0.0,"gold_gain":0.0,"event_name":"Cursed Tome","player_choice":"Ignored","floor":20.0,"gold_loss":0.0,"damage_taken":0.0},{"cards_removed":["Strike_B"],"damage_healed":0.0,"max_hp_gain":0.0,"max_hp_loss":0.0,"gold_gain":0.0,"event_name":"Beggar","player_choice":"Gave Gold","floor":22.0,"gold_loss":75.0,"damage_taken":0.0}],"is_beta":false,"boss_relics":[{"not_picked":["Busted Crown","Black Star"],"picked":"Philosopher\u0027s Stone"}],"items_purged_floors":[],"is_endless":false,"potions_floor_spawned":[7,11,12,14,18],"killed_by":"Cultist and Chosen","ascension_level":20}