{"gold_per_floor":[169,244,257,42,42,76,76,108,156,156],"floor_reached":10,"playtime":474,"items_purged":["Strike_B"],"score":148,"play_id":"c9f5f56d-0dd1-41c8-a7f5-52a5ece415de","local_time":"20190406203031","is_ascension_mode":true,"campfire_choices":[{"floor":7,"key":"REST"}],"neow_cost":"NONE","seed_source_timestamp":13721285642785,"circlet_count":0,"master_deck":["AscendersBane","Strike_B+1","Strike_B","Strike_B","Defend_B","Defend_B","Defend_B","Defend_B","Zap","Dualcast","Cold Snap","Sweeping Beam","Conserve Battery","Compile Driver","Rainbow","Cold Snap","Ball Lightning"],"relics":["Tiny House","Anchor","Omamori","Centennial Puzzle"],"potions_floor_usage":[6,8],"damage_taken":[{"damage":12,"enemies":"Jaw Worm","floor":1,"turns":4},{"damage":8,"enemies":"2 Louse","floor":3,"turns":2},{"damage":30,"enemies":"Gremlin Nob","floor":6,"turns":4},{"damage":19,"enemies":"3 Sentries","floor":8,"turns":7},{"damage":33,"enemies":"Gremlin Nob","floor":10,"turns":3}],"seed_played":"-7231092749972194169","potions_obtained":[{"floor":0,"key":"SteroidPotion"},{"floor":6,"key":"Regen Potion"}],"is_trial":false,"path_per_floor":["M","?","M","$","?","E","R","E","T","E"],"character_chosen":"DEFECT","items_purchased":["Compile Driver","Rainbow"],"campfire_rested":1,"item_purchase_floors":[4,4],"current_hp_per_floor":[57,46,38,38,38,8,30,26,26,0],"gold":156,"neow_bonus":"BOSS_RELIC","is_prod":false,"is_daily":false,"chose_seed":false,"campfire_upgraded":0,"win_rate":0,"timestamp":1554597031,"path_taken":["M","?","M","$","?","E","R","E","T","E"],"build_version":"2019-01-23","purchased_purges":1,"victory":false,"max_hp_per_floor":[76,76,76,76,76,76,76,76,76,76],"card_choices":[{"not_picked":["Turbo","Auto Shields"],"picked":"Cold Snap","floor":0},{"not_picked":["Turbo","Barrage"],"picked":"Sweeping Beam","floor":1},{"not_picked":["Compile Driver","Hologram"],"picked":"Conserve Battery","floor":3},{"not_picked":["Streamline","Rip and Tear"],"picked":"Cold Snap","floor":6},{"not_picked":["Hologram","Self Repair"],"picked":"Ball Lightning","floor":8}],"player_experience":1243215,"relics_obtained":[{"floor":6,"key":"Anchor"},{"floor":8,"key":"Omamori"},{"floor":9,"key":"Centennial Puzzle"}],"event_choices":[{"damage_healed":0,"gold_gain":75,"player_choice":"Gather Gold","damage_taken":11,"max_hp_gain":0,"max_hp_loss":0,"event_name":"World of Goop","floor":2,"gold_loss":0},{"damage_healed":0,"gold_gain":0,"player_choice":"Fled","damage_taken":0,"max_hp_gain":0,"max_hp_loss":0,"event_name":"Scrap Ooze","floor":5,"gold_loss":0}],"is_beta":false,"boss_relics":[],"items_purged_floors":[4],"is_endless":false,"potions_floor_spawned":[6],"killed_by":"Gremlin Nob","ascension_level":20}