{"gold_per_floor":[360,325,325,325,388,388,404,529,555,39,67,67,82,93,93,198,248,267,317,367,387,437,437,437],"floor_reached":24,"playtime":542,"items_purged":["Regret"],"score":272,"play_id":"a1e0eae4-aac9-41d5-8452-788cea339357","local_time":"20190130183927","is_ascension_mode":true,"campfire_choices":[{"data":"Fusion","floor":6,"key":"SMITH"},{"floor":12,"key":"REST"},{"floor":15,"key":"REST"},{"floor":23,"key":"REST"}],"neow_cost":"TEN_PERCENT_HP_LOSS","seed_source_timestamp":64498236079589,"circlet_count":0,"master_deck":["Strike_B","Strike_B","Strike_B","Strike_B","Defend_B","Defend_B","Defend_B","Defend_B","Zap","Dualcast","Fusion+1","FTL","Ball Lightning","Gash","Amplify","Leap","Fusion+1","Defragment","Biased Cognition","Defragment","Coolheaded+1","Necronomicurse","Cold Snap+1","Writhe"],"relics":["Cracked Core","Smiling Mask","SsserpentHead","Juzu Bracelet","Strange Spoon","Happy Flower","Mercury Hourglass","Tiny House","Necronomicon","Peace Pipe"],"potions_floor_usage":[16,24,24,24],"damage_taken":[{"damage":4,"enemies":"Small Slimes","floor":1,"turns":3},{"damage":13,"enemies":"2 Louse","floor":5,"turns":2},{"damage":3,"enemies":"Cultist","floor":7,"turns":3},{"damage":28,"enemies":"Gremlin Nob","floor":11,"turns":4},{"damage":7,"enemies":"Blue Slaver","floor":13,"turns":3},{"damage":9,"enemies":"Large Slime","floor":14,"turns":5},{"damage":21,"enemies":"The Guardian","floor":16,"turns":12},{"damage":12,"enemies":"Chosen","floor":18,"turns":4},{"damage":29,"enemies":"3 Byrds","floor":21,"turns":4},{"damage":28,"enemies":"Slavers","floor":24,"turns":1}],"seed_played":"-1726005791419918511","potions_obtained":[{"floor":13,"key":"Weak Potion"},{"floor":16,"key":"GamblersBrew"},{"floor":17,"key":"SteroidPotion"},{"floor":21,"key":"Poison Potion"}],"is_trial":false,"path_per_floor":["M","?","?","?","M","R","M","?","T","$","E","R","M","M","R","B",null,"M","?","?","M","?","R","E"],"character_chosen":"DEFECT","items_purchased":["Strange Spoon","Happy Flower","Gash","Amplify"],"campfire_rested":3,"item_purchase_floors":[10,10,10,10],"current_hp_per_floor":[64,68,68,68,55,55,52,41,41,41,13,33,26,17,37,16,60,48,32,32,3,3,24,0],"gold":437,"neow_bonus":"TWO_FIFTY_GOLD","is_prod":false,"is_daily":false,"chose_seed":false,"campfire_upgraded":1,"win_rate":0,"timestamp":1548884367,"path_taken":["M","?","?","?","?","R","M","?","T","$","E","R","M","M","R","BOSS","M","?","?","M","?","R","E"],"build_version":"2019-01-23","purchased_purges":1,"victory":false,"max_hp_per_floor":[68,68,68,68,68,68,68,68,68,68,68,68,68,68,68,68,73,73,73,73,73,73,73,73],"card_choices":[{"not_picked":["Hologram","Compile Driver"],"picked":"Fusion","floor":1},{"not_picked":["Undo","Redo"],"picked":"FTL","floor":5},{"not_picked":["Steam","Compile Driver"],"picked":"Ball Lightning","floor":7},{"not_picked":["Stack","Undo"],"picked":"Leap","floor":11},{"not_picked":["Reinforced Body","Multi-Cast"],"picked":"Fusion","floor":13},{"not_picked":["Go for the Eyes","Beam Cell"],"picked":"Defragment","floor":14},{"not_picked":["All For One","Meteor Strike"],"picked":"Biased Cognition","floor":16},{"not_picked":["Ball Lightning","Streamline"],"picked":"Defragment","floor":17},{"not_picked":["Rebound","Auto Shields"],"picked":"Coolheaded+1","floor":18},{"not_picked":["Barrage","Blizzard"],"picked":"Cold Snap+1","floor":21}],"player_experience":690761,"relics_obtained":[{"floor":9,"key":"Juzu Bracelet"},{"floor":11,"key":"Mercury Hourglass"},{"floor":19,"key":"Necronomicon"}],"event_choices":[{"damage_healed":17,"gold_gain":0,"player_choice":"Healed","damage_taken":0,"max_hp_gain":0,"max_hp_loss":0,"event_name":"The Cleric","floor":2,"gold_loss":35},{"damage_healed":0,"gold_gain":0,"player_choice":"Box","damage_taken":0,"relics_obtained":["Smiling Mask"],"max_hp_gain":0,"max_hp_loss":0,"event_name":"Big Fish","floor":3,"gold_loss":0,"cards_obtained":["Regret"]},{"damage_healed":0,"gold_gain":0,"player_choice":"Trade","damage_taken":0,"relics_obtained":["SsserpentHead"],"max_hp_gain":0,"max_hp_loss":0,"event_name":"FaceTrader","floor":4,"gold_loss":0},{"damage_healed":0,"gold_gain":75,"player_choice":"Gather Gold","damage_taken":11,"max_hp_gain":0,"max_hp_loss":0,"event_name":"World of Goop","floor":8,"gold_loss":0},{"damage_healed":0,"gold_gain":0,"player_choice":"Obtained Book","damage_taken":16,"max_hp_gain":0,"max_hp_loss":0,"event_name":"Cursed Tome","floor":19,"gold_loss":0},{"damage_healed":0,"gold_gain":0,"player_choice":"Ignored","damage_taken":0,"max_hp_gain":0,"max_hp_loss":0,"event_name":"Beggar","floor":20,"gold_loss":0},{"damage_healed":0,"gold_gain":0,"player_choice":"Opened","damage_taken":0,"relics_obtained":["Peace Pipe"],"max_hp_gain":0,"max_hp_loss":0,"event_name":"The Mausoleum","floor":22,"gold_loss":0,"cards_obtained":["Writhe"]}],"is_beta":false,"boss_relics":[{"not_picked":["Eternal Feather","Orrery"],"picked":"Tiny House"}],"items_purged_floors":[10],"is_endless":false,"potions_floor_spawned":[13,16,21],"killed_by":"Slavers","ascension_level":8}