{"gold_per_floor":[119,5,5,5,22,22,47,47,74,74,74,74,95,139,139,237,237,250,12,32,57,80,80,29,29,53,53,53],"floor_reached":28,"playtime":810,"items_purged":["Strike_G"],"score":498,"play_id":"82a64586-69dc-4ce6-841f-c27f4834eb88","local_time":"20190307141058","is_ascension_mode":true,"campfire_choices":[{"data":"Skewer","floor":6,"key":"SMITH"},{"data":"Bouncing Flask","floor":8,"key":"SMITH"},{"data":"Caltrops","floor":10,"key":"SMITH"},{"data":"Neutralize","floor":15,"key":"SMITH"},{"floor":23,"key":"REST"},{"data":"Noxious Fumes","floor":25,"key":"SMITH"},{"data":"Catalyst","floor":27,"key":"SMITH"}],"neow_cost":"NONE","seed_source_timestamp":280709533323900,"circlet_count":0,"master_deck":["AscendersBane","Defend_G","Defend_G","Defend_G","Defend_G","Defend_G","Strike_G","Strike_G","Strike_G","Strike_G","Survivor","Neutralize+1","Terror+1","Caltrops+1","Skewer+1","Poisoned Stab","Bouncing Flask+1","Quick Slash","Flying Knee","Corpse Explosion","Sucker Punch+1","Noxious Fumes+1","Dash","Dodge and Roll","Catalyst+1","Leg Sweep","Bane+1","PiercingWail"],"relics":["Ring of the Snake","NeowsBlessing","Nunchaku","Regal Pillow","Golden Idol","Matryoshka","Lizard Tail","Darkstone Periapt","Snake Skull"],"potions_floor_usage":[20,28,28],"damage_taken":[{"damage":0,"enemies":"Cultist","floor":1,"turns":1},{"damage":0,"enemies":"Jaw Worm","floor":5,"turns":1},{"damage":0,"enemies":"3 Sentries","floor":7,"turns":1},{"damage":1,"enemies":"2 Louse","floor":13,"turns":3},{"damage":15,"enemies":"Lagavulin","floor":14,"turns":4},{"damage":23,"enemies":"Hexaghost","floor":16,"turns":8},{"damage":20,"enemies":"Spheric Guardian","floor":18,"turns":4},{"damage":14,"enemies":"2 Thieves","floor":20,"turns":4},{"damage":12,"enemies":"3 Cultists","floor":21,"turns":3},{"damage":27,"enemies":"Sentry and Sphere","floor":22,"turns":5},{"damage":41,"enemies":"Gremlin Leader","floor":28,"turns":7}],"seed_played":"-7877980413922699597","potions_obtained":[{"floor":13,"key":"Dexterity Potion"},{"floor":14,"key":"Strength Potion"},{"floor":16,"key":"GhostInAJar"},{"floor":21,"key":"Strength Potion"}],"is_trial":false,"path_per_floor":["M","$","?","$","M","R","E","R","T","R","?","?","M","E","R","B",null,"M","$","M","M","M","R","$","R","T","R","E"],"character_chosen":"THE_SILENT","items_purchased":["Caltrops","Skewer","Noxious Fumes","Dash","Dodge and Roll","PiercingWail"],"campfire_rested":1,"item_purchase_floors":[2,2,19,19,19,24],"current_hp_per_floor":[59,59,59,59,59,59,59,59,59,59,59,59,58,43,43,20,50,30,30,16,4,8,41,41,41,41,41,0],"gold":53,"neow_bonus":"THREE_ENEMY_KILL","is_prod":false,"is_daily":false,"chose_seed":false,"campfire_upgraded":6,"win_rate":0,"timestamp":1551964258,"path_taken":["M","$","?","$","?","R","E","R","T","R","?","?","M","E","R","BOSS","M","$","M","M","?","R","$","R","T","R","E"],"build_version":"2019-01-23","purchased_purges":1,"victory":false,"max_hp_per_floor":[66,66,66,66,66,66,66,66,66,66,60,60,60,60,60,60,60,60,60,60,60,60,60,60,60,60,60,60],"card_choices":[{"not_picked":["Quick Slash","Dagger Throw"],"picked":"Terror","floor":1},{"not_picked":["Cloak And Dagger","Acrobatics"],"picked":"Poisoned Stab","floor":5},{"not_picked":["Flying Knee","Deadly Poison"],"picked":"Bouncing Flask","floor":7},{"not_picked":["Flying Knee","Terror"],"picked":"Quick Slash","floor":13},{"not_picked":["Distraction","Storm of Steel"],"picked":"Flying Knee","floor":14},{"not_picked":["Phantasmal Killer","Night Terror"],"picked":"Corpse Explosion","floor":16},{"not_picked":["Slice","Calculated Gamble"],"picked":"Sucker Punch+1","floor":18},{"not_picked":["PiercingWail+1","Deadly Poison"],"picked":"Catalyst","floor":20},{"not_picked":["Bane","Backflip"],"picked":"Leg Sweep","floor":21},{"not_picked":["Flying Knee","Dagger Spray"],"picked":"Bane+1","floor":22}],"player_experience":540013,"relics_obtained":[{"floor":7,"key":"Nunchaku"},{"floor":9,"key":"Regal Pillow"},{"floor":14,"key":"Matryoshka"},{"floor":26,"key":"Darkstone Periapt"},{"floor":26,"key":"Snake Skull"}],"event_choices":[{"damage_healed":0,"gold_gain":0,"player_choice":"0 cards matched","damage_taken":0,"max_hp_gain":0,"max_hp_loss":0,"event_name":"Match and Keep!","floor":3,"gold_loss":0,"cards_obtained":[]},{"damage_healed":0,"gold_gain":0,"player_choice":"Lose Max HP","damage_taken":0,"relics_obtained":["Golden Idol"],"max_hp_gain":0,"max_hp_loss":6,"event_name":"Golden Idol","floor":11,"gold_loss":0},{"damage_healed":0,"gold_gain":0,"player_choice":"Upgraded","damage_taken":0,"max_hp_gain":0,"max_hp_loss":0,"event_name":"Upgrade Shrine","floor":12,"gold_loss":0,"cards_upgraded":["Terror"]}],"is_beta":false,"boss_relics":[{"not_picked":["WristBlade","Busted Crown"],"picked":"Lizard Tail"}],"items_purged_floors":[19],"is_endless":false,"potions_floor_spawned":[13,14,16,21],"killed_by":"Gremlin Leader","ascension_level":20}