{"gold_per_floor":[113,113,188,203,168,168,168,192,217,217,217,257,275,311,311,410,410,388,388,388,388,413,413,436,436,436,451,451,44,59,84,84,84],"floor_reached":33,"playtime":1182,"items_purged":["Shame"],"score":485,"play_id":"4c449edf-d96f-41a6-8709-cc6fa724c472","local_time":"20190403163127","is_ascension_mode":true,"campfire_choices":[{"data":"Sunder","floor":6,"key":"SMITH"},{"data":"Zap","floor":10,"key":"SMITH"},{"floor":15,"key":"REST"},{"floor":23,"key":"REST"},{"data":"Zap","floor":25,"key":"SMITH"},{"floor":28,"key":"REST"},{"floor":32,"key":"REST"}],"neow_cost":"NONE","seed_source_timestamp":1754093202279000,"circlet_count":0,"master_deck":["AscendersBane","Defend_B+1","Defend_B+1","Defend_B+1","Defend_B+1","Zap+1","Dualcast","Streamline","Sunder+1","Sweeping Beam","Cold Snap","Conserve Battery","Coolheaded","Genetic Algorithm","Seek","Coolheaded+1","All For One+1","Compile Driver+1","Auto Shields","Necronomicurse","Zap+1","Amplify","Beam Cell","Gash","Conserve Battery+1","Go for the Eyes","Defragment+1","Capacitor","Coolheaded","Chill","BootSequence","Melter"],"relics":["Cracked Core","Golden Idol","Oddly Smooth Stone","Dream Catcher","Gremlin Horn","Astrolabe","Necronomicon","Art of War","Membership Card","Omamori"],"potions_floor_usage":[12,14],"damage_taken":[{"damage":13,"enemies":"Small Slimes","floor":1,"turns":4},{"damage":0,"enemies":"2 Louse","floor":4,"turns":1},{"damage":12,"enemies":"Jaw Worm","floor":8,"turns":2},{"damage":8,"enemies":"Gremlin Nob","floor":12,"turns":3},{"damage":4,"enemies":"Large Slime","floor":13,"turns":5},{"damage":16,"enemies":"Lagavulin","floor":14,"turns":5},{"damage":31,"enemies":"The Guardian","floor":16,"turns":14},{"damage":20,"enemies":"2 Thieves","floor":18,"turns":4},{"damage":2,"enemies":"Shell Parasite","floor":22,"turns":5},{"damage":0,"enemies":"Snecko","floor":24,"turns":3},{"damage":8,"enemies":"Centurion and Healer","floor":27,"turns":5},{"damage":0,"enemies":"Cultist and Chosen","floor":30,"turns":5},{"damage":39,"enemies":"Shelled Parasite and Fungi","floor":31,"turns":7},{"damage":30,"enemies":"Collector","floor":33,"turns":7}],"seed_played":"6145988437796048325","potions_obtained":[{"floor":8,"key":"SkillPotion"},{"floor":12,"key":"SteroidPotion"},{"floor":13,"key":"Fire Potion"}],"is_trial":false,"path_per_floor":["M","?","?","M","?","R","?","M","T","R","?","E","M","E","R","B",null,"M","?","?","?","M","R","M","R","T","M","R","$","M","M","R","B"],"character_chosen":"DEFECT","items_purchased":["Membership Card","Capacitor","Coolheaded","Omamori"],"campfire_rested":4,"item_purchase_floors":[29,29,29,29],"current_hp_per_floor":[58,58,47,47,66,66,66,54,54,54,47,39,35,19,40,9,56,36,36,15,15,13,34,34,34,34,26,47,47,47,8,29,0],"gold":84,"neow_bonus":"TEN_PERCENT_HP_BONUS","is_prod":false,"is_daily":false,"chose_seed":false,"campfire_upgraded":3,"win_rate":0,"timestamp":1554301887,"path_taken":["M","?","?","M","?","R","?","M","T","R","?","E","M","E","R","BOSS","M","?","?","?","M","R","M","R","T","?","R","$","?","M","R","BOSS"],"build_version":"2019-01-23","purchased_purges":1,"victory":false,"max_hp_per_floor":[78,78,78,78,78,78,71,71,71,71,71,71,71,71,71,71,71,71,71,71,71,71,71,71,71,71,71,71,71,71,71,71,71],"card_choices":[{"not_picked":["Static Discharge","Steam Power"],"picked":"Streamline","floor":1},{"not_picked":["Beam Cell","Barrage"],"picked":"Sunder","floor":4},{"not_picked":["Stack","Beam Cell"],"picked":"Sweeping Beam","floor":8},{"not_picked":["Force Field","Steam"],"picked":"Cold Snap","floor":12},{"not_picked":["Rip and Tear","Steam Power"],"picked":"Conserve Battery","floor":13},{"not_picked":["Leap","Turbo"],"picked":"Coolheaded","floor":14},{"not_picked":["Reprogram","Hologram"],"picked":"Genetic Algorithm","floor":15},{"not_picked":["Fission","Multi-Cast"],"picked":"Seek","floor":16},{"not_picked":["Beam Cell","Gash"],"picked":"Auto Shields","floor":18},{"not_picked":["Leap","Chill"],"picked":"Beam Cell","floor":22},{"not_picked":["Coolheaded","Multi-Cast"],"picked":"Gash","floor":23},{"not_picked":["Streamline","Beam Cell"],"picked":"Conserve Battery+1","floor":24},{"not_picked":["Sweeping Beam","Ball Lightning"],"picked":"Go for the Eyes","floor":27},{"not_picked":["Cold Snap","Buffer"],"picked":"Defragment+1","floor":28},{"not_picked":["Darkness","Barrage"],"picked":"Chill","floor":30},{"not_picked":["Chill","Redo"],"picked":"BootSequence","floor":31},{"not_picked":["Sweeping Beam+1","Go for the Eyes"],"picked":"Melter","floor":32}],"player_experience":571938,"relics_obtained":[{"floor":9,"key":"Oddly Smooth Stone"},{"floor":12,"key":"Dream Catcher"},{"floor":14,"key":"Gremlin Horn"},{"floor":20,"key":"Necronomicon"},{"floor":26,"key":"Art of War"}],"event_choices":[{"damage_healed":0,"gold_gain":0,"player_choice":"Ignored","damage_taken":0,"max_hp_gain":0,"max_hp_loss":0,"event_name":"Liars Game","floor":2,"gold_loss":0},{"damage_healed":0,"gold_gain":75,"player_choice":"Gather Gold","damage_taken":11,"max_hp_gain":0,"max_hp_loss":0,"event_name":"World of Goop","floor":3,"gold_loss":0},{"damage_healed":19,"gold_gain":0,"player_choice":"Healed","damage_taken":0,"max_hp_gain":0,"max_hp_loss":0,"event_name":"The Cleric","floor":5,"gold_loss":35},{"damage_healed":0,"gold_gain":0,"player_choice":"Lose Max HP","damage_taken":0,"relics_obtained":["Golden Idol"],"max_hp_gain":0,"max_hp_loss":7,"event_name":"Golden Idol","floor":7,"gold_loss":0},{"cards_removed":["Strike_B"],"damage_healed":0,"gold_gain":0,"player_choice":"Card Removal","damage_taken":7,"max_hp_gain":0,"max_hp_loss":0,"event_name":"Golden Wing","floor":11,"gold_loss":0},{"damage_healed":0,"gold_gain":0,"player_choice":"Simplicity","damage_taken":0,"max_hp_gain":0,"max_hp_loss":0,"event_name":"Back to Basics","floor":19,"gold_loss":0,"cards_upgraded":["Defend_B","Defend_B","Defend_B","Defend_B"]},{"damage_healed":0,"gold_gain":0,"player_choice":"Obtained Book","damage_taken":21,"max_hp_gain":0,"max_hp_loss":0,"event_name":"Cursed Tome","floor":20,"gold_loss":0},{"damage_healed":0,"gold_gain":0,"player_choice":"3 cards matched","damage_taken":0,"max_hp_gain":0,"max_hp_loss":0,"event_name":"Match and Keep!","floor":21,"gold_loss":0,"cards_obtained":["Shame","Zap","Amplify"]}],"is_beta":false,"boss_relics":[{"not_picked":["Tiny House","Black Star"],"picked":"Astrolabe"}],"items_purged_floors":[29],"is_endless":false,"potions_floor_spawned":[8,12,13],"killed_by":"Collector","ascension_level":18}