{"gold_per_floor":[20,95,113,127,138,138,152,73,124,124,151,165,178,178],"floor_reached":14,"playtime":565,"items_purged":[],"score":99,"play_id":"4679cb6e-62ea-4df2-8f27-ec3857b2f93e","local_time":"20181221012551","is_ascension_mode":true,"campfire_choices":[{"data":"Sweeping Beam","floor":6,"key":"SMITH"},{"data":"Double Energy","floor":10,"key":"SMITH"}],"neow_cost":"NO_GOLD","seed_source_timestamp":699809005773946,"circlet_count":0,"master_deck":["Strike_B","Strike_B","Strike_B","Strike_B","Defend_B","Defend_B","Defend_B","Defend_B","Zap","Dualcast","Sweeping Beam+1","Force Field","Beam Cell","Conserve Battery","Ball Lightning","Double Energy+1","Heatsinks","Sweeping Beam","Genetic Algorithm"],"relics":["Cracked Core","Blood Vial","Symbiotic Virus"],"potions_floor_usage":[],"damage_taken":[{"damage":2,"enemies":"Jaw Worm","floor":1,"turns":4},{"damage":0,"enemies":"Small Slimes","floor":3,"turns":3},{"damage":0,"enemies":"2 Louse","floor":4,"turns":1},{"damage":5,"enemies":"Looter","floor":5,"turns":3},{"damage":11,"enemies":"Large Slime","floor":7,"turns":4},{"damage":51,"enemies":"Lagavulin","floor":11,"turns":7},{"damage":5,"enemies":"Blue Slaver","floor":12,"turns":3},{"damage":5,"enemies":"Looter","floor":13,"turns":3},{"damage":7,"enemies":"3 Louse","floor":14,"turns":1}],"seed_played":"-8877789161589586317","potions_obtained":[{"floor":3,"key":"SpeedPotion"},{"floor":5,"key":"LiquidBronze"},{"floor":12,"key":"AttackPotion"},{"floor":13,"key":"Swift Potion"}],"is_trial":false,"path_per_floor":["M","?","M","M","M","R","M","$","T","R","E","M","M","M"],"character_chosen":"DEFECT","items_purchased":["Double Energy"],"campfire_rested":0,"item_purchase_floors":[8],"current_hp_per_floor":[87,76,76,76,71,71,60,60,60,60,11,8,5,0],"gold":178,"neow_bonus":"TWENTY_PERCENT_HP_BONUS","is_prod":false,"is_daily":false,"chose_seed":false,"campfire_upgraded":2,"win_rate":0,"timestamp":1545366351,"path_taken":["M","?","M","M","M","R","M","$","T","R","E","M","M","M"],"build_version":"2018-12-13","purchased_purges":0,"victory":false,"max_hp_per_floor":[89,89,89,89,89,89,89,89,89,89,89,89,89,89],"card_choices":[{"not_picked":["Steam","Cold Snap"],"picked":"Sweeping Beam","floor":1},{"not_picked":["Blizzard","Reprogram"],"picked":"Force Field","floor":3},{"not_picked":["Lockon","Hologram"],"picked":"Beam Cell","floor":4},{"not_picked":["Go for the Eyes","Reinforced Body"],"picked":"Conserve Battery","floor":5},{"not_picked":["Sunder","Consume"],"picked":"Ball Lightning","floor":7},{"not_picked":["Blizzard","Aggregate"],"picked":"Heatsinks","floor":11},{"not_picked":["Beam Cell","Hologram"],"picked":"Sweeping Beam","floor":12},{"not_picked":["Skim","Darkness"],"picked":"Genetic Algorithm","floor":13}],"player_experience":517159,"relics_obtained":[{"floor":9,"key":"Blood Vial"},{"floor":11,"key":"Symbiotic Virus"}],"event_choices":[{"damage_healed":0,"gold_gain":75,"player_choice":"Gather Gold","damage_taken":11,"max_hp_gain":0,"max_hp_loss":0,"event_name":"World of Goop","floor":2,"gold_loss":0}],"is_beta":false,"boss_relics":[],"items_purged_floors":[],"is_endless":false,"potions_floor_spawned":[3,5,12,13],"killed_by":"3 Louse","ascension_level":1}