{"gold_per_floor":[115,125,125,135,11,36,36,67,97,97,14,24,43,57,57,131,131,146,158,30,30],"floor_reached":21,"playtime":894,"items_purged":["Strike_B"],"score":382,"play_id":"e4c48845-da58-41f3-8939-ec4dd1e4ba12","local_time":"20190515202733","is_ascension_mode":true,"campfire_choices":[{"floor":7.0,"key":"REST"},{"floor":10.0,"key":"REST"},{"data":"Electrodynamics","floor":15.0,"key":"SMITH"}],"neow_cost":"NONE","seed_source_timestamp":71916805128081,"circlet_count":0,"master_deck":["AscendersBane","Strike_B","Strike_B","Strike_B","Defend_B","Defend_B","Defend_B","Defend_B","Zap+1","Dualcast+1","Coolheaded","Sweeping Beam","Capacitor","Doom and Gloom","Electrodynamics+1","Self Repair","Ball Lightning","Go for the Eyes","Machine Learning","Leap","Steam","Glacier"],"special_seed":0,"relics":["Cracked Core","Smiling Mask","Matryoshka","Orichalcum","Tiny Chest","Inserter"],"potions_floor_usage":[],"damage_taken":[{"damage":0.0,"enemies":"Small Slimes","floor":1.0,"turns":2.0},{"damage":0.0,"enemies":"Cultist","floor":2.0,"turns":4.0},{"damage":1.0,"enemies":"2 Louse","floor":4.0,"turns":2.0},{"damage":54.0,"enemies":"Gremlin Nob","floor":6.0,"turns":5.0},{"damage":18.0,"enemies":"Lagavulin","floor":8.0,"turns":5.0},{"damage":8.0,"enemies":"Blue Slaver","floor":12.0,"turns":4.0},{"damage":6.0,"enemies":"Exordium Thugs","floor":13.0,"turns":4.0},{"damage":10.0,"enemies":"Looter","floor":14.0,"turns":3.0},{"damage":22.0,"enemies":"Slime Boss","floor":16.0,"turns":8.0},{"damage":16.0,"enemies":"Chosen","floor":18.0,"turns":5.0},{"damage":34.0,"enemies":"Shell Parasite","floor":19.0,"turns":9.0},{"damage":23,"enemies":"Snecko","floor":21,"turns":6}],"seed_played":"4856542679112939853","potions_obtained":[{"floor":1.0,"key":"Explosive Potion"},{"floor":6.0,"key":"LiquidBronze"},{"floor":8.0,"key":"GamblersBrew"},{"floor":18.0,"key":"Poison Potion"}],"is_trial":false,"path_per_floor":["M","M","?","M","$","E","R","E","T","R","$","M","M","M","R","B",null,"M","M","$","M"],"character_chosen":"DEFECT","items_purchased":["Capacitor","Doom and Gloom","Self Repair","Glacier"],"campfire_rested":2,"item_purchase_floors":[5,5,11,20],"current_hp_per_floor":[64,64,64,63,63,9,30,12,12,33,33,32,33,30,30,15,57,48,21,21,0],"gold":30,"neow_bonus":"UPGRADE_CARD","is_prod":false,"is_daily":false,"chose_seed":false,"campfire_upgraded":1,"win_rate":0,"timestamp":1557966453,"path_taken":["M","M","?","M","?","E","R","E","T","R","$","M","M","M","R","BOSS","M","M","$","?"],"build_version":"2019-05-07","purchased_purges":1,"victory":false,"max_hp_per_floor":[71,71,71,71,71,71,71,71,71,71,71,71,71,71,71,71,71,71,71,71,71],"card_choices":[{"not_picked":["Fusion","Force Field"],"picked":"Coolheaded","floor":1.0},{"not_picked":["Streamline","Reprogram","Storm"],"picked":"SKIP","floor":2.0},{"not_picked":["Go for the Eyes","Turbo"],"picked":"Sweeping Beam","floor":4.0},{"not_picked":["Turbo","Beam Cell","Stack"],"picked":"SKIP","floor":6.0},{"not_picked":["Reprogram","Sweeping Beam"],"picked":"Electrodynamics","floor":8.0},{"not_picked":["Gash","Capacitor"],"picked":"Ball Lightning","floor":12.0},{"not_picked":["Darkness","Melter","Sweeping Beam"],"picked":"SKIP","floor":13.0},{"not_picked":["Heatsinks","Compile Driver"],"picked":"Go for the Eyes","floor":14.0},{"not_picked":["Hyperbeam","Amplify"],"picked":"Machine Learning","floor":16.0},{"not_picked":["Compile Driver","Stack"],"picked":"Leap","floor":18.0},{"not_picked":["Aggregate","Beam Cell"],"picked":"Steam","floor":19.0}],"player_experience":810852,"relics_obtained":[{"floor":6.0,"key":"Smiling Mask"},{"floor":8.0,"key":"Matryoshka"},{"floor":9.0,"key":"Orichalcum"},{"floor":9.0,"key":"Tiny Chest"}],"event_choices":[{"damage_healed":0.0,"max_hp_gain":0.0,"max_hp_loss":0.0,"gold_gain":0.0,"event_name":"Upgrade Shrine","player_choice":"Upgraded","floor":3.0,"gold_loss":0.0,"damage_taken":0.0,"cards_upgraded":["Dualcast"]}],"is_beta":true,"boss_relics":[{"not_picked":["Philosopher\u0027s Stone","Runic Dome"],"picked":"Inserter"}],"items_purged_floors":[20],"is_endless":false,"potions_floor_spawned":[1,6,8,18],"killed_by":"Snecko","ascension_level":20}