{"gold_per_floor":[216,216,5,55,70,70,102,102,102,125,135,162,32,44,44,44],"floor_reached":16,"playtime":712,"items_purged":["Strike_G","Strike_G"],"score":216,"play_id":"f854baed-7f28-452e-94fc-1e405091132c","local_time":"20190222160749","is_ascension_mode":true,"campfire_choices":[{"data":"Neutralize","floor":6,"key":"SMITH"},{"data":"Die Die Die","floor":8,"key":"SMITH"},{"floor":15,"key":"REST"}],"neow_cost":"NONE","seed_source_timestamp":80635141126098,"circlet_count":0,"master_deck":["AscendersBane","Defend_G","Defend_G","Defend_G","Defend_G","Defend_G","Strike_G","Strike_G","Survivor","Neutralize+1","Dodge and Roll","Die Die Die+1","Blade Dance","Cloak And Dagger","Quick Slash","Leg Sweep","Backflip","PiercingWail","Dagger Throw"],"relics":["Ring of the Snake","Juzu Bracelet","Question Card","Odd Mushroom","Boot"],"potions_floor_usage":[7,12],"damage_taken":[{"damage":10,"enemies":"Cultist","floor":1,"turns":5},{"damage":0,"enemies":"2 Louse","floor":5,"turns":3},{"damage":3,"enemies":"3 Sentries","floor":7,"turns":7},{"damage":0,"enemies":"The Mushroom Lair","floor":10,"turns":3},{"damage":2,"enemies":"Jaw Worm","floor":11,"turns":5},{"damage":30,"enemies":"Lagavulin","floor":12,"turns":8},{"damage":0,"enemies":"Blue Slaver","floor":14,"turns":4},{"damage":25,"enemies":"The Guardian","floor":16,"turns":16}],"seed_played":"-8024229043672416707","potions_obtained":[{"floor":5,"key":"Explosive Potion"},{"floor":7,"key":"PowerPotion"},{"floor":14,"key":"Weak Potion"}],"is_trial":false,"path_per_floor":["M","?","$","?","M","R","E","R","T","?","M","E","$","M","R","B"],"character_chosen":"THE_SILENT","items_purchased":["Die Die Die","Blade Dance","PiercingWail"],"campfire_rested":1,"item_purchase_floors":[3,3,13],"current_hp_per_floor":[49,42,42,42,42,42,39,39,39,39,37,7,7,7,26,1],"gold":44,"neow_bonus":"HUNDRED_GOLD","is_prod":false,"is_daily":false,"chose_seed":false,"campfire_upgraded":2,"win_rate":0,"timestamp":1550869669,"path_taken":["M","?","$","?","M","R","E","R","T","?","M","E","$","M","R","BOSS"],"build_version":"2019-02-06","purchased_purges":2,"victory":false,"max_hp_per_floor":[66,66,66,66,66,66,66,66,66,66,66,66,66,66,66,66],"card_choices":[{"not_picked":["Blade Dance","Flying Knee"],"picked":"Dodge and Roll","floor":1},{"not_picked":["Bane","Escape Plan"],"picked":"Cloak And Dagger","floor":5},{"not_picked":["Distraction","Calculated Gamble"],"picked":"Quick Slash","floor":7},{"not_picked":["PiercingWail","Slice","Bane"],"picked":"Leg Sweep","floor":11},{"not_picked":["Poisoned Stab","Burst","Expertise"],"picked":"Backflip","floor":12},{"not_picked":["Quick Slash","Expertise","Underhanded Strike"],"picked":"Dagger Throw","floor":14}],"player_experience":798792,"relics_obtained":[{"floor":7,"key":"Juzu Bracelet"},{"floor":9,"key":"Question Card"},{"floor":10,"key":"Odd Mushroom"},{"floor":12,"key":"Boot"}],"event_choices":[{"cards_removed":["Strike_G"],"damage_healed":0,"gold_gain":0,"player_choice":"Card Removal","damage_taken":7,"max_hp_gain":0,"max_hp_loss":0,"event_name":"Golden Wing","floor":2,"gold_loss":0},{"damage_healed":0,"gold_gain":50,"player_choice":"Pray","damage_taken":0,"max_hp_gain":0,"max_hp_loss":0,"event_name":"Golden Shrine","floor":4,"gold_loss":0},{"damage_healed":0,"gold_gain":0,"player_choice":"Fought Mushrooms","damage_taken":0,"max_hp_gain":0,"max_hp_loss":0,"event_name":"Mushrooms","floor":10,"gold_loss":0}],"is_beta":true,"boss_relics":[],"items_purged_floors":[3,13],"is_endless":false,"potions_floor_spawned":[5,7,14],"killed_by":"The Guardian","ascension_level":20}