{"gold_per_floor":[116,41,41,41,60,89,89,52,52,52,63,83,94,128,128,128],"floor_reached":16,"playtime":3924,"items_purged":[],"score":250,"play_id":"3200d708-5eb0-4721-b1c6-c938a9383de6","local_time":"20190515124041","is_ascension_mode":true,"campfire_choices":[{"data":"Blade Dance","floor":7,"key":"SMITH"},{"data":"Blade Dance","floor":10,"key":"SMITH"},{"data":"Blade Dance","floor":15,"key":"SMITH"}],"neow_cost":"NONE","seed_source_timestamp":2930252041478547,"circlet_count":0,"master_deck":["AscendersBane","Defend_G","Defend_G","Defend_G","Defend_G","Defend_G","Strike_G","Strike_G","Strike_G","Survivor","Neutralize","Blade Dance+1","Blade Dance+1","Blade Dance+1","Infinite Blades","Terror","Leg Sweep","Infinite Blades"],"relics":["Ring of the Snake","NeowsBlessing","Darkstone Periapt","Matryoshka","Art of War"],"potions_floor_usage":[14,14],"damage_taken":[{"damage":0,"enemies":"Jaw Worm","floor":1,"turns":1},{"damage":0,"enemies":"Cultist","floor":5,"turns":1},{"damage":0,"enemies":"Lagavulin","floor":6,"turns":1},{"damage":6,"enemies":"2 Louse","floor":11,"turns":3},{"damage":13,"enemies":"Lots of Slimes","floor":12,"turns":4},{"damage":0,"enemies":"Blue Slaver","floor":13,"turns":5},{"damage":17,"enemies":"3 Sentries","floor":14,"turns":7},{"damage":38,"enemies":"Slime Boss","floor":16,"turns":7}],"seed_played":"457702016874730177","potions_obtained":[{"floor":5,"key":"Fire Potion"},{"floor":13,"key":"Regen Potion"}],"is_trial":false,"path_per_floor":["M","?","$","?","M","E","R","$","T","R","M","M","M","E","R","B"],"character_chosen":"THE_SILENT","items_purchased":["Infinite Blades"],"campfire_rested":0,"item_purchase_floors":[8],"current_hp_per_floor":[59,59,59,59,59,59,59,59,59,59,53,40,40,38,38,0],"gold":128,"neow_bonus":"THREE_ENEMY_KILL","is_prod":false,"is_daily":false,"chose_seed":false,"campfire_upgraded":3,"win_rate":0,"timestamp":1557934841,"path_taken":["M","?","$","?","?","E","R","?","T","R","M","M","M","E","R","BOSS"],"build_version":"2019-01-23","purchased_purges":0,"victory":false,"max_hp_per_floor":[66,66,66,66,66,66,66,66,66,66,66,66,66,66,66,66],"card_choices":[{"not_picked":["Concentrate","Dodge and Roll"],"picked":"Blade Dance","floor":1},{"not_picked":["Setup","Catalyst"],"picked":"Blade Dance","floor":5},{"not_picked":["Bouncing Flask","Cloak And Dagger"],"picked":"Blade Dance","floor":6},{"not_picked":["Cloak And Dagger","Deadly Poison"],"picked":"Terror","floor":11},{"not_picked":["Underhanded Strike","Acrobatics"],"picked":"Leg Sweep","floor":12},{"not_picked":["Grand Finale","Slice"],"picked":"Infinite Blades","floor":13},{"not_picked":["Underhanded Strike","PiercingWail","Deadly Poison"],"picked":"SKIP","floor":14}],"player_experience":1342157,"relics_obtained":[{"floor":6,"key":"Darkstone Periapt"},{"floor":9,"key":"Matryoshka"},{"floor":14,"key":"Art of War"}],"event_choices":[{"cards_removed":["Strike_G"],"damage_healed":0,"gold_gain":0,"player_choice":"Card Removal","damage_taken":0,"max_hp_gain":0,"max_hp_loss":0,"event_name":"The Cleric","floor":2,"gold_loss":75},{"cards_removed":["Strike_G"],"damage_healed":0,"gold_gain":0,"player_choice":"Purged","damage_taken":0,"max_hp_gain":0,"max_hp_loss":0,"event_name":"Purifier","floor":4,"gold_loss":0}],"is_beta":false,"boss_relics":[],"items_purged_floors":[],"is_endless":false,"potions_floor_spawned":[5,13],"killed_by":"Slime Boss","ascension_level":17}