{"gold_per_floor":[117,117,134,134,147,147,159,234,234,234,251,285,285,8,8,104,104,84,184,37,37,37,50,78,90,102,142,154,191,219,249,261,371,383,414,275,290,300,300,300,329,344,369,423,449,449,449,460,460,460,460,460,70,103,103],"floor_reached":56,"playtime":3255,"items_purged":["Strike_R","Warcry","Strike_R"],"score":1438,"play_id":"b28e0ffe-1920-49de-8a30-33b83fadf081","local_time":"20190330144616","is_ascension_mode":false,"campfire_choices":[{"data":"Disarm","floor":6,"key":"SMITH"},{"data":"Bash","floor":10,"key":"SMITH"},{"data":"Disarm","floor":13,"key":"SMITH"},{"data":"Flex","floor":15,"key":"SMITH"},{"data":"Inflame","floor":25,"key":"SMITH"},{"data":"Burning Pact","floor":28,"key":"SMITH"},{"data":"Flame Barrier","floor":32,"key":"SMITH"},{"data":"Whirlwind","floor":40,"key":"SMITH"},{"data":"Dark Embrace","floor":46,"key":"SMITH"},{"floor":49,"key":"RECALL"},{"data":"Evolve","floor":52,"key":"SMITH"}],"neow_cost":"NONE","seed_source_timestamp":792038792199074,"circlet_count":0,"master_deck":["Strike_R","Defend_R","Defend_R+1","Defend_R","Defend_R","Bash+1","Twin Strike","Rage+1","Disarm+1","Clothesline","Disarm+1","Evolve+1","Flex+1","Dropkick","Feed","Inflame+1","Battle Trance","Burning Pact+1","Flame Barrier+1","Flex+1","Whirlwind+1","Shrug It Off+1","Corruption+1","Dark Embrace+1","Carnage+1","True Grit+1","Disarm+1","Parasite","Shame","Feel No Pain+1","Shockwave+1","Feel No Pain","Demon Form"],"relics":["Burning Blood","Champion Belt","Bird Faced Urn","OrangePellets","Cursed Key","Gambling Chip","Bottled Lightning","MawBank","Toxic Egg 2","Ancient Tea Set","Snecko Eye","Pen Nib","Mango","Paper Frog","ClockworkSouvenir","Anchor"],"potions_floor_usage":[12,16,19,19,19,55,55,55],"damage_taken":[{"damage":5,"enemies":"Cultist","floor":1,"turns":4},{"damage":0,"enemies":"2 Louse","floor":3,"turns":3},{"damage":1,"enemies":"Jaw Worm","floor":5,"turns":2},{"damage":1,"enemies":"Large Slime","floor":7,"turns":7},{"damage":0,"enemies":"Exordium Wildlife","floor":11,"turns":5},{"damage":15,"enemies":"3 Sentries","floor":12,"turns":8},{"damage":20,"enemies":"The Guardian","floor":16,"turns":9},{"damage":12,"enemies":"2 Thieves","floor":18,"turns":4},{"damage":12,"enemies":"Colosseum Slavers","floor":19,"turns":4},{"damage":15,"enemies":"Colosseum Nobs","floor":19,"turns":5},{"damage":2,"enemies":"Chosen","floor":23,"turns":4},{"damage":46,"enemies":"Slavers","floor":24,"turns":6},{"damage":13,"enemies":"Book of Stabbing","floor":27,"turns":6},{"damage":45,"enemies":"Slavers","floor":29,"turns":7},{"damage":4,"enemies":"Centurion and Healer","floor":30,"turns":5},{"damage":3,"enemies":"Snake Plant","floor":31,"turns":6},{"damage":30,"enemies":"Automaton","floor":33,"turns":7},{"damage":6,"enemies":"3 Shapes","floor":35,"turns":4},{"damage":0,"enemies":"3 Darklings","floor":37,"turns":4},{"damage":0,"enemies":"Maw","floor":38,"turns":6},{"damage":0,"enemies":"Reptomancer","floor":41,"turns":5},{"damage":0,"enemies":"Writhing Mass","floor":42,"turns":6},{"damage":17,"enemies":"2 Orb Walkers","floor":44,"turns":4},{"damage":0,"enemies":"Nemesis","floor":45,"turns":5},{"damage":13,"enemies":"Jaw Worm Horde","floor":48,"turns":5},{"damage":0,"enemies":"Time Eater","floor":50,"turns":7},{"damage":20,"enemies":"Shield and Spear","floor":54,"turns":7},{"damage":7,"enemies":"The Heart","floor":55,"turns":8}],"seed_played":"179463307623717251","potions_obtained":[{"floor":1,"key":"EssenceOfSteel"},{"floor":5,"key":"Poison Potion"},{"floor":11,"key":"SteroidPotion"},{"floor":16,"key":"PowerPotion"},{"floor":18,"key":"Fire Potion"},{"floor":19,"key":"Dexterity Potion"},{"floor":24,"key":"Swift Potion"},{"floor":29,"key":"SkillPotion"},{"floor":35,"key":"PowerPotion"},{"floor":54,"key":"PowerPotion"}],"is_trial":false,"path_per_floor":["M","?","M","?","M","R","M","?","T","R","M","E","R","$","R","B",null,"M","?","$","?","?","M","E","R","T","E","R","E","M","M","R","B",null,"M","$","M","M","?","R","E","M","T","?","E","R","?","M","R","B",null,"R","$","E","B",null],"character_chosen":"IRONCLAD","items_purchased":["OrangePellets","Flex","Dropkick","Battle Trance","True Grit+1","ClockworkSouvenir","Feel No Pain"],"campfire_rested":0,"item_purchase_floors":[14,14,14,20,36,53,53],"current_hp_per_floor":[88,81,87,69,74,74,79,68,68,68,74,65,65,65,65,53,88,84,81,81,81,81,92,59,59,59,56,56,24,33,43,43,23,109,112,112,112,115,109,109,109,109,109,116,126,126,126,129,129,129,129,129,129,118,135],"gold":103,"neow_bonus":"TEN_PERCENT_HP_BONUS","is_prod":false,"is_daily":false,"chose_seed":false,"campfire_upgraded":10,"win_rate":0,"timestamp":1553957176,"path_taken":["M","?","M","?","M","R","M","?","T","R","M","E","R","$","R","BOSS","M","?","$","?","?","M","E","R","T","E","R","E","M","M","R","BOSS","M","$","M","M","?","R","E","M","T","?","E","R","?","M","R","BOSS","R","$","E","BOSS"],"build_version":"2019-03-15","purchased_purges":3,"victory":true,"max_hp_per_floor":[88,88,88,88,88,88,88,88,88,88,88,88,88,88,88,88,88,88,94,94,94,94,97,100,100,100,100,100,103,106,109,109,109,109,112,112,112,115,109,109,109,109,109,123,126,126,126,129,129,129,129,129,129,132,135],"card_choices":[{"not_picked":["Entrench","Body Slam"],"picked":"Twin Strike","floor":1},{"not_picked":["Bloodletting","Rupture"],"picked":"Rage","floor":3},{"not_picked":["Pommel Strike","Rampage"],"picked":"Disarm","floor":5},{"not_picked":["Headbutt","Wild Strike"],"picked":"Clothesline","floor":7},{"not_picked":["Sword Boomerang","Flex"],"picked":"Disarm","floor":11},{"not_picked":["Infernal Blade","Clothesline"],"picked":"Evolve","floor":12},{"not_picked":["Juggernaut","Reaper"],"picked":"Feed","floor":16},{"not_picked":["Sever Soul","Wild Strike"],"picked":"Warcry","floor":18},{"not_picked":["Sword Boomerang+1","Clash"],"picked":"Inflame","floor":19},{"not_picked":["Wild Strike+1","Thunderclap"],"picked":"Burning Pact","floor":23},{"not_picked":["Second Wind","Heavy Blade"],"picked":"Flame Barrier","floor":24},{"not_picked":["Twin Strike","Sentinel+1"],"picked":"Flex","floor":27},{"not_picked":["Body Slam","Wild Strike"],"picked":"Whirlwind","floor":29},{"not_picked":["Twin Strike","Perfected Strike"],"picked":"Shrug It Off+1","floor":30},{"not_picked":["Havoc+1","Cleave+1"],"picked":"Corruption+1","floor":31},{"not_picked":["Immolate","Impervious+1"],"picked":"Dark Embrace","floor":33},{"not_picked":["Anger","Headbutt+1"],"picked":"Carnage+1","floor":35},{"not_picked":["Headbutt+1","Thunderclap+1","Sword Boomerang+1"],"picked":"SKIP","floor":37},{"not_picked":["Sword Boomerang+1","Clash"],"picked":"Disarm+1","floor":38},{"not_picked":["Clash","Perfected Strike+1","Combust"],"picked":"SKIP","floor":41},{"not_picked":["Havoc+1","Berserk","Warcry+1"],"picked":"SKIP","floor":42},{"not_picked":["Clothesline","Flex+1"],"picked":"Feel No Pain+1","floor":45},{"not_picked":["Heavy Blade","Ghostly Armor+1"],"picked":"Shockwave+1","floor":48},{"not_picked":["Heavy Blade","Uppercut+1"],"picked":"Demon Form","floor":54}],"player_experience":1187307,"relics_obtained":[{"floor":9,"key":"Champion Belt"},{"floor":12,"key":"Bird Faced Urn"},{"floor":19,"key":"Gambling Chip"},{"floor":19,"key":"Bottled Lightning"},{"floor":24,"key":"MawBank"},{"floor":27,"key":"Toxic Egg 2"},{"floor":29,"key":"Ancient Tea Set"},{"floor":41,"key":"Pen Nib"},{"floor":44,"key":"Mango"},{"floor":45,"key":"Paper Frog"},{"floor":54,"key":"Anchor"}],"event_choices":[{"cards_removed":["Strike_R"],"damage_healed":0,"gold_gain":0,"player_choice":"Card Removal","damage_taken":7,"max_hp_gain":0,"max_hp_loss":0,"event_name":"Golden Wing","floor":2,"gold_loss":0},{"damage_healed":0,"gold_gain":0,"player_choice":"Entered Light","damage_taken":18,"max_hp_gain":0,"max_hp_loss":0,"event_name":"Shining Light","floor":4,"gold_loss":0,"cards_upgraded":["Defend_R","Rage"]},{"damage_healed":0,"gold_gain":75,"player_choice":"Gather Gold","damage_taken":11,"max_hp_gain":0,"max_hp_loss":0,"event_name":"World of Goop","floor":8,"gold_loss":0},{"damage_healed":0,"gold_gain":0,"player_choice":"Fight","damage_taken":0,"max_hp_gain":0,"max_hp_loss":0,"event_name":"Colosseum","floor":19,"gold_loss":0},{"damage_healed":0,"gold_gain":0,"player_choice":"Fought Nobs","damage_taken":0,"max_hp_gain":0,"max_hp_loss":0,"event_name":"Colosseum","floor":19,"gold_loss":0},{"damage_healed":0,"gold_gain":0,"player_choice":"Ignored","damage_taken":0,"max_hp_gain":0,"max_hp_loss":0,"event_name":"Ghosts","floor":21,"gold_loss":0},{"damage_healed":0,"gold_gain":0,"player_choice":"Ignored","damage_taken":0,"max_hp_gain":0,"max_hp_loss":0,"event_name":"The Mausoleum","floor":22,"gold_loss":0},{"damage_healed":0,"gold_gain":0,"player_choice":"Max HP","damage_taken":0,"max_hp_gain":0,"max_hp_loss":6,"event_name":"Winding Halls","floor":39,"gold_loss":0},{"damage_healed":0,"gold_gain":0,"player_choice":"Fight","damage_taken":0,"max_hp_gain":0,"max_hp_loss":0,"event_name":"Mysterious Sphere","floor":44,"gold_loss":0},{"cards_removed":["Strike_R"],"damage_healed":0,"gold_gain":0,"player_choice":"Purged","damage_taken":0,"max_hp_gain":0,"max_hp_loss":0,"event_name":"Purifier","floor":47,"gold_loss":0}],"is_beta":true,"boss_relics":[{"not_picked":["Sozu","White Beast Statue"],"picked":"Cursed Key"},{"not_picked":["Black Star","Busted Crown"],"picked":"Snecko Eye"}],"items_purged_floors":[20,36,53],"is_endless":false,"potions_floor_spawned":[1,5,11,16,18,19,24,29,31,35,38,45,48,54],"ascension_level":0}