{"gold_per_floor":[118,78,2,12,30,89,89,89],"floor_reached":8,"playtime":227,"items_purged":[],"score":78,"play_id":"74703182-047c-422c-8bb7-8e94309f2e5b","local_time":"20190203221115","is_ascension_mode":true,"campfire_choices":[],"neow_cost":"NONE","seed_source_timestamp":423144776543179,"circlet_count":0,"master_deck":["Strike_B","Strike_B","Strike_B","Strike_B","Defend_B","Defend_B","Defend_B","Defend_B","Zap","Dualcast","Creative AI+1","Gash","Thunder Strike","Conserve Battery","Sweeping Beam","Gash"],"relics":["Cracked Core","Tiny Chest"],"potions_floor_usage":[6,6],"damage_taken":[{"damage":4,"enemies":"2 Louse","floor":1,"turns":4},{"damage":1,"enemies":"Cultist","floor":4,"turns":3},{"damage":2,"enemies":"Small Slimes","floor":5,"turns":3},{"damage":50,"enemies":"3 Sentries","floor":6,"turns":7},{"damage":20,"enemies":"Exordium Thugs","floor":8,"turns":3}],"seed_played":"312159932232663924","potions_obtained":[{"floor":2,"key":"Poison Potion"},{"floor":2,"key":"Block Potion"},{"floor":2,"key":"AttackPotion"},{"floor":6,"key":"Energy Potion"}],"is_trial":false,"path_per_floor":["M","?","$","M","M","E","?","M"],"character_chosen":"DEFECT","items_purchased":["Thunder Strike"],"campfire_rested":0,"item_purchase_floors":[3],"current_hp_per_floor":[64,64,64,63,61,11,11,0],"gold":89,"neow_bonus":"ONE_RANDOM_RARE_CARD","is_prod":false,"is_daily":false,"chose_seed":false,"campfire_upgraded":0,"win_rate":0,"timestamp":1549242675,"path_taken":["M","?","$","M","?","E","?","M"],"build_version":"2019-01-23","purchased_purges":0,"victory":false,"max_hp_per_floor":[75,75,75,75,75,75,75,75],"card_choices":[{"not_picked":["Beam Cell","Conserve Battery"],"picked":"Gash","floor":1},{"not_picked":["Ball Lightning","Capacitor"],"picked":"Conserve Battery","floor":4},{"not_picked":["Reinforced Body","Meteor Strike"],"picked":"Sweeping Beam","floor":5},{"not_picked":["Beam Cell","Redo"],"picked":"Gash","floor":6}],"player_experience":713637,"relics_obtained":[{"floor":6,"key":"Tiny Chest"}],"event_choices":[{"damage_healed":0,"gold_gain":0,"player_choice":"Bought 3 Potions","damage_taken":0,"max_hp_gain":0,"max_hp_loss":0,"event_name":"The Woman in Blue","floor":2,"gold_loss":0},{"damage_healed":0,"gold_gain":0,"player_choice":"Grow","damage_taken":0,"max_hp_gain":0,"max_hp_loss":0,"event_name":"Living Wall","floor":7,"gold_loss":0,"cards_upgraded":["Creative AI"]}],"is_beta":false,"boss_relics":[],"items_purged_floors":[],"is_endless":false,"potions_floor_spawned":[4,6],"killed_by":"Exordium Thugs","ascension_level":8}