{"gold_per_floor":[116,116,129,54,68,68,87,98,167,193,193,204,230,262,274,361,373,399,411,436,28,38,38,53,53,53,53,68,95,95,105,105,178,178,196,96,109,122,142,142,160,160,160,160,160,192,192,47,47,47],"floor_reached":51,"playtime":2928,"items_purged":["Pain","Strike_G+1"],"score":1411,"play_id":"5773f080-887e-4520-896d-db6bbfa88d01","local_time":"20190305133729","is_ascension_mode":true,"campfire_choices":[{"data":"Crippling Poison","floor":6,"key":"SMITH"},{"data":"1","floor":11,"key":"LIFT"},{"data":"2","floor":15,"key":"LIFT"},{"data":"3","floor":23,"key":"LIFT"},{"data":"Footwork","floor":25,"key":"SMITH"},{"data":"Neutralize","floor":27,"key":"SMITH"},{"floor":32,"key":"REST"},{"data":"Deadly Poison","floor":40,"key":"SMITH"},{"floor":42,"key":"REST"},{"data":"Calculated Gamble","floor":45,"key":"SMITH"},{"data":"Strike_G+1","floor":47,"key":"PURGE"},{"floor":49,"key":"REST"}],"neow_cost":"NONE","seed_source_timestamp":474888431730809,"circlet_count":0,"master_deck":["AscendersBane","Defend_G+1","Defend_G+1","Defend_G+1","Defend_G+1","Defend_G+1","Strike_G+1","Strike_G+1","Strike_G+1","Survivor","Neutralize+1","All Out Attack","Dagger Throw","Crippling Poison+1","Deadly Poison+1","Blur","Backstab","Backflip","Calculated Gamble+1","Adrenaline","Skewer","Footwork+1","Backflip","Predator","Doppelganger","Backflip","Deflect","Footwork"],"relics":["Ring of the Snake","Happy Flower","WarpedTongs","Bottled Lightning","Girya","MawBank","Busted Crown","Letter Opener","Matryoshka","Bird Faced Urn","Lizard Tail","Strawberry","Peace Pipe","Centennial Puzzle"],"potions_floor_usage":[10,16,29,46,50,50],"damage_taken":[{"damage":1,"enemies":"Small Slimes","floor":1,"turns":4},{"damage":2,"enemies":"Cultist","floor":3,"turns":4},{"damage":0,"enemies":"Jaw Worm","floor":5,"turns":4},{"damage":9,"enemies":"Exordium Wildlife","floor":7,"turns":4},{"damage":5,"enemies":"3 Louse","floor":8,"turns":2},{"damage":0,"enemies":"Gremlin Nob","floor":10,"turns":4},{"damage":4,"enemies":"Lots of Slimes","floor":12,"turns":3},{"damage":10,"enemies":"3 Sentries","floor":13,"turns":6},{"damage":4,"enemies":"Blue Slaver","floor":14,"turns":3},{"damage":8,"enemies":"Hexaghost","floor":16,"turns":10},{"damage":6,"enemies":"2 Thieves","floor":18,"turns":3},{"damage":0,"enemies":"Chosen","floor":20,"turns":3},{"damage":0,"enemies":"3 Cultists","floor":22,"turns":4},{"damage":8,"enemies":"Snake Plant","floor":24,"turns":3},{"damage":14,"enemies":"Shelled Parasite and Fungi","floor":28,"turns":3},{"damage":0,"enemies":"Gremlin Leader","floor":29,"turns":5},{"damage":0,"enemies":"Centurion and Healer","floor":31,"turns":3},{"damage":14,"enemies":"Automaton","floor":33,"turns":11},{"damage":2,"enemies":"3 Shapes","floor":35,"turns":3},{"damage":8,"enemies":"3 Darklings","floor":37,"turns":6},{"damage":4,"enemies":"Jaw Worm Horde","floor":38,"turns":3},{"damage":3,"enemies":"4 Shapes","floor":39,"turns":4},{"damage":9,"enemies":"Transient","floor":41,"turns":6},{"damage":21,"enemies":"Reptomancer","floor":46,"turns":6},{"damage":103,"enemies":"Time Eater","floor":50,"turns":22}],"seed_played":"-6424558731670713750","potions_obtained":[{"floor":1,"key":"GhostInAJar"},{"floor":3,"key":"GhostInAJar"},{"floor":13,"key":"Dexterity Potion"},{"floor":16,"key":"PowerPotion"},{"floor":46,"key":"Weak Potion"}],"is_trial":false,"path_per_floor":["M","?","M","$","M","R","M","M","T","E","R","M","E","M","R","B",null,"M","?","M","$","M","R","M","R","T","R","M","E","?","M","R","B",null,"M","$","M","M","M","R","M","R","T","?","R","E","R","$","R","B",null],"character_chosen":"THE_SILENT","items_purchased":["Footwork","Backflip","Letter Opener","Footwork","PowerPotion"],"campfire_rested":3,"item_purchase_floors":[21,21,21,48,48],"current_hp_per_floor":[58,58,56,56,56,56,47,42,42,42,42,38,28,24,24,16,54,48,48,48,48,48,48,40,40,40,40,26,26,26,28,47,35,58,58,58,52,50,49,49,42,61,68,68,68,49,49,49,70,24],"gold":47,"neow_bonus":"RANDOM_COMMON_RELIC","is_prod":false,"is_daily":false,"chose_seed":false,"campfire_upgraded":5,"win_rate":0,"timestamp":1551793049,"path_taken":["M","?","?","$","M","R","M","M","T","E","R","M","E","M","R","BOSS","M","?","M","$","M","R","M","R","T","R","M","E","?","M","R","BOSS","M","$","M","M","M","R","M","R","T","?","R","E","R","$","R","BOSS"],"build_version":"2019-02-06","purchased_purges":2,"victory":true,"max_hp_per_floor":[66,66,66,66,66,66,66,66,66,66,66,66,66,66,66,66,66,66,66,66,66,66,66,66,66,66,66,66,66,66,66,66,66,66,66,66,66,66,66,66,66,66,73,73,73,73,73,73,73,73],"card_choices":[{"not_picked":["Finisher","Blur"],"picked":"All Out Attack","floor":1},{"not_picked":["Acrobatics","Prepared"],"picked":"Dagger Throw","floor":3},{"not_picked":["PiercingWail","Cloak And Dagger"],"picked":"Crippling Poison","floor":5},{"not_picked":["Well Laid Plans","Heel Hook"],"picked":"Deadly Poison","floor":7},{"not_picked":["Prepared","Blade Dance","Riddle With Holes"],"picked":"SKIP","floor":8},{"not_picked":["Infinite Blades","Tactician"],"picked":"Blur","floor":10},{"not_picked":["Underhanded Strike","Cloak And Dagger"],"picked":"Backstab","floor":12},{"not_picked":["Night Terror","Prepared"],"picked":"Backflip","floor":13},{"not_picked":["Deadly Poison","Dagger Spray"],"picked":"Calculated Gamble","floor":14},{"not_picked":["Wraith Form v2","Corpse Explosion"],"picked":"Adrenaline","floor":16},{"not_picked":[],"picked":"Skewer","floor":18},{"not_picked":["Prepared"],"picked":"SKIP","floor":20},{"not_picked":["Outmaneuver"],"picked":"SKIP","floor":22},{"not_picked":["Distraction"],"picked":"SKIP","floor":24},{"not_picked":["Endless Agony"],"picked":"SKIP","floor":28},{"not_picked":[],"picked":"Predator","floor":29},{"not_picked":["Dagger Spray"],"picked":"SKIP","floor":31},{"not_picked":[],"picked":"Doppelganger","floor":33},{"not_picked":[],"picked":"Backflip","floor":35},{"not_picked":[],"picked":"Deflect","floor":37},{"not_picked":["Escape Plan"],"picked":"SKIP","floor":38},{"not_picked":["Tactician+1"],"picked":"SKIP","floor":39},{"not_picked":["Blade Dance"],"picked":"SKIP","floor":41},{"not_picked":["Slice"],"picked":"SKIP","floor":46}],"player_experience":1020552,"relics_obtained":[{"floor":9,"key":"Bottled Lightning"},{"floor":10,"key":"Girya"},{"floor":13,"key":"MawBank"},{"floor":26,"key":"Matryoshka"},{"floor":29,"key":"Bird Faced Urn"},{"floor":43,"key":"Strawberry"},{"floor":43,"key":"Peace Pipe"},{"floor":46,"key":"Centennial Puzzle"}],"event_choices":[{"damage_healed":0,"gold_gain":0,"player_choice":"Rummage","damage_taken":0,"relics_obtained":["WarpedTongs"],"max_hp_gain":0,"max_hp_loss":0,"event_name":"Accursed Blacksmith","floor":2,"gold_loss":0,"cards_obtained":["Pain"]},{"damage_healed":0,"gold_gain":0,"player_choice":"Ignored","damage_taken":0,"max_hp_gain":0,"max_hp_loss":0,"event_name":"Ghosts","floor":19,"gold_loss":0},{"damage_healed":0,"gold_gain":0,"player_choice":"Simplicity","damage_taken":0,"max_hp_gain":0,"max_hp_loss":0,"event_name":"Back to Basics","floor":30,"gold_loss":0,"cards_upgraded":["Defend_G","Defend_G","Defend_G","Defend_G","Defend_G","Strike_G","Strike_G","Strike_G","Strike_G","Strike_G"]},{"damage_healed":0,"gold_gain":0,"player_choice":"Ignored","damage_taken":0,"max_hp_gain":0,"max_hp_loss":0,"event_name":"Mysterious Sphere","floor":44,"gold_loss":0}],"is_beta":true,"boss_relics":[{"not_picked":["Black Star","WristBlade"],"picked":"Busted Crown"},{"not_picked":["Runic Dome","Cursed Key"],"picked":"Lizard Tail"}],"items_purged_floors":[4,36],"is_endless":false,"potions_floor_spawned":[1,3,13,16,18,22,24,28,46],"ascension_level":19}