{"gold_per_floor":[364,383,400,400,35,68,68,102,129,129,163,183,183,183,183,302,302,327,327,340,383,399,399],"floor_reached":23,"playtime":1342,"items_purged":["Doubt"],"score":219,"play_id":"5da56b77-6946-4cf0-9411-0311a604d57c","local_time":"20190513083336","is_ascension_mode":true,"campfire_choices":[{"floor":15,"key":"REST"}],"neow_cost":"CURSE","seed_source_timestamp":821808215721849,"circlet_count":0,"master_deck":["Strike_B","Strike_B","Strike_B","Defend_B+1","Defend_B+1","Defend_B+1","Defend_B+1","Zap","Dualcast","Conserve Battery","Coolheaded","Hologram+1","FTL","Gash","Gash","Core Surge","Coolheaded","Creative AI","Capacitor","Cold Snap+1","Compile Driver","Gash+1"],"relics":["Cracked Core","Kunai","Dream Catcher","Potion Belt","War Paint","Bottled Flame","Golden Idol","Philosopher\u0027s Stone","Red Mask"],"potions_floor_usage":[6,11,21,21,23],"damage_taken":[{"damage":8,"enemies":"Jaw Worm","floor":1,"turns":4},{"damage":0,"enemies":"Small Slimes","floor":2,"turns":3},{"damage":4,"enemies":"2 Louse","floor":3,"turns":3},{"damage":2,"enemies":"Lagavulin","floor":6,"turns":7},{"damage":28,"enemies":"Gremlin Nob","floor":8,"turns":4},{"damage":10,"enemies":"3 Sentries","floor":11,"turns":5},{"damage":0,"enemies":"Large Slime","floor":12,"turns":5},{"damage":4,"enemies":"Slime Boss","floor":16,"turns":9},{"damage":22,"enemies":"3 Byrds","floor":18,"turns":7},{"damage":3,"enemies":"Spheric Guardian","floor":20,"turns":4},{"damage":18,"enemies":"Masked Bandits","floor":21,"turns":5},{"damage":18,"enemies":"Snake Plant","floor":22,"turns":6},{"damage":13,"enemies":"Book of Stabbing","floor":23,"turns":3}],"seed_played":"2668518741614485403","potions_obtained":[{"floor":2,"key":"Explosive Potion"},{"floor":3,"key":"AttackPotion"},{"floor":8,"key":"SneckoOil"},{"floor":20,"key":"Poison Potion"},{"floor":21,"key":"LiquidBronze"}],"is_trial":false,"path_per_floor":["M","M","M","?","$","E","?","E","T","?","E","M","?","?","R","B",null,"M","?","M","?","M","E"],"character_chosen":"DEFECT","items_purchased":["Kunai","FTL"],"campfire_rested":1,"item_purchase_floors":[5,5],"current_hp_per_floor":[67,67,63,68,68,66,50,22,22,15,5,5,5,5,27,23,74,52,52,49,31,13,0],"gold":399,"neow_bonus":"TWO_FIFTY_GOLD","is_prod":false,"is_daily":false,"chose_seed":false,"campfire_upgraded":0,"win_rate":0,"timestamp":1557750816,"path_taken":["M","M","M","?","$","E","?","E","T","?","E","M","?","?","R","BOSS","M","?","M","?","M","E"],"build_version":"2019-05-07","purchased_purges":1,"victory":false,"max_hp_per_floor":[75,75,75,80,80,80,80,80,80,80,80,80,74,74,74,74,74,74,74,74,74,74,74],"card_choices":[{"not_picked":["Go for the Eyes","Force Field"],"picked":"Conserve Battery","floor":1},{"not_picked":["Scrape","Aggregate"],"picked":"Coolheaded","floor":2},{"not_picked":["Stack","Beam Cell"],"picked":"Hologram","floor":3},{"not_picked":["Turbo","Steam"],"picked":"Gash","floor":6},{"not_picked":["Compile Driver","Beam Cell"],"picked":"Gash","floor":8},{"not_picked":["Go for the Eyes","Amplify"],"picked":"Core Surge","floor":11},{"not_picked":["Blizzard","Tempest","Aggregate"],"picked":"SKIP","floor":12},{"not_picked":["Ball Lightning","Force Field"],"picked":"Coolheaded","floor":15},{"not_picked":["Multi-Cast","Meteor Strike"],"picked":"Creative AI","floor":16},{"not_picked":["Steam","Coolheaded"],"picked":"Capacitor","floor":18},{"not_picked":["Leap","Genetic Algorithm"],"picked":"Cold Snap+1","floor":20},{"not_picked":["Barrage","Reinforced Body"],"picked":"Compile Driver","floor":21},{"not_picked":["Loop+1","Beam Cell"],"picked":"Gash+1","floor":22}],"player_experience":5737987,"relics_obtained":[{"floor":6,"key":"Dream Catcher"},{"floor":8,"key":"Potion Belt"},{"floor":9,"key":"War Paint"},{"floor":11,"key":"Bottled Flame"},{"floor":21,"key":"Red Mask"}],"event_choices":[{"damage_healed":0,"gold_gain":0,"player_choice":"Donut","damage_taken":0,"max_hp_gain":5,"max_hp_loss":0,"event_name":"Big Fish","floor":4,"gold_loss":0},{"damage_healed":0,"gold_gain":0,"player_choice":"Entered Light","damage_taken":16,"max_hp_gain":0,"max_hp_loss":0,"event_name":"Shining Light","floor":7,"gold_loss":0,"cards_upgraded":["Defend_B","Defend_B"]},{"cards_removed":["Strike_B"],"damage_healed":0,"gold_gain":0,"player_choice":"Card Removal","damage_taken":7,"max_hp_gain":0,"max_hp_loss":0,"event_name":"Golden Wing","floor":10,"gold_loss":0},{"damage_healed":0,"gold_gain":0,"player_choice":"Lose Max HP","damage_taken":0,"relics_obtained":["Golden Idol"],"max_hp_gain":0,"max_hp_loss":6,"event_name":"Golden Idol","floor":13,"gold_loss":0},{"damage_healed":0,"gold_gain":0,"player_choice":"Grow","damage_taken":0,"max_hp_gain":0,"max_hp_loss":0,"event_name":"Living Wall","floor":14,"gold_loss":0,"cards_upgraded":["Hologram"]},{"damage_healed":0,"gold_gain":0,"player_choice":"Ignored","damage_taken":0,"max_hp_gain":0,"max_hp_loss":0,"event_name":"Vampires","floor":19,"gold_loss":0},{"damage_healed":0,"gold_gain":0,"player_choice":"Fought Bandits","damage_taken":0,"max_hp_gain":0,"max_hp_loss":0,"event_name":"Masked Bandits","floor":21,"gold_loss":0}],"is_beta":true,"boss_relics":[{"not_picked":["Inserter","Lizard Tail"],"picked":"Philosopher\u0027s Stone"}],"items_purged_floors":[5],"is_endless":false,"potions_floor_spawned":[2,3,8,20,21],"killed_by":"Book of Stabbing","ascension_level":1}