{"gold_per_floor":[110,124,136,136,146,146,156,168,168,69,102,122,122,142,142,244,244,263,263,263,43,56,56,81,101,101,111,111,127,140,153,153,153],"floor_reached":33,"playtime":1696,"items_purged":[],"score":275,"play_id":"b064f197-0678-401d-a643-a91b191286b2","local_time":"20190416114257","is_ascension_mode":false,"campfire_choices":[{"data":"Beam Cell","floor":6,"key":"SMITH"},{"floor":15,"key":"REST"},{"floor":23,"key":"REST"},{"floor":28,"key":"REST"},{"floor":32,"key":"REST"}],"neow_cost":"NONE","seed_source_timestamp":333288233877200,"circlet_count":0,"master_deck":["Strike_B","Strike_B","Strike_B","Strike_B","Defend_B","Defend_B","Defend_B","Defend_B","Zap+1","Dualcast","Electrodynamics","Sweeping Beam","Beam Cell+1","Heatsinks","Capacitor","Leap","Conserve Battery","Heatsinks","Coolheaded","Buffer","Go for the Eyes","Creative AI","Leap+1","Static Discharge","White Noise","Leap","Stack","Auto Shields+1","Consume+1","Compile Driver"],"relics":["Cracked Core","Meat on the Bone","Potion Belt","Black Star","Nilry\u0027s Codex","Pen Nib","Du-Vu Doll","Bottled Tornado","Toxic Egg 2"],"potions_floor_usage":[27,27,29,31,31,31],"damage_taken":[{"damage":8,"enemies":"Small Slimes","floor":1,"turns":2},{"damage":6,"enemies":"Cultist","floor":2,"turns":4},{"damage":0,"enemies":"2 Louse","floor":3,"turns":2},{"damage":5,"enemies":"Looter","floor":5,"turns":3},{"damage":9,"enemies":"Blue Slaver","floor":7,"turns":3},{"damage":9,"enemies":"Exordium Wildlife","floor":8,"turns":3},{"damage":21,"enemies":"Lagavulin","floor":11,"turns":7},{"damage":0,"enemies":"2 Fungi Beasts","floor":12,"turns":2},{"damage":12,"enemies":"Gremlin Gang","floor":14,"turns":2},{"damage":7,"enemies":"Slime Boss","floor":16,"turns":9},{"damage":9,"enemies":"Chosen","floor":18,"turns":6},{"damage":9,"enemies":"3 Byrds","floor":22,"turns":5},{"damage":46,"enemies":"Slavers","floor":24,"turns":4},{"damage":15,"enemies":"Snecko","floor":25,"turns":6},{"damage":30,"enemies":"Shelled Parasite and Fungi","floor":27,"turns":5},{"damage":14,"enemies":"Sentry and Sphere","floor":29,"turns":5},{"damage":4,"enemies":"3 Cultists","floor":30,"turns":3},{"damage":25,"enemies":"Snake Plant","floor":31,"turns":4},{"damage":63,"enemies":"Champ","floor":33,"turns":13}],"seed_played":"-6195266943836208419","potions_obtained":[{"floor":1,"key":"Fire Potion"},{"floor":8,"key":"SneckoOil"},{"floor":11,"key":"Weak Potion"},{"floor":14,"key":"PowerPotion"},{"floor":16,"key":"Strength Potion"},{"floor":18,"key":"SpeedPotion"},{"floor":25,"key":"LiquidBronze"},{"floor":30,"key":"EntropicBrew"}],"is_trial":false,"path_per_floor":["M","M","M","?","M","R","M","M","T","$","E","M","?","M","R","B",null,"M","?","?","$","M","R","E","M","T","M","R","M","M","M","R","B"],"character_chosen":"DEFECT","items_purchased":["Conserve Battery","Heatsinks","Static Discharge","Pen Nib"],"campfire_rested":4,"item_purchase_floors":[10,10,21,21],"current_hp_per_floor":[67,61,61,61,56,56,47,38,38,38,29,41,46,46,70,63,80,71,55,55,55,46,70,36,33,33,15,39,37,45,32,56,0],"gold":153,"neow_bonus":"ONE_RANDOM_RARE_CARD","is_prod":false,"is_daily":false,"chose_seed":false,"campfire_upgraded":1,"win_rate":0.0,"timestamp":1555429377,"path_taken":["M","M","M","?","M","R","M","?","T","$","E","M","?","M","R","BOSS","M","?","?","?","M","R","E","M","T","M","R","?","M","M","R","BOSS"],"build_version":"2019-01-23","purchased_purges":0,"victory":false,"max_hp_per_floor":[75,75,75,75,75,75,75,75,75,75,75,75,80,80,80,80,80,80,80,80,80,80,80,80,80,80,80,80,80,80,80,80,80],"card_choices":[{"not_picked":["Aggregate","Cold Snap"],"picked":"Sweeping Beam","floor":1},{"not_picked":["Hologram","Cold Snap"],"picked":"Beam Cell","floor":2},{"not_picked":["Steam Power","Barrage","Turbo"],"picked":"SKIP","floor":3},{"not_picked":["Coolheaded","Double Energy"],"picked":"Heatsinks","floor":5},{"not_picked":["Reboot","Aggregate"],"picked":"Capacitor","floor":7},{"not_picked":["Cold Snap","Redo"],"picked":"Leap","floor":8},{"not_picked":["Compile Driver","Doom and Gloom"],"picked":"Coolheaded","floor":11},{"not_picked":["Undo","Coolheaded"],"picked":"Buffer","floor":12},{"not_picked":["Chill","Beam Cell"],"picked":"Go for the Eyes","floor":14},{"not_picked":["Thunder Strike","All For One"],"picked":"Creative AI","floor":16},{"not_picked":["Turbo+1","Undo+1"],"picked":"Leap+1","floor":18},{"not_picked":["Reinforced Body+1","Leap"],"picked":"White Noise","floor":22},{"not_picked":["All For One","Sunder"],"picked":"Leap","floor":24},{"not_picked":["Melter","Darkness"],"picked":"Stack","floor":25},{"not_picked":["Beam Cell","Conserve Battery+1"],"picked":"Auto Shields+1","floor":27},{"not_picked":["Barrage","Go for the Eyes"],"picked":"Consume+1","floor":29},{"not_picked":["Darkness+1","Beam Cell","Go for the Eyes"],"picked":"SKIP","floor":30},{"not_picked":["Reprogram+1","Cold Snap"],"picked":"Compile Driver","floor":31}],"player_experience":75270,"relics_obtained":[{"floor":9,"key":"Meat on the Bone"},{"floor":11,"key":"Potion Belt"},{"floor":19,"key":"Nilry\u0027s Codex"},{"floor":24,"key":"Du-Vu Doll"},{"floor":24,"key":"Bottled Tornado"},{"floor":26,"key":"Toxic Egg 2"}],"event_choices":[{"damage_healed":0,"gold_gain":0,"player_choice":"Forge","damage_taken":0,"max_hp_gain":0,"max_hp_loss":0,"event_name":"Accursed Blacksmith","floor":4,"gold_loss":0,"cards_upgraded":["Zap"]},{"damage_healed":0,"gold_gain":0,"player_choice":"Donut","damage_taken":0,"max_hp_gain":5,"max_hp_loss":0,"event_name":"Big Fish","floor":13,"gold_loss":0},{"damage_healed":0,"gold_gain":0,"player_choice":"Obtained Book","damage_taken":16,"max_hp_gain":0,"max_hp_loss":0,"event_name":"Cursed Tome","floor":19,"gold_loss":0},{"damage_healed":0,"gold_gain":0,"player_choice":"Ignored","damage_taken":0,"max_hp_gain":0,"max_hp_loss":0,"event_name":"Vampires","floor":20,"gold_loss":0}],"is_beta":false,"boss_relics":[{"not_picked":["Runic Pyramid","Philosopher\u0027s Stone"],"picked":"Black Star"}],"items_purged_floors":[],"is_endless":false,"potions_floor_spawned":[1,8,11,14,16,18,25,30],"killed_by":"Champ","ascension_level":0}