{"gold_per_floor":[111,122,297,297,113,147,147,167,167,167,202,202,277,302,302,302],"floor_reached":16,"playtime":361,"items_purged":["Doubt"],"score":197,"play_id":"6a6214b9-7b00-4682-933c-d1709337f351","local_time":"20190202195630","is_ascension_mode":true,"campfire_choices":[{"data":"Redo","floor":7,"key":"SMITH"},{"floor":10,"key":"REST"},{"floor":12,"key":"REST"},{"data":"White Noise","floor":15,"key":"SMITH"}],"neow_cost":"NONE","seed_source_timestamp":328526566566564,"circlet_count":0,"master_deck":["Strike_B","Strike_B","Strike_B","Strike_B","Defend_B","Defend_B","Defend_B","Defend_B","Zap","Dualcast","Turbo","Rip and Tear+1","Loop","Doom and Gloom","Redo+1","Glacier","Reboot","White Noise+1"],"relics":["Cracked Core","NeowsBlessing","Unceasing Top","Dodecahedron","Du-Vu Doll","Mummified Hand"],"potions_floor_usage":[11,14,16],"damage_taken":[{"damage":0,"enemies":"2 Louse","floor":1,"turns":1},{"damage":0,"enemies":"Small Slimes","floor":2,"turns":1},{"damage":0,"enemies":"Lagavulin","floor":6,"turns":1},{"damage":2,"enemies":"Jaw Worm","floor":8,"turns":3},{"damage":15,"enemies":"3 Sentries","floor":11,"turns":6},{"damage":31,"enemies":"Gremlin Nob","floor":14,"turns":4},{"damage":36,"enemies":"Slime Boss","floor":16,"turns":6}],"seed_played":"-2353155134644759226","potions_obtained":[{"floor":2,"key":"Regen Potion"},{"floor":6,"key":"Poison Potion"},{"floor":14,"key":"Explosive Potion"}],"is_trial":false,"path_per_floor":["M","M","?","?","$","E","R","M","T","R","E","R","?","E","R","B"],"character_chosen":"DEFECT","items_purchased":["Loop","Doom and Gloom"],"campfire_rested":2,"item_purchase_floors":[5,5],"current_hp_per_floor":[68,68,68,68,68,68,68,66,66,75,67,75,64,33,33,0],"gold":302,"neow_bonus":"THREE_ENEMY_KILL","is_prod":false,"is_daily":false,"chose_seed":false,"campfire_upgraded":2,"win_rate":0,"timestamp":1549148190,"path_taken":["M","M","?","?","$","E","R","M","T","R","E","R","?","E","R","BOSS"],"build_version":"2019-01-23","purchased_purges":1,"victory":false,"max_hp_per_floor":[75,75,75,75,75,75,75,75,75,75,75,75,75,75,75,75],"card_choices":[{"not_picked":["Redo","Darkness"],"picked":"Turbo","floor":1},{"not_picked":["Compile Driver","Undo"],"picked":"Rip and Tear","floor":2},{"not_picked":["Stack","Lockon"],"picked":"Redo","floor":6},{"not_picked":["Leap","Coolheaded"],"picked":"Glacier","floor":8},{"not_picked":["Streamline","Chaos"],"picked":"Reboot","floor":11},{"not_picked":["Fusion","FTL"],"picked":"White Noise","floor":14}],"player_experience":708456,"relics_obtained":[{"floor":6,"key":"Unceasing Top"},{"floor":9,"key":"Dodecahedron"},{"floor":11,"key":"Du-Vu Doll"},{"floor":14,"key":"Mummified Hand"}],"event_choices":[{"damage_healed":0,"gold_gain":175,"player_choice":"AGREE","damage_taken":0,"max_hp_gain":0,"max_hp_loss":0,"event_name":"Liars Game","floor":3,"gold_loss":0,"cards_obtained":["Doubt"]},{"damage_healed":0,"gold_gain":0,"player_choice":"Grow","damage_taken":0,"max_hp_gain":0,"max_hp_loss":0,"event_name":"Living Wall","floor":4,"gold_loss":0,"cards_upgraded":["Rip and Tear"]},{"damage_healed":0,"gold_gain":75,"player_choice":"Gather Gold","damage_taken":11,"max_hp_gain":0,"max_hp_loss":0,"event_name":"World of Goop","floor":13,"gold_loss":0}],"is_beta":false,"boss_relics":[],"items_purged_floors":[5],"is_endless":false,"potions_floor_spawned":[2,6,14],"killed_by":"Slime Boss","ascension_level":8}