{"gold_per_floor":[118,134,134,144,167,167,148,182,182,182,213,213,227,242,242,342,342,328,328],"floor_reached":19,"playtime":705,"items_purged":[],"score":242,"play_id":"01c104c1-5310-436f-b089-e98d4f64ad05","local_time":"20190131190219","is_ascension_mode":true,"campfire_choices":[{"data":"Flex","floor":6,"key":"SMITH"},{"floor":10,"key":"REST"},{"floor":12,"key":"REST"},{"data":"Limit Break","floor":15,"key":"SMITH"}],"neow_cost":"TEN_PERCENT_HP_LOSS","seed_source_timestamp":152112173927384,"circlet_count":0,"master_deck":["Strike_R","Strike_R","Strike_R","Strike_R","Strike_R","Defend_R+1","Defend_R","Defend_R","Defend_R","Bash","Limit Break+1","Rage+1","Flex+1","Heavy Blade","Sword Boomerang","Sword Boomerang","Anger","True Grit","True Grit","Juggernaut","Armaments+1"],"relics":["Burning Blood","War Paint","Smiling Mask","Anchor","Matryoshka","Cursed Key"],"potions_floor_usage":[7,8,11,16,18],"damage_taken":[{"damage":8,"enemies":"2 Louse","floor":1,"turns":3},{"damage":5,"enemies":"Jaw Worm","floor":2,"turns":5},{"damage":0,"enemies":"Cultist","floor":4,"turns":4},{"damage":22,"enemies":"Exordium Thugs","floor":7,"turns":4},{"damage":36,"enemies":"Gremlin Nob","floor":8,"turns":4},{"damage":32,"enemies":"3 Sentries","floor":11,"turns":8},{"damage":0,"enemies":"Blue Slaver","floor":13,"turns":3},{"damage":0,"enemies":"Red Slaver","floor":14,"turns":2},{"damage":20,"enemies":"The Guardian","floor":16,"turns":10},{"damage":14,"enemies":"2 Thieves","floor":18,"turns":4},{"damage":38,"enemies":"Colosseum Slavers","floor":19,"turns":5},{"damage":42,"enemies":"Colosseum Nobs","floor":19,"turns":3}],"seed_played":"7969989733232227389","potions_obtained":[{"floor":1,"key":"Explosive Potion"},{"floor":2,"key":"PowerPotion"},{"floor":7,"key":"Energy Potion"},{"floor":13,"key":"Swift Potion"},{"floor":14,"key":"Fire Potion"},{"floor":16,"key":"Fruit Juice"}],"is_trial":false,"path_per_floor":["M","M","?","M","T","R","M","E","T","R","E","R","M","M","R","B",null,"M","?"],"character_chosen":"IRONCLAD","items_purchased":[],"campfire_rested":2,"item_purchase_floors":[],"current_hp_per_floor":[70,71,71,72,72,72,56,26,26,47,21,42,48,54,54,45,69,61,0],"gold":328,"neow_bonus":"THREE_RARE_CARDS","is_prod":false,"is_daily":false,"chose_seed":false,"campfire_upgraded":2,"win_rate":0,"timestamp":1548972139,"path_taken":["M","M","?","M","?","R","M","E","T","R","E","R","M","?","R","BOSS","M","?"],"build_version":"2019-01-23","purchased_purges":0,"victory":false,"max_hp_per_floor":[72,72,72,72,72,72,72,72,72,72,72,72,72,72,72,77,77,77,77],"card_choices":[{"not_picked":["Demon Form","Bludgeon"],"picked":"Limit Break","floor":0},{"not_picked":["Dual Wield","Feel No Pain"],"picked":"Rage","floor":1},{"not_picked":["Armaments","Wild Strike"],"picked":"Flex","floor":2},{"not_picked":["Shrug It Off","Twin Strike"],"picked":"Heavy Blade","floor":4},{"not_picked":["Whirlwind","Dark Embrace"],"picked":"Sword Boomerang","floor":7},{"not_picked":["Havoc","Body Slam"],"picked":"Sword Boomerang","floor":8},{"not_picked":["True Grit","Blood for Blood"],"picked":"Anger","floor":11},{"not_picked":["Evolve","Bloodletting"],"picked":"True Grit","floor":13},{"not_picked":["Wild Strike","Fire Breathing"],"picked":"True Grit","floor":14},{"not_picked":["Dark Embrace","Exhume"],"picked":"Juggernaut","floor":16},{"not_picked":["Body Slam","Clash"],"picked":"Armaments+1","floor":18}],"player_experience":697459,"relics_obtained":[{"floor":5,"key":"War Paint"},{"floor":8,"key":"Smiling Mask"},{"floor":9,"key":"Anchor"},{"floor":11,"key":"Matryoshka"}],"event_choices":[{"damage_healed":0,"gold_gain":0,"player_choice":"Ignored","damage_taken":0,"max_hp_gain":0,"max_hp_loss":0,"event_name":"Golden Wing","floor":3,"gold_loss":0},{"damage_healed":0,"gold_gain":0,"player_choice":"Fight","damage_taken":0,"max_hp_gain":0,"max_hp_loss":0,"event_name":"Colosseum","floor":19,"gold_loss":0},{"damage_healed":0,"gold_gain":0,"player_choice":"Fought Nobs","damage_taken":0,"max_hp_gain":0,"max_hp_loss":0,"event_name":"Colosseum","floor":19,"gold_loss":0}],"is_beta":false,"boss_relics":[{"not_picked":["Velvet Choker","Philosopher\u0027s Stone"],"picked":"Cursed Key"}],"items_purged_floors":[],"is_endless":false,"potions_floor_spawned":[1,2,7,13,14,16],"killed_by":"Colosseum Nobs","ascension_level":7}