{"gold_per_floor":[111,111,40,115,126,126,155,155,155,172,186,197,297,309,309,309],"floor_reached":16,"playtime":548,"items_purged":[],"score":140,"play_id":"f3ad876f-38c5-417b-97ae-030dd28fc61c","local_time":"20190507185205","is_ascension_mode":true,"campfire_choices":[{"data":"Blade Dance","floor":6,"key":"SMITH"},{"data":"Well Laid Plans","floor":8,"key":"SMITH"},{"floor":15,"key":"REST"}],"neow_cost":"NONE","seed_source_timestamp":154448753755000,"circlet_count":0,"master_deck":["Defend_G","Defend_G","Defend_G","Defend_G","Defend_G","Strike_G","Strike_G","Strike_G","Strike_G","Survivor","Neutralize","Blade Dance+1","Setup","Crippling Poison","Backflip","Well Laid Plans+1","Infinite Blades","Blade Dance","Deflect","Adrenaline"],"relics":["Ring of the Snake","NeowsBlessing","Letter Opener","Shovel"],"potions_floor_usage":[],"damage_taken":[{"damage":0,"enemies":"2 Louse","floor":1,"turns":1},{"damage":0,"enemies":"Small Slimes","floor":5,"turns":1},{"damage":0,"enemies":"Lagavulin","floor":7,"turns":1},{"damage":4,"enemies":"Jaw Worm","floor":10,"turns":4},{"damage":4,"enemies":"Blue Slaver","floor":11,"turns":3},{"damage":7,"enemies":"Gremlin Gang","floor":12,"turns":5},{"damage":19,"enemies":"Exordium Thugs","floor":14,"turns":5},{"damage":46,"enemies":"The Guardian","floor":16,"turns":8}],"seed_played":"4933239584391554456","potions_obtained":[{"floor":5,"key":"Strength Potion"},{"floor":10,"key":"FearPotion"},{"floor":11,"key":"Block Potion"}],"is_trial":false,"path_per_floor":["M","?","$","?","M","R","E","R","T","M","M","M","?","M","R","B"],"character_chosen":"THE_SILENT","items_purchased":["Crippling Poison"],"campfire_rested":1,"item_purchase_floors":[3],"current_hp_per_floor":[70,70,70,59,59,59,59,59,59,55,51,44,44,25,46,0],"gold":309,"neow_bonus":"THREE_ENEMY_KILL","is_prod":false,"is_daily":false,"chose_seed":false,"campfire_upgraded":2,"win_rate":0,"timestamp":1557269525,"path_taken":["M","?","$","?","?","R","E","R","T","M","M","M","?","M","R","BOSS"],"build_version":"2019-01-23","purchased_purges":0,"victory":false,"max_hp_per_floor":[70,70,70,70,70,70,70,70,70,70,70,70,70,70,70,70],"card_choices":[{"not_picked":["Heel Hook","Outmaneuver"],"picked":"Blade Dance","floor":1},{"not_picked":["Backstab","Dagger Spray"],"picked":"Backflip","floor":5},{"not_picked":["Expertise","Phantasmal Killer"],"picked":"Well Laid Plans","floor":7},{"not_picked":["Underhanded Strike","Endless Agony"],"picked":"Infinite Blades","floor":10},{"not_picked":["Riddle With Holes","Heel Hook"],"picked":"Blade Dance","floor":11},{"not_picked":["Infinite Blades","Eviscerate"],"picked":"Deflect","floor":12},{"not_picked":["Blade Dance","Riddle With Holes"],"picked":"Adrenaline","floor":14}],"player_experience":146135,"relics_obtained":[{"floor":7,"key":"Letter Opener"},{"floor":9,"key":"Shovel"}],"event_choices":[{"damage_healed":0,"gold_gain":0,"cards_transformed":["Strike_G"],"player_choice":"Change","damage_taken":0,"max_hp_gain":0,"max_hp_loss":0,"event_name":"Living Wall","floor":2,"gold_loss":0,"cards_obtained":["Setup"]},{"damage_healed":0,"gold_gain":75,"player_choice":"Gather Gold","damage_taken":11,"max_hp_gain":0,"max_hp_loss":0,"event_name":"World of Goop","floor":4,"gold_loss":0},{"damage_healed":0,"gold_gain":100,"player_choice":"Pray","damage_taken":0,"max_hp_gain":0,"max_hp_loss":0,"event_name":"Golden Shrine","floor":13,"gold_loss":0}],"is_beta":false,"boss_relics":[],"items_purged_floors":[],"is_endless":false,"potions_floor_spawned":[5,10,11],"killed_by":"The Guardian","ascension_level":2}