{"gold_per_floor":[209,224,240,315,16,47,47,66,119,153,165,165,195,210,210,310,310,327,37,37,48,61,87,101,101,101,101,101,126,126,0,0,100,100,120,139,139,139,153,181,195,229,229,229,243,343,343],"floor_reached":47,"playtime":1814,"items_purged":[],"score":656,"play_id":"01401b41-0ec6-4fd3-89f1-237bc18f6c42","local_time":"20190424112334","is_ascension_mode":true,"campfire_choices":[{"data":"Flex","floor":7.0,"key":"SMITH"},{"floor":12.0,"key":"REST"},{"data":"Perfected Strike","floor":15,"key":"SMITH"},{"floor":25,"key":"REST"},{"data":"Double Tap","floor":27,"key":"SMITH"},{"floor":32,"key":"REST"},{"data":"Armaments","floor":44,"key":"SMITH"}],"neow_cost":"NONE","seed_source_timestamp":0,"circlet_count":0,"master_deck":["Strike_R","Strike_R","Strike_R","Strike_R","Strike_R+1","Defend_R","Defend_R","Defend_R","Defend_R","Bash+1","Rampage","Flex+1","Wild Strike","Flex","Pummel","Armaments+1","Twin Strike","Cleave","Perfected Strike+1","Double Tap+1","Perfected Strike+1","Pommel Strike+1","Sword Boomerang","Necronomicurse","Double Tap","Inflame+1","Twin Strike","Wild Strike+1","Wild Strike+1","Heavy Blade+1"],"special_seed":0,"relics":["Black Blood","Blood Vial","Strawberry","Question Card","Red Skull","Happy Flower","Whetstone","Busted Crown","Gambling Chip","Vajra","Regal Pillow","Necronomicon","PreservedInsect","Sundial","Ice Cream","Thread and Needle"],"potions_floor_usage":[16,16,23,33,41,41],"damage_taken":[{"damage":6.0,"enemies":"Cultist","floor":1.0,"turns":3.0},{"damage":15.0,"enemies":"Small Slimes","floor":2.0,"turns":4.0},{"damage":3.0,"enemies":"2 Louse","floor":3.0,"turns":3.0},{"damage":16.0,"enemies":"Gremlin Nob","floor":6.0,"turns":3.0},{"damage":11.0,"enemies":"Lots of Slimes","floor":8.0,"turns":4.0},{"damage":30.0,"enemies":"Lagavulin","floor":10.0,"turns":5.0},{"damage":13.0,"enemies":"Red Slaver","floor":11.0,"turns":4.0},{"damage":25.0,"enemies":"3 Sentries","floor":13.0,"turns":5.0},{"damage":0.0,"enemies":"Large Slime","floor":14.0,"turns":3.0},{"damage":41,"enemies":"Hexaghost","floor":16,"turns":5},{"damage":1,"enemies":"Spheric Guardian","floor":18,"turns":3},{"damage":2,"enemies":"Chosen","floor":21,"turns":3},{"damage":19,"enemies":"Centurion and Healer","floor":22,"turns":4},{"damage":36,"enemies":"Book of Stabbing","floor":23,"turns":4},{"damage":5,"enemies":"Snecko","floor":24,"turns":3},{"damage":39,"enemies":"Gremlin Leader","floor":29,"turns":3},{"damage":40,"enemies":"Collector","floor":33,"turns":4},{"damage":19,"enemies":"3 Shapes","floor":35,"turns":3},{"damage":0,"enemies":"Orb Walker","floor":36,"turns":1},{"damage":31,"enemies":"4 Shapes","floor":39,"turns":3},{"damage":21,"enemies":"Giant Head","floor":40,"turns":5},{"damage":33,"enemies":"Writhing Mass","floor":41,"turns":3},{"damage":0,"enemies":"Reptomancer","floor":42,"turns":1},{"damage":33,"enemies":"Jaw Worm Horde","floor":45,"turns":3},{"damage":18,"enemies":"Mind Bloom Boss Battle","floor":46,"turns":3},{"damage":56,"enemies":"Nemesis","floor":47,"turns":2}],"seed_played":"-2204717042870132380","potions_obtained":[{"floor":2.0,"key":"AttackPotion"},{"floor":8.0,"key":"SteroidPotion"},{"floor":10.0,"key":"Ancient Potion"},{"floor":13.0,"key":"SteroidPotion"},{"floor":21,"key":"AttackPotion"},{"floor":24,"key":"BloodPotion"},{"floor":29,"key":"Fire Potion"},{"floor":35,"key":"Dexterity Potion"},{"floor":36,"key":"Explosive Potion"},{"floor":42,"key":"Dexterity Potion"},{"floor":46,"key":"Ancient Potion"}],"is_trial":false,"path_per_floor":["M","M","M","?","$","E","R","M","T","E","M","R","E","M","R","B",null,"M","$","?","M","M","E","M","R","T","R","$","E","?","?","R","B",null,"M","M","?","?","M","E","M","E","T","R","M","?","E"],"character_chosen":"IRONCLAD","items_purchased":["Blood Vial","Strawberry","Gambling Chip"],"campfire_rested":3,"item_purchase_floors":[5,5,19],"current_hp_per_floor":[80,71,74,63,70,62,62,59,59,37,32,58,41,49,49,16,87,87,87,87,87,74,46,49,75,75,75,75,44,28,28,69,37,87,78,87,83,83,62,53,40,52,52,52,31,25,0],"gold":343,"neow_bonus":"HUNDRED_GOLD","is_prod":false,"is_daily":false,"chose_seed":false,"campfire_upgraded":4,"win_rate":0,"timestamp":1556119414,"path_taken":["M","M","?","?","$","E","R","M","T","E","M","R","E","M","R","BOSS","M","$","?","M","M","E","?","R","T","R","?","E","?","?","R","BOSS","M","M","?","?","M","E","M","E","T","R","?","?","E"],"build_version":"2019-01-23","purchased_purges":0,"victory":false,"max_hp_per_floor":[80,80,80,80,87,87,87,87,87,87,87,87,87,87,87,87,87,87,87,87,87,87,87,87,87,87,87,87,87,87,87,87,87,87,87,87,83,83,83,83,83,83,83,83,83,83,83],"card_choices":[{"not_picked":["Iron Wave","Shockwave"],"picked":"Rampage","floor":1.0},{"not_picked":["Second Wind","Battle Trance"],"picked":"Flex","floor":2.0},{"not_picked":["Body Slam","Armaments"],"picked":"Wild Strike","floor":3.0},{"not_picked":["Sword Boomerang","Sever Soul"],"picked":"Flex","floor":6.0},{"not_picked":["Cleave","Evolve","Second Wind"],"picked":"Pummel","floor":8.0},{"not_picked":["True Grit","Barricade","Warcry"],"picked":"Armaments","floor":10.0},{"not_picked":["Rage","Wild Strike","Dropkick"],"picked":"Twin Strike","floor":11.0},{"not_picked":["Flex","Warcry","Sword Boomerang"],"picked":"Cleave","floor":13.0},{"not_picked":["Cleave","Burning Pact","Wild Strike"],"picked":"Perfected Strike","floor":14.0},{"not_picked":["Bludgeon","Dark Embrace","Limit Break"],"picked":"Double Tap","floor":16},{"not_picked":["Armaments"],"picked":"Body Slam","floor":18},{"not_picked":["Anger+1"],"picked":"Pommel Strike+1","floor":21},{"not_picked":["Reckless Charge","Sentinel"],"picked":"SKIP","floor":22},{"not_picked":["Iron Wave","Brutality"],"picked":"SKIP","floor":23},{"not_picked":["Clothesline","Iron Wave"],"picked":"SKIP","floor":24},{"not_picked":["Second Wind"],"picked":"Sword Boomerang","floor":29},{"not_picked":["Impervious"],"picked":"Double Tap","floor":33},{"not_picked":["Sword Boomerang+1"],"picked":"Inflame+1","floor":35},{"not_picked":["Cleave"],"picked":"Twin Strike","floor":36},{"not_picked":["Havoc"],"picked":"Wild Strike+1","floor":39},{"not_picked":["Bludgeon","Pummel"],"picked":"SKIP","floor":40},{"not_picked":["Anger+1","Havoc+1"],"picked":"SKIP","floor":41},{"not_picked":["Body Slam"],"picked":"Wild Strike+1","floor":42},{"not_picked":["Pummel","Anger"],"picked":"SKIP","floor":45},{"not_picked":["Metallicize"],"picked":"Heavy Blade+1","floor":46}],"player_experience":103892,"relics_obtained":[{"floor":6.0,"key":"Question Card"},{"floor":9.0,"key":"Red Skull"},{"floor":10.0,"key":"Happy Flower"},{"floor":13.0,"key":"Whetstone"},{"floor":23,"key":"Vajra"},{"floor":29,"key":"Regal Pillow"},{"floor":30,"key":"Necronomicon"},{"floor":40,"key":"PreservedInsect"},{"floor":42,"key":"Sundial"},{"floor":43,"key":"Ice Cream"},{"floor":46,"key":"Thread and Needle"}],"event_choices":[{"damage_healed":0.0,"max_hp_gain":0.0,"max_hp_loss":0.0,"gold_gain":75.0,"event_name":"World of Goop","player_choice":"Gather Gold","floor":4.0,"gold_loss":0.0,"damage_taken":11.0},{"damage_healed":0,"gold_gain":0,"player_choice":"Copied","damage_taken":0,"max_hp_gain":0,"max_hp_loss":0,"event_name":"Duplicator","floor":20,"gold_loss":0,"cards_obtained":["Perfected Strike"]},{"damage_healed":0,"gold_gain":0,"player_choice":"Obtained Book","damage_taken":16,"max_hp_gain":0,"max_hp_loss":0,"event_name":"Cursed Tome","floor":30,"gold_loss":0},{"damage_healed":0,"gold_gain":0,"player_choice":"Paid Fearfully","damage_taken":0,"max_hp_gain":0,"max_hp_loss":0,"event_name":"Masked Bandits","floor":31,"gold_loss":126},{"damage_healed":0,"gold_gain":0,"player_choice":"Max HP","damage_taken":0,"max_hp_gain":0,"max_hp_loss":4,"event_name":"Winding Halls","floor":37,"gold_loss":0},{"cards_removed":["Body Slam"],"damage_healed":5,"gold_gain":0,"player_choice":"Offered Common","damage_taken":0,"max_hp_gain":0,"max_hp_loss":0,"event_name":"Bonfire Elementals","floor":38,"gold_loss":0},{"cards_removed":["Body Slam"],"damage_healed":5,"gold_gain":0,"player_choice":"Offered Special","damage_taken":0,"max_hp_gain":0,"max_hp_loss":0,"event_name":"Bonfire Elementals","floor":38,"gold_loss":0},{"damage_healed":0,"gold_gain":0,"player_choice":"Fight","damage_taken":0,"max_hp_gain":0,"max_hp_loss":0,"event_name":"MindBloom","floor":46,"gold_loss":0}],"is_beta":false,"boss_relics":[{"not_picked":["Pandora\u0027s Box","Snecko Eye"],"picked":"Busted Crown"},{"not_picked":["Tiny House","Philosopher\u0027s Stone"],"picked":"Black Blood"}],"items_purged_floors":[],"is_endless":false,"potions_floor_spawned":[2,8,10,13,21,24,29,35,36,42,46],"killed_by":"Nemesis","ascension_level":3}