{"gold_per_floor":[119,394,414,434,61,61,96,96,96,112,137,137,137],"floor_reached":13,"playtime":316,"items_purged":["Regret"],"score":121,"play_id":"ee22f69d-c60b-4d97-aa43-707f6541549c","local_time":"20181231145356","is_ascension_mode":true,"campfire_choices":[{"data":"Armaments","floor":6,"key":"SMITH"},{"floor":8,"key":"REST"}],"neow_cost":"NONE","seed_source_timestamp":844315747457127,"circlet_count":0,"master_deck":["Strike_R","Strike_R","Strike_R","Strike_R","Strike_R","Defend_R","Defend_R","Defend_R","Defend_R","Bash","Shrug It Off","Flex","Armaments+1","Armaments","Inflame","Flex","Heavy Blade","Metallicize+1"],"relics":["Burning Blood","NeowsBlessing","ClockworkSouvenir","Calipers","Frozen Egg 2","Gremlin Horn"],"potions_floor_usage":[11],"damage_taken":[{"damage":0,"enemies":"2 Louse","floor":1,"turns":1},{"damage":0,"enemies":"Cultist","floor":3,"turns":1},{"damage":0,"enemies":"Small Slimes","floor":4,"turns":1},{"damage":50,"enemies":"3 Sentries","floor":7,"turns":10},{"damage":14,"enemies":"Exordium Thugs","floor":10,"turns":5},{"damage":46,"enemies":"Gremlin Nob","floor":11,"turns":5},{"damage":0,"enemies":"Red Slaver","floor":13,"turns":1}],"seed_played":"-3974804435168028703","potions_obtained":[{"floor":7,"key":"Explosive Potion"},{"floor":10,"key":"BloodPotion"}],"is_trial":false,"path_per_floor":["M","?","M","M","$","R","E","R","T","M","E","?","M"],"character_chosen":"IRONCLAD","items_purchased":["ClockworkSouvenir","Armaments","Inflame"],"campfire_rested":1,"item_purchase_floors":[5,5,5],"current_hp_per_floor":[78,78,80,80,80,80,36,60,60,52,20,2,2],"gold":137,"neow_bonus":"THREE_ENEMY_KILL","is_prod":false,"is_daily":false,"chose_seed":false,"campfire_upgraded":1,"win_rate":0,"timestamp":1546278836,"path_taken":["M","?","?","M","$","R","E","R","T","M","E","?","M"],"build_version":"2018-12-20","purchased_purges":1,"victory":false,"max_hp_per_floor":[80,80,80,80,80,80,80,80,80,80,80,80,80],"card_choices":[{"not_picked":["Perfected Strike","Corruption"],"picked":"Shrug It Off","floor":1},{"not_picked":["Bloodletting","Combust"],"picked":"Flex","floor":3},{"not_picked":["Clothesline","Wild Strike"],"picked":"Armaments","floor":4},{"not_picked":["Headbutt","Double Tap"],"picked":"Flex","floor":7},{"not_picked":["Headbutt","Clash"],"picked":"Heavy Blade","floor":10},{"not_picked":["Iron Wave","Rupture+1"],"picked":"Metallicize+1","floor":11}],"player_experience":586412,"relics_obtained":[{"floor":7,"key":"Calipers"},{"floor":9,"key":"Frozen Egg 2"},{"floor":11,"key":"Gremlin Horn"}],"event_choices":[{"damage_healed":0,"gold_gain":275,"player_choice":"Desecrate","damage_taken":0,"max_hp_gain":0,"max_hp_loss":0,"event_name":"Golden Shrine","floor":2,"gold_loss":0,"cards_obtained":["Regret"]},{"damage_healed":0,"gold_gain":0,"player_choice":"Fled","damage_taken":18,"max_hp_gain":0,"max_hp_loss":0,"event_name":"Scrap Ooze","floor":12,"gold_loss":0}],"is_beta":false,"boss_relics":[],"items_purged_floors":[5],"is_endless":false,"potions_floor_spawned":[7,10],"killed_by":"Red Slaver","ascension_level":6}