{"gold_per_floor":[119,65,81,93,93,118,118,151,222,237,254,254,281,281,281,355,355,375,385,385,404,384,384,413,413,413,29,41,52,52,52,52,126,126,138,138,238,238,238,238,270,270,270,283,310,328,353,366,366,366,366],"floor_reached":51,"playtime":3712,"items_purged":[],"score":1386,"play_id":"6e923698-cf25-428a-ada4-5123f9cf0eb0","local_time":"20181126205144","is_ascension_mode":true,"campfire_choices":[{"data":"Hyperbeam","floor":7,"key":"SMITH"},{"data":"Go for the Eyes","floor":12,"key":"SMITH"},{"data":"Defragment","floor":15,"key":"SMITH"},{"floor":23,"key":"REST"},{"data":"Reinforced Body","floor":25,"key":"SMITH"},{"floor":30,"key":"REST"},{"floor":32,"key":"REST"},{"floor":40,"key":"REST"},{"floor":42,"key":"REST"},{"floor":49,"key":"RECALL"}],"neow_cost":"NONE","seed_source_timestamp":78722111639023,"circlet_count":0,"master_deck":["AscendersBane","Zap+1","Dualcast","Go for the Eyes+1","Hyperbeam+1","Rip and Tear","Defragment+1","Conserve Battery","Reinforced Body+1","Darkness","Biased Cognition+1","Barrage","Rebound","Cold Snap","Compile Driver","Streamline","Melter","Stack","Double Energy","Reinforced Body+1","Conserve Battery","Glacier","Undo","Hello World+1","Compile Driver","Biased Cognition+1","Flash of Steel","Dark Shackles","Panacea","Undo","Cold Snap+1","Defragment+1","Coolheaded","Static Discharge+1"],"relics":["Cracked Core","Emotion Chip","Orichalcum","Frozen Egg 2","Question Card","Pandora\u0027s Box","Sundial","Shuriken","Chemical X","Happy Flower","Sozu","Du-Vu Doll","PreservedInsect","Blood Vial","Smiling Mask"],"potions_floor_usage":[6,13,13,16,24,50,50],"damage_taken":[{"damage":2,"enemies":"Jaw Worm","floor":1,"turns":3},{"damage":0,"enemies":"2 Louse","floor":3,"turns":3},{"damage":0,"enemies":"Cultist","floor":4,"turns":2},{"damage":10,"enemies":"3 Sentries","floor":6,"turns":3},{"damage":15,"enemies":"Lagavulin","floor":8,"turns":6},{"damage":9,"enemies":"Exordium Thugs","floor":10,"turns":2},{"damage":1,"enemies":"Blue Slaver","floor":11,"turns":2},{"damage":5,"enemies":"Gremlin Nob","floor":13,"turns":4},{"damage":18,"enemies":"The Guardian","floor":16,"turns":10},{"damage":0,"enemies":"Chosen","floor":18,"turns":3},{"damage":2,"enemies":"Shell Parasite","floor":19,"turns":4},{"damage":19,"enemies":"Cultist and Chosen","floor":21,"turns":7},{"damage":23,"enemies":"Slavers","floor":24,"turns":4},{"damage":12,"enemies":"Snake Plant","floor":28,"turns":5},{"damage":7,"enemies":"Centurion and Healer","floor":29,"turns":6},{"damage":22,"enemies":"Automaton","floor":33,"turns":16},{"damage":8,"enemies":"3 Darklings","floor":35,"turns":6},{"damage":0,"enemies":"Mind Bloom Boss Battle","floor":37,"turns":5},{"damage":28,"enemies":"Giant Head","floor":41,"turns":9},{"damage":1,"enemies":"3 Shapes","floor":44,"turns":4},{"damage":10,"enemies":"Reptomancer","floor":45,"turns":4},{"damage":11,"enemies":"Writhing Mass","floor":46,"turns":7},{"damage":17,"enemies":"Spire Growth","floor":48,"turns":5},{"damage":20,"enemies":"Awakened One","floor":50,"turns":23},{"damage":10,"enemies":"Time Eater","floor":51,"turns":1}],"seed_played":"6892455779088628460","potions_obtained":[{"floor":3,"key":"PowerPotion"},{"floor":8,"key":"Poison Potion"},{"floor":13,"key":"SteroidPotion"},{"floor":14,"key":"Poison Potion"},{"floor":16,"key":"PowerPotion"},{"floor":19,"key":"Ancient Potion"},{"floor":24,"key":"Fire Potion"}],"is_trial":false,"path_per_floor":["M","$","M","M","?","E","R","E","T","M","M","R","E","?","R","B",null,"M","M","?","M","?","R","E","R","T","$","M","M","R","$","R","B",null,"M","?","?","?","?","R","E","R","T","M","E","M","T","M","R","B","B"],"character_chosen":"DEFECT","items_purchased":["PowerPotion","Chemical X","Happy Flower"],"campfire_rested":5,"item_purchase_floors":[2,27,27],"current_hp_per_floor":[62,62,62,62,62,52,52,37,37,28,27,27,22,22,22,4,54,54,52,52,33,33,54,31,31,31,31,19,12,33,33,54,32,61,53,43,43,43,43,63,35,55,55,54,44,35,35,20,20,2,0],"gold":366,"neow_bonus":"UPGRADE_CARD","is_prod":false,"is_daily":false,"chose_seed":false,"campfire_upgraded":4,"win_rate":0,"timestamp":1543283504,"path_taken":["M","$","M","M","?","E","R","E","T","M","M","R","E","?","R","BOSS","M","?","?","M","?","R","E","R","T","$","M","?","R","?","R","BOSS","M","?","?","?","?","R","E","R","T","M","E","M","?","?","R","BOSS","BOSS"],"build_version":"2018-11-15","purchased_purges":0,"victory":false,"max_hp_per_floor":[71,71,71,71,71,71,71,71,71,71,71,71,71,71,71,71,71,71,71,71,71,71,71,71,71,71,71,71,71,71,71,71,71,71,71,71,71,71,67,67,67,67,67,67,67,67,67,67,67,67,67],"card_choices":[{"not_picked":["Rebound","Redo"],"picked":"Go for the Eyes","floor":1},{"not_picked":["Consume","Redo"],"picked":"Hyperbeam","floor":3},{"not_picked":["Stack","Gash"],"picked":"Rip and Tear","floor":4},{"not_picked":["Ball Lightning","Leap"],"picked":"Defragment","floor":6},{"not_picked":["Steam","Steam Power","Streamline"],"picked":"SKIP","floor":8},{"not_picked":["Steam","Steam Power","Streamline"],"picked":"SKIP","floor":8},{"not_picked":["White Noise","Scrape"],"picked":"Conserve Battery","floor":10},{"not_picked":["Fission","Loop+1"],"picked":"Reinforced Body","floor":11},{"not_picked":["Go for the Eyes","Stack"],"picked":"Darkness","floor":13},{"not_picked":["Meteor Strike","Machine Learning+1","Amplify"],"picked":"Biased Cognition+1","floor":16},{"not_picked":["BootSequence","Tempest","Stack"],"picked":"Reinforced Body+1","floor":18},{"not_picked":["Barrage","Ball Lightning","Hyperbeam"],"picked":"Conserve Battery","floor":19},{"not_picked":["Leap","Turbo","Force Field","Redo"],"picked":"SKIP","floor":21},{"not_picked":["Barrage","Conserve Battery","Hologram"],"picked":"Undo","floor":24},{"not_picked":["Barrage","Rebound","Stack"],"picked":"Hello World+1","floor":28},{"not_picked":["Fission","Leap","Redo"],"picked":"Compile Driver","floor":29},{"not_picked":["Hyperbeam","Machine Learning+1","Meteor Strike"],"picked":"Biased Cognition+1","floor":33},{"not_picked":["Compile Driver","Chaos","Lockon","Rebound+1"],"picked":"SKIP","floor":35},{"not_picked":["Bandage Up","Enlightenment","Trip"],"picked":"Flash of Steel","floor":36},{"not_picked":["Magnetism+1","Panacea","Thinking Ahead"],"picked":"Dark Shackles","floor":36},{"not_picked":["Secret Technique","Swift Strike","Flash of Steel"],"picked":"Panacea","floor":36},{"not_picked":["Leap","Barrage+1","Stack"],"picked":"Undo","floor":37},{"not_picked":["Barrage","Double Energy+1","Beam Cell"],"picked":"Cold Snap+1","floor":41},{"not_picked":["Hello World+1","Rainbow","Cold Snap","Rebound"],"picked":"SKIP","floor":44},{"not_picked":["Scrape+1","Sweeping Beam+1","Rebound+1"],"picked":"Defragment+1","floor":45},{"not_picked":["White Noise","Scrape","Beam Cell"],"picked":"Coolheaded","floor":46},{"not_picked":["Streamline","Ball Lightning","Force Field"],"picked":"Static Discharge+1","floor":48}],"player_experience":1028248,"relics_obtained":[{"floor":6,"key":"Emotion Chip"},{"floor":8,"key":"Orichalcum"},{"floor":9,"key":"Frozen Egg 2"},{"floor":13,"key":"Question Card"},{"floor":24,"key":"Sundial"},{"floor":26,"key":"Shuriken"},{"floor":37,"key":"Du-Vu Doll"},{"floor":41,"key":"PreservedInsect"},{"floor":45,"key":"Blood Vial"},{"floor":47,"key":"Smiling Mask"}],"event_choices":[{"damage_healed":0,"gold_gain":0,"player_choice":"Ignored","damage_taken":0,"max_hp_gain":0,"max_hp_loss":0,"event_name":"Liars Game","floor":5,"gold_loss":0},{"damage_healed":0,"gold_gain":0,"player_choice":"Got Potions","damage_taken":0,"max_hp_gain":0,"max_hp_loss":0,"event_name":"Lab","floor":14,"gold_loss":0},{"damage_healed":0,"gold_gain":0,"player_choice":"Read","damage_taken":0,"max_hp_gain":0,"max_hp_loss":0,"event_name":"The Library","floor":20,"gold_loss":0,"cards_obtained":["Glacier"]},{"damage_healed":0,"gold_gain":0,"player_choice":"Bought 1 Potion","damage_taken":0,"max_hp_gain":0,"max_hp_loss":0,"event_name":"The Woman in Blue","floor":22,"gold_loss":0},{"damage_healed":0,"gold_gain":0,"player_choice":"Memory 3","damage_taken":10,"max_hp_gain":0,"max_hp_loss":0,"event_name":"SensoryStone","floor":36,"gold_loss":0},{"damage_healed":0,"gold_gain":0,"player_choice":"Fight","damage_taken":0,"max_hp_gain":0,"max_hp_loss":0,"event_name":"MindBloom","floor":37,"gold_loss":0},{"damage_healed":0,"gold_gain":0,"player_choice":"Ignored","damage_taken":0,"max_hp_gain":0,"max_hp_loss":0,"event_name":"Tomb of Lord Red Mask","floor":38,"gold_loss":0},{"damage_healed":0,"gold_gain":0,"player_choice":"Max HP","damage_taken":0,"max_hp_gain":0,"max_hp_loss":4,"event_name":"Winding Halls","floor":39,"gold_loss":0}],"is_beta":true,"boss_relics":[{"not_picked":["Cursed Key","Tiny House"],"picked":"Pandora\u0027s Box"},{"not_picked":["Black Star","Empty Cage"],"picked":"Sozu"}],"items_purged_floors":[],"is_endless":false,"potions_floor_spawned":[3,8,11,13,16,19,21,24,28,35,37,41,45],"killed_by":"Time Eater","ascension_level":20}