{"gold_per_floor":[111,39,56,16,16,44,55,67,67,101,121,121,138,157,157,235,235,252,284,18,18,34,34,34],"floor_reached":24,"playtime":1027,"items_purged":[],"score":343,"play_id":"5943921b-eb93-4790-b639-4e2cb57fb2d6","local_time":"20190417140945","is_ascension_mode":true,"campfire_choices":[{"floor":12,"key":"REST"},{"floor":15,"key":"REST"},{"data":"Footwork","floor":23,"key":"SMITH"}],"neow_cost":"NONE","seed_source_timestamp":519089385594098,"circlet_count":0,"master_deck":["AscendersBane","Defend_G","Defend_G","Defend_G","Defend_G","Defend_G","Strike_G","Strike_G","Strike_G","Strike_G","Strike_G","Survivor","Neutralize","Backflip","Footwork+1","Sucker Punch","Wraith Form v2","Deadly Poison","Bane","Crippling Poison","Backstab","Dagger Spray","Dash","Doppelganger","Sucker Punch","Blur","Dagger Spray"],"relics":["White Beast Statue","Gambling Chip","Ice Cream","The Specimen","Eternal Feather","Red Mask","OrangePellets"],"potions_floor_usage":[4,6,6,8,10,10,11,11,16,18,19,19,24,24],"damage_taken":[{"damage":10,"enemies":"Cultist","floor":1,"turns":5},{"damage":2,"enemies":"Jaw Worm","floor":3,"turns":5},{"damage":25,"enemies":"3 Sentries","floor":6,"turns":12},{"damage":0,"enemies":"2 Louse","floor":7,"turns":3},{"damage":4,"enemies":"Exordium Wildlife","floor":8,"turns":2},{"damage":14,"enemies":"Gremlin Nob","floor":10,"turns":4},{"damage":3,"enemies":"Looter","floor":11,"turns":3},{"damage":0,"enemies":"Large Slime","floor":13,"turns":6},{"damage":2,"enemies":"Blue Slaver","floor":14,"turns":5},{"damage":40,"enemies":"The Guardian","floor":16,"turns":17},{"damage":29,"enemies":"Spheric Guardian","floor":18,"turns":8},{"damage":16,"enemies":"Masked Bandits","floor":19,"turns":4},{"damage":9,"enemies":"Chosen","floor":22,"turns":6},{"damage":49,"enemies":"Book of Stabbing","floor":24,"turns":7}],"seed_played":"-867720512346026337","potions_obtained":[{"floor":1,"key":"SpeedPotion"},{"floor":3,"key":"Explosive Potion"},{"floor":4,"key":"Fruit Juice"},{"floor":4,"key":"Poison Potion"},{"floor":6,"key":"Strength Potion"},{"floor":7,"key":"SteroidPotion"},{"floor":8,"key":"PowerPotion"},{"floor":10,"key":"EntropicBrew"},{"floor":11,"key":"SpeedPotion"},{"floor":16,"key":"Dexterity Potion"},{"floor":18,"key":"SteroidPotion"},{"floor":19,"key":"SteroidPotion"},{"floor":22,"key":"LiquidBronze"}],"is_trial":false,"path_per_floor":["M","$","M","?","$","E","M","M","T","E","M","R","M","M","R","B",null,"M","?","$","?","M","R","E"],"character_chosen":"THE_SILENT","items_purchased":["Footwork","OrangePellets","Blur"],"campfire_rested":2,"item_purchase_floors":[2,20,20],"current_hp_per_floor":[53,53,51,56,56,31,31,27,27,13,10,32,32,30,52,12,59,30,14,14,39,30,45,0],"gold":34,"neow_bonus":"BOSS_RELIC","is_prod":false,"is_daily":false,"chose_seed":false,"campfire_upgraded":1,"win_rate":0,"timestamp":1555520985,"path_taken":["M","$","?","?","$","E","M","M","T","E","?","R","M","M","R","BOSS","M","?","$","?","M","R","E"],"build_version":"2019-01-23","purchased_purges":0,"victory":false,"max_hp_per_floor":[70,70,70,75,75,75,75,75,75,75,75,75,75,75,75,75,75,75,75,75,75,75,75,75],"card_choices":[{"not_picked":["PiercingWail","Flechettes"],"picked":"Backflip","floor":1},{"not_picked":["Skewer","Masterful Stab"],"picked":"Sucker Punch","floor":3},{"not_picked":["Expertise","Masterful Stab"],"picked":"Wraith Form v2","floor":6},{"not_picked":["Prepared","Quick Slash"],"picked":"Deadly Poison","floor":7},{"not_picked":["Acrobatics","Slice"],"picked":"Bane","floor":8},{"not_picked":["Riddle With Holes","Phantasmal Killer"],"picked":"Crippling Poison","floor":10},{"not_picked":["PiercingWail","Underhanded Strike"],"picked":"Backstab","floor":11},{"not_picked":["Terror","Eviscerate"],"picked":"Dagger Spray","floor":13},{"not_picked":["Expertise","Flying Knee"],"picked":"Dash","floor":14},{"not_picked":["Malaise","Bullet Time"],"picked":"Doppelganger","floor":16},{"not_picked":["Outmaneuver","PiercingWail"],"picked":"Sucker Punch","floor":18},{"not_picked":["Prepared","Choke"],"picked":"Dagger Spray","floor":22}],"player_experience":1147987,"relics_obtained":[{"floor":6,"key":"Gambling Chip"},{"floor":9,"key":"Ice Cream"},{"floor":10,"key":"The Specimen"},{"floor":19,"key":"Red Mask"}],"event_choices":[{"damage_healed":0,"gold_gain":0,"player_choice":"Bought 3 Potions","damage_taken":0,"max_hp_gain":0,"max_hp_loss":0,"event_name":"The Woman in Blue","floor":4,"gold_loss":0},{"damage_healed":0,"gold_gain":0,"player_choice":"Fought Bandits","damage_taken":0,"max_hp_gain":0,"max_hp_loss":0,"event_name":"Masked Bandits","floor":19,"gold_loss":0},{"damage_healed":25,"gold_gain":0,"player_choice":"Heal","damage_taken":0,"max_hp_gain":0,"max_hp_loss":0,"event_name":"The Library","floor":21,"gold_loss":0}],"is_beta":false,"boss_relics":[{"not_picked":["Runic Pyramid","Calling Bell"],"picked":"Eternal Feather"}],"items_purged_floors":[],"is_endless":false,"potions_floor_spawned":[1,3,6,7,8,10,11,13,14,16,18,19,22],"killed_by":"Book of Stabbing","ascension_level":13}