{"gold_per_floor":[118,118,12,12,33,74,94,56,107,150,170,194,194,213,213,213],"floor_reached":16,"playtime":511,"items_purged":[],"score":164,"play_id":"f5f7729b-cd0b-4964-b86a-13f5c14eeafa","local_time":"20181228145724","is_ascension_mode":true,"campfire_choices":[{"floor":13,"key":"REST"},{"floor":15,"key":"REST"}],"neow_cost":"NONE","seed_source_timestamp":585112319287515,"circlet_count":0,"master_deck":["Defend_G","Defend_G","Defend_G","Defend_G","Defend_G","Strike_G","Strike_G","Strike_G","Strike_G","Strike_G","Survivor","Neutralize","Flying Knee","Setup","Infinite Blades+1","Dagger Throw","Quick Slash","Riddle With Holes","Infinite Blades","All Out Attack","Setup","Flying Knee","Concentrate"],"relics":["Ring of the Snake","NeowsBlessing","Golden Idol","PreservedInsect","Happy Flower","Frozen Egg 2"],"potions_floor_usage":[11,16,16,16],"damage_taken":[{"damage":0,"enemies":"Cultist","floor":1,"turns":1},{"damage":0,"enemies":"Jaw Worm","floor":5,"turns":1},{"damage":0,"enemies":"Gremlin Nob","floor":6,"turns":1},{"damage":0,"enemies":"2 Louse","floor":7,"turns":3},{"damage":15,"enemies":"Lagavulin","floor":10,"turns":5},{"damage":5,"enemies":"Exordium Thugs","floor":11,"turns":4},{"damage":6,"enemies":"2 Fungi Beasts","floor":12,"turns":3},{"damage":11,"enemies":"Looter","floor":14,"turns":3},{"damage":63,"enemies":"The Guardian","floor":16,"turns":11}],"seed_played":"5778122229288370740","potions_obtained":[{"floor":1,"key":"Strength Potion"},{"floor":10,"key":"Poison Potion"},{"floor":11,"key":"Strength Potion"},{"floor":14,"key":"Weak Potion"}],"is_trial":false,"path_per_floor":["M","?","$","?","M","E","M","$","T","E","M","M","R","M","R","B"],"character_chosen":"THE_SILENT","items_purchased":["Setup","Infinite Blades","Infinite Blades"],"campfire_rested":2,"item_purchase_floors":[3,3,8],"current_hp_per_floor":[70,53,53,53,53,53,53,53,53,38,33,27,48,37,58,0],"gold":213,"neow_bonus":"THREE_ENEMY_KILL","is_prod":false,"is_daily":false,"chose_seed":false,"campfire_upgraded":0,"win_rate":0,"timestamp":1546019844,"path_taken":["M","?","$","?","M","E","M","$","T","E","M","?","R","M","R","BOSS"],"build_version":"2018-12-20","purchased_purges":0,"victory":false,"max_hp_per_floor":[70,70,70,70,70,70,70,70,70,70,70,70,70,70,70,70],"card_choices":[{"not_picked":["Blur","Acrobatics"],"picked":"Flying Knee","floor":1},{"not_picked":["Reflex","Masterful Stab"],"picked":"Dagger Throw","floor":5},{"not_picked":["Blur","Slice"],"picked":"Quick Slash","floor":6},{"not_picked":["Heel Hook","Backstab"],"picked":"Riddle With Holes","floor":7},{"not_picked":["Outmaneuver","Dagger Throw"],"picked":"All Out Attack","floor":10},{"not_picked":["Quick Slash","Bouncing Flask"],"picked":"Setup","floor":11},{"not_picked":["Escape Plan","Eviscerate"],"picked":"Flying Knee","floor":12},{"not_picked":["Setup","Venomology"],"picked":"Concentrate","floor":14}],"player_experience":554056,"relics_obtained":[{"floor":6,"key":"PreservedInsect"},{"floor":9,"key":"Happy Flower"},{"floor":10,"key":"Frozen Egg 2"}],"event_choices":[{"damage_healed":0,"gold_gain":0,"player_choice":"Take Damage","damage_taken":17,"relics_obtained":["Golden Idol"],"max_hp_gain":0,"max_hp_loss":0,"event_name":"Golden Idol","floor":2,"gold_loss":0},{"damage_healed":0,"gold_gain":0,"player_choice":"Forge","damage_taken":0,"max_hp_gain":0,"max_hp_loss":0,"event_name":"Accursed Blacksmith","floor":4,"gold_loss":0,"cards_upgraded":["Infinite Blades"]}],"is_beta":false,"boss_relics":[],"items_purged_floors":[],"is_endless":false,"potions_floor_spawned":[1,10,11,14],"killed_by":"The Guardian","ascension_level":4}