{"gold_per_floor":[117,137,137,64,19,51,51,0,0,0,16,50,66,241,241,317,317,335,335,348,263,263],"floor_reached":22,"playtime":618,"items_purged":[],"score":358,"play_id":"a040516f-1483-4a06-9902-426e1c0b37e9","local_time":"20190409010430","is_ascension_mode":true,"campfire_choices":[{"floor":7,"key":"DIG"},{"floor":10,"key":"DIG"},{"floor":15,"key":"DIG"}],"neow_cost":"NONE","seed_source_timestamp":652150879467126,"circlet_count":0,"master_deck":["AscendersBane","Strike_B","Strike_B","Strike_B","Strike_B","Defend_B+1","Defend_B","Defend_B","Defend_B","Zap","Dualcast","Hologram","Chaos+1","Storm","Conserve Battery","Conserve Battery+1","Conserve Battery","Go for the Eyes","Echo Form","Doubt","Meteor Strike","Coolheaded"],"relics":["Cracked Core","NeowsBlessing","Shovel","Mercury Hourglass","Sundial","Bottled Tornado","War Paint","Art of War","Inserter","Mummified Hand"],"potions_floor_usage":[13],"damage_taken":[{"damage":0,"enemies":"Small Slimes","floor":1,"turns":1},{"damage":0,"enemies":"Cultist","floor":2,"turns":1},{"damage":0,"enemies":"Gremlin Nob","floor":6,"turns":1},{"damage":6,"enemies":"Jaw Worm","floor":11,"turns":4},{"damage":21,"enemies":"3 Sentries","floor":12,"turns":8},{"damage":4,"enemies":"3 Louse","floor":13,"turns":3},{"damage":35,"enemies":"Hexaghost","floor":16,"turns":13},{"damage":38,"enemies":"Chosen","floor":18,"turns":6},{"damage":17,"enemies":"Spheric Guardian","floor":20,"turns":6},{"damage":3,"enemies":"Snake Plant","floor":22,"turns":1}],"seed_played":"-3232425458213702665","potions_obtained":[{"floor":12,"key":"Block Potion"},{"floor":13,"key":"Strength Potion"}],"is_trial":false,"path_per_floor":["M","M","?","$","$","E","R","$","T","R","M","E","M","?","R","B",null,"M","?","M","?","M"],"character_chosen":"DEFECT","items_purchased":["Storm","Conserve Battery","Conserve Battery"],"campfire_rested":0,"item_purchase_floors":[4,5,8],"current_hp_per_floor":[68,68,68,68,68,68,68,68,68,68,62,41,37,37,37,2,57,19,19,2,2,0],"gold":263,"neow_bonus":"THREE_ENEMY_KILL","is_prod":false,"is_daily":false,"chose_seed":false,"campfire_upgraded":0,"win_rate":0,"timestamp":1554782670,"path_taken":["M","M","?","?","$","E","R","$","T","R","M","E","?","?","R","BOSS","M","?","M","?","M"],"build_version":"2019-01-23","purchased_purges":0,"victory":false,"max_hp_per_floor":[75,75,75,75,75,75,75,75,75,75,75,75,75,75,75,75,75,75,75,75,75,75],"card_choices":[{"not_picked":["Recycle","Redo"],"picked":"Hologram","floor":1},{"not_picked":["Steam Power","Reinforced Body"],"picked":"Chaos","floor":2},{"not_picked":["Darkness","Stack"],"picked":"Conserve Battery","floor":6},{"not_picked":["Beam Cell","Rebound"],"picked":"Go for the Eyes","floor":11},{"not_picked":["Sunder","Hyperbeam"],"picked":"Echo Form","floor":12},{"not_picked":["Beam Cell","Redo","Stack"],"picked":"SKIP","floor":13},{"not_picked":["Buffer","Fission"],"picked":"Meteor Strike","floor":16},{"not_picked":["Streamline+1","White Noise","Barrage"],"picked":"SKIP","floor":18},{"not_picked":["Blizzard+1","Sweeping Beam"],"picked":"Coolheaded","floor":20}],"player_experience":1054434,"relics_obtained":[{"floor":6,"key":"Shovel"},{"floor":7,"key":"Mercury Hourglass"},{"floor":9,"key":"Sundial"},{"floor":10,"key":"Bottled Tornado"},{"floor":12,"key":"War Paint"},{"floor":15,"key":"Art of War"}],"event_choices":[{"damage_healed":0,"gold_gain":0,"player_choice":"Upgraded","damage_taken":0,"max_hp_gain":0,"max_hp_loss":0,"event_name":"Upgrade Shrine","floor":3,"gold_loss":0,"cards_upgraded":["Chaos"]},{"damage_healed":0,"gold_gain":175,"player_choice":"AGREE","damage_taken":0,"max_hp_gain":0,"max_hp_loss":0,"event_name":"Liars Game","floor":14,"gold_loss":0,"cards_obtained":["Doubt"]},{"damage_healed":0,"gold_gain":0,"player_choice":"Ignored","damage_taken":0,"max_hp_gain":0,"max_hp_loss":0,"event_name":"Vampires","floor":19,"gold_loss":0},{"damage_healed":0,"gold_gain":0,"player_choice":"Obtained Relic","damage_taken":0,"relics_obtained":["Mummified Hand"],"max_hp_gain":0,"max_hp_loss":0,"event_name":"Addict","floor":21,"gold_loss":85}],"is_beta":false,"boss_relics":[{"not_picked":["Pandora\u0027s Box","Runic Pyramid"],"picked":"Inserter"}],"items_purged_floors":[],"is_endless":false,"potions_floor_spawned":[12,13],"killed_by":"Snake Plant","ascension_level":13}