{"gold_per_floor":[109,135,153,82,82,82,82,82,82,122,154,231,243,273,285,428,440,471,522,557,594,556,609,621,664,676,688],"floor_reached":27,"playtime":1028,"items_purged":[],"score":298,"play_id":"a315d0fc-f753-43dd-a00d-7dd1a2fe9dfa","local_time":"20190419192552","is_ascension_mode":true,"campfire_choices":[{"data":"Deflect","floor":6,"key":"SMITH"},{"data":"Blade Dance","floor":8,"key":"SMITH"},{"floor":15,"key":"REST"},{"floor":24,"key":"REST"}],"neow_cost":"NONE","seed_source_timestamp":672226649646800,"circlet_count":0,"master_deck":["Defend_G","Defend_G","Defend_G","Defend_G","Defend_G","Strike_G","Strike_G","Strike_G","Strike_G","Strike_G","Survivor","Neutralize+1","Blade Dance+1","Deflect+1","Accuracy","Dagger Throw","Deadly Poison","Die Die Die","Injury","Blade Dance","Storm of Steel","Poisoned Stab","Backflip","Sucker Punch+1","Deflect+1","Expertise+1"],"relics":["Ring of the Snake","NeowsBlessing","Boot","Bag of Marbles","MawBank","Paper Crane","Tiny Chest","Golden Idol","Sozu","Red Mask","Shovel","Frozen Egg 2","Ice Cream"],"potions_floor_usage":[12],"damage_taken":[{"damage":0,"enemies":"Cultist","floor":1,"turns":1},{"damage":0,"enemies":"2 Louse","floor":3,"turns":1},{"damage":0,"enemies":"Gremlin Nob","floor":10,"turns":1},{"damage":0,"enemies":"Small Slimes","floor":11,"turns":3},{"damage":8,"enemies":"3 Sentries","floor":12,"turns":9},{"damage":14,"enemies":"Exordium Thugs","floor":14,"turns":4},{"damage":38,"enemies":"Hexaghost","floor":16,"turns":12},{"damage":0,"enemies":"Shell Parasite","floor":18,"turns":2},{"damage":32,"enemies":"Masked Bandits","floor":19,"turns":5},{"damage":1,"enemies":"Chosen","floor":20,"turns":3},{"damage":24,"enemies":"Snake Plant","floor":21,"turns":4},{"damage":10,"enemies":"Book of Stabbing","floor":23,"turns":7},{"damage":15,"enemies":"Slavers","floor":25,"turns":8},{"damage":9,"enemies":"Centurion and Healer","floor":27,"turns":4}],"seed_played":"-267122779234723259","potions_obtained":[{"floor":3,"key":"Poison Potion"},{"floor":12,"key":"SpeedPotion"}],"is_trial":false,"path_per_floor":["M","T","M","$","?","R","?","R","T","E","M","E","?","M","R","B",null,"M","?","M","M","?","E","R","E","T","M"],"character_chosen":"THE_SILENT","items_purchased":["Accuracy"],"campfire_rested":2,"item_purchase_floors":[4],"current_hp_per_floor":[70,70,70,70,63,63,63,63,63,63,63,55,55,41,62,24,70,70,38,37,13,13,3,24,9,9,0],"gold":688,"neow_bonus":"THREE_ENEMY_KILL","is_prod":false,"is_daily":false,"chose_seed":false,"campfire_upgraded":2,"win_rate":0,"timestamp":1555716352,"path_taken":["M","?","M","?","?","R","?","R","T","E","?","E","?","M","R","BOSS","M","?","M","M","?","E","R","E","T","M"],"build_version":"2019-01-23","purchased_purges":0,"victory":false,"max_hp_per_floor":[70,70,70,70,70,70,70,70,70,70,70,70,70,70,70,70,70,70,70,70,70,70,70,70,70,70,70],"card_choices":[{"not_picked":["Footwork","Tactician"],"picked":"Blade Dance","floor":1},{"not_picked":["Dagger Spray","Setup"],"picked":"Deflect","floor":3},{"not_picked":["Dagger Spray","Crippling Poison"],"picked":"Dagger Throw","floor":10},{"not_picked":["Choke","Quick Slash"],"picked":"Deadly Poison","floor":11},{"not_picked":["Deflect","Reflex"],"picked":"Die Die Die","floor":12},{"not_picked":["Dagger Spray","Dagger Throw"],"picked":"Blade Dance","floor":14},{"not_picked":["Venomology","Glass Knife"],"picked":"Storm of Steel","floor":16},{"not_picked":["Accuracy","Dagger Throw"],"picked":"Poisoned Stab","floor":18},{"not_picked":["Quick Slash","Flying Knee"],"picked":"Backflip","floor":19},{"not_picked":["Backflip","Caltrops","Blade Dance"],"picked":"SKIP","floor":20},{"not_picked":["Quick Slash","Caltrops"],"picked":"Sucker Punch+1","floor":21},{"not_picked":["Outmaneuver","Acrobatics"],"picked":"Deflect+1","floor":23},{"not_picked":["Heel Hook","Burst"],"picked":"Expertise+1","floor":25}],"player_experience":111773,"relics_obtained":[{"floor":2,"key":"Boot"},{"floor":9,"key":"MawBank"},{"floor":10,"key":"Paper Crane"},{"floor":12,"key":"Tiny Chest"},{"floor":19,"key":"Red Mask"},{"floor":23,"key":"Shovel"},{"floor":25,"key":"Frozen Egg 2"},{"floor":26,"key":"Ice Cream"}],"event_choices":[{"damage_healed":0,"gold_gain":0,"player_choice":"Success","damage_taken":7,"relics_obtained":["Bag of Marbles"],"max_hp_gain":0,"max_hp_loss":0,"event_name":"Scrap Ooze","floor":5,"gold_loss":0},{"damage_healed":0,"gold_gain":0,"player_choice":"Forge","damage_taken":0,"max_hp_gain":0,"max_hp_loss":0,"event_name":"Accursed Blacksmith","floor":7,"gold_loss":0,"cards_upgraded":["Neutralize"]},{"damage_healed":0,"gold_gain":0,"player_choice":"Take Wound","damage_taken":0,"relics_obtained":["Golden Idol"],"max_hp_gain":0,"max_hp_loss":0,"event_name":"Golden Idol","floor":13,"gold_loss":0,"cards_obtained":["Injury"]},{"damage_healed":0,"gold_gain":0,"player_choice":"Fought Bandits","damage_taken":0,"max_hp_gain":0,"max_hp_loss":0,"event_name":"Masked Bandits","floor":19,"gold_loss":0},{"damage_healed":0,"gold_gain":0,"player_choice":"Bet on Murderer","damage_taken":0,"max_hp_gain":0,"max_hp_loss":0,"event_name":"The Joust","floor":22,"gold_loss":50}],"is_beta":false,"boss_relics":[{"not_picked":["Runic Dome","Eternal Feather"],"picked":"Sozu"}],"items_purged_floors":[],"is_endless":false,"potions_floor_spawned":[3,12,20,21],"killed_by":"Centurion and Healer","ascension_level":1}