{"gold_per_floor":[116,116,116,116,129,154,154,189,189,209,209,209],"floor_reached":12,"playtime":190,"items_purged":[],"score":211,"play_id":"c73a7399-b1c8-4d18-8b8d-371e15c58387","local_time":"20190510165711","is_ascension_mode":true,"campfire_choices":[{"data":"Whirlwind","floor":7,"key":"SMITH"},{"data":"Anger","floor":11,"key":"SMITH"}],"neow_cost":"NONE","seed_source_timestamp":240053929238700,"circlet_count":0,"master_deck":["AscendersBane","Strike_R+1","Strike_R","Strike_R","Strike_R","Defend_R+1","Defend_R","Defend_R","Defend_R","Bash","Whirlwind+1","Regret","Wild Strike","Thunderclap","Sword Boomerang","Shrug It Off","Anger+1"],"relics":["Burning Blood","NeowsBlessing","Ice Cream","Question Card","Omamori","Ornamental Fan"],"potions_floor_usage":[],"damage_taken":[{"damage":0,"enemies":"2 Louse","floor":1,"turns":1},{"damage":0,"enemies":"Jaw Worm","floor":5,"turns":1},{"damage":0,"enemies":"Gremlin Nob","floor":6,"turns":1},{"damage":38,"enemies":"3 Sentries","floor":8,"turns":5},{"damage":7,"enemies":"Small Slimes","floor":10,"turns":3},{"damage":31,"enemies":"Gremlin Nob","floor":12,"turns":3}],"seed_played":"-2889026854954729895","potions_obtained":[{"floor":1,"key":"Ancient Potion"},{"floor":8,"key":"Ancient Potion"},{"floor":10,"key":"SpeedPotion"}],"is_trial":false,"path_per_floor":["M","?","?","?","M","E","R","E","T","M","R","E"],"character_chosen":"IRONCLAD","items_purchased":[],"campfire_rested":0,"item_purchase_floors":[],"current_hp_per_floor":[74,51,51,51,57,63,63,31,31,30,30,0],"gold":209,"neow_bonus":"THREE_ENEMY_KILL","is_prod":false,"is_daily":false,"chose_seed":false,"campfire_upgraded":2,"win_rate":0,"timestamp":1557500231,"path_taken":["M","?","?","?","M","E","R","E","T","?","R","E"],"build_version":"2019-01-23","purchased_purges":0,"victory":false,"max_hp_per_floor":[75,75,75,75,75,75,75,75,75,75,75,75],"card_choices":[{"not_picked":["Searing Blow","Perfected Strike"],"picked":"Whirlwind","floor":1},{"not_picked":["Perfected Strike","Havoc"],"picked":"Thunderclap","floor":5},{"not_picked":["Twin Strike","Barricade"],"picked":"Sword Boomerang","floor":6},{"not_picked":["Battle Trance","Ghostly Armor","Iron Wave"],"picked":"Shrug It Off","floor":8},{"not_picked":["Flex","Heavy Blade","Clothesline"],"picked":"Anger","floor":10}],"player_experience":672629,"relics_obtained":[{"floor":6,"key":"Question Card"},{"floor":8,"key":"Omamori"},{"floor":9,"key":"Ornamental Fan"}],"event_choices":[{"damage_healed":0,"gold_gain":0,"player_choice":"Entered Light","damage_taken":23,"max_hp_gain":0,"max_hp_loss":0,"event_name":"Shining Light","floor":2,"gold_loss":0,"cards_upgraded":["Strike_R","Defend_R"]},{"damage_healed":0,"gold_gain":0,"player_choice":"Box","damage_taken":0,"relics_obtained":["Ice Cream"],"max_hp_gain":0,"max_hp_loss":0,"event_name":"Big Fish","floor":3,"gold_loss":0,"cards_obtained":["Regret"]},{"damage_healed":0,"gold_gain":0,"cards_transformed":["Strike_R"],"player_choice":"Transformed","damage_taken":0,"max_hp_gain":0,"max_hp_loss":0,"event_name":"Transmorgrifier","floor":4,"gold_loss":0,"cards_obtained":["Wild Strike"]}],"is_beta":false,"boss_relics":[],"items_purged_floors":[],"is_endless":false,"potions_floor_spawned":[1,8,10],"killed_by":"Gremlin Nob","ascension_level":18}