{"gold_per_floor":[111,111,111,159,159,190,203,203,281,281,300,326,348,348,348,476,476,496,514,714,714],"floor_reached":21,"playtime":1001,"items_purged":[],"score":298,"play_id":"3032a011-05cc-4dfd-ade7-ed2a57f255f3","local_time":"20181229094855","is_ascension_mode":true,"campfire_choices":[{"data":"Shrug It Off","floor":8,"key":"SMITH"},{"data":"Shrug It Off","floor":10,"key":"SMITH"},{"floor":15,"key":"REST"}],"neow_cost":"NONE","seed_source_timestamp":652516451058646,"circlet_count":0,"master_deck":["Strike_R","Strike_R","Strike_R","Strike_R","Strike_R","Defend_R","Defend_R","Defend_R","Defend_R","Bash","Intimidate","Shrug It Off+1","Shrug It Off+1","Metallicize","Flex","Infernal Blade","Injury","Demon Form+1","Metallicize+1","Metallicize+1"],"relics":["Burning Blood","NeowsBlessing","Strawberry","Oddly Smooth Stone","Tiny Chest","Frozen Egg 2","Odd Mushroom","Golden Idol","Runic Dome"],"potions_floor_usage":[3,12,21,21],"damage_taken":[{"damage":0,"enemies":"Jaw Worm","floor":1,"turns":1},{"damage":0,"enemies":"Lagavulin","floor":6,"turns":1},{"damage":0,"enemies":"Cultist","floor":7,"turns":1},{"damage":0,"enemies":"2 Louse","floor":11,"turns":4},{"damage":18,"enemies":"3 Sentries","floor":12,"turns":10},{"damage":21,"enemies":"The Mushroom Lair","floor":13,"turns":6},{"damage":90,"enemies":"The Guardian","floor":16,"turns":18},{"damage":35,"enemies":"3 Byrds","floor":18,"turns":8},{"damage":27,"enemies":"Shell Parasite","floor":19,"turns":6},{"damage":26,"enemies":"Cultist and Chosen","floor":21,"turns":5}],"seed_played":"9119858231451723995","potions_obtained":[{"floor":2,"key":"PowerPotion"},{"floor":2,"key":"Fruit Juice"},{"floor":2,"key":"GamblersBrew"},{"floor":12,"key":"Dexterity Potion"},{"floor":16,"key":"PowerPotion"}],"is_trial":false,"path_per_floor":["M","?","$","T","?","E","M","R","T","R","M","E","?","?","R","B",null,"M","M","?","M"],"character_chosen":"IRONCLAD","items_purchased":[],"campfire_rested":1,"item_purchase_floors":[],"current_hp_per_floor":[78,78,83,90,95,97,97,97,97,97,97,85,70,70,97,13,76,47,26,26,0],"gold":714,"neow_bonus":"THREE_ENEMY_KILL","is_prod":false,"is_daily":false,"chose_seed":false,"campfire_upgraded":2,"win_rate":0,"timestamp":1546087735,"path_taken":["M","?","$","?","?","E","M","R","T","R","?","E","?","?","R","BOSS","M","M","?","?"],"build_version":"2018-12-20","purchased_purges":0,"victory":false,"max_hp_per_floor":[80,80,85,92,97,97,97,97,97,97,97,97,97,97,97,97,97,97,97,97,97],"card_choices":[{"not_picked":["Headbutt","True Grit"],"picked":"Intimidate","floor":1},{"not_picked":["Clash","Iron Wave"],"picked":"Shrug It Off","floor":6},{"not_picked":["Uppercut","Anger"],"picked":"Shrug It Off","floor":7},{"not_picked":["Headbutt","Armaments"],"picked":"Metallicize","floor":11},{"not_picked":["Bludgeon","Body Slam"],"picked":"Flex","floor":12},{"not_picked":["Headbutt","Clash"],"picked":"Infernal Blade","floor":13},{"not_picked":["Barricade+1","Feed"],"picked":"Demon Form+1","floor":16},{"not_picked":["Wild Strike","Iron Wave"],"picked":"Metallicize+1","floor":18},{"not_picked":["Headbutt","Iron Wave"],"picked":"Metallicize+1","floor":19}],"player_experience":557592,"relics_obtained":[{"floor":4,"key":"Strawberry"},{"floor":6,"key":"Oddly Smooth Stone"},{"floor":9,"key":"Tiny Chest"},{"floor":12,"key":"Frozen Egg 2"},{"floor":13,"key":"Odd Mushroom"}],"event_choices":[{"damage_healed":0,"gold_gain":0,"player_choice":"Got Potions","damage_taken":0,"max_hp_gain":0,"max_hp_loss":0,"event_name":"Lab","floor":2,"gold_loss":0},{"damage_healed":0,"gold_gain":0,"player_choice":"Donut","damage_taken":0,"max_hp_gain":5,"max_hp_loss":0,"event_name":"Big Fish","floor":5,"gold_loss":0},{"damage_healed":0,"gold_gain":0,"player_choice":"Fought Mushrooms","damage_taken":0,"max_hp_gain":0,"max_hp_loss":0,"event_name":"Mushrooms","floor":13,"gold_loss":0},{"damage_healed":0,"gold_gain":0,"player_choice":"Take Wound","damage_taken":0,"relics_obtained":["Golden Idol"],"max_hp_gain":0,"max_hp_loss":0,"event_name":"Golden Idol","floor":14,"gold_loss":0,"cards_obtained":["Injury"]},{"damage_healed":0,"gold_gain":200,"player_choice":"Gold","damage_taken":0,"max_hp_gain":0,"max_hp_loss":0,"event_name":"Wheel of Change","floor":20,"gold_loss":0}],"is_beta":false,"boss_relics":[{"not_picked":["Calling Bell","Coffee Dripper"],"picked":"Runic Dome"}],"items_purged_floors":[],"is_endless":false,"potions_floor_spawned":[12,16,18],"killed_by":"Cultist and Chosen","ascension_level":6}