{"gold_per_floor":[119,47,9,23,23,48,9,9,9,24,57,71,71,97,97,196,196,207,207,227,156,174,174],"floor_reached":23,"playtime":1562,"items_purged":[],"score":363,"play_id":"1aa661c6-d828-4f2a-96c5-6161469b3adc","local_time":"20190314000258","is_ascension_mode":true,"campfire_choices":[{"data":"Glacier","floor":8,"key":"SMITH"},{"data":"Loop","floor":13,"key":"SMITH"},{"floor":15,"key":"REST"}],"neow_cost":"NONE","seed_source_timestamp":80176188254537,"circlet_count":0,"master_deck":["AscendersBane","Strike_B","Strike_B","Strike_B","Defend_B","Defend_B","Defend_B","Defend_B","Zap","Dualcast","Glacier+1","Blizzard","Cold Snap","Sweeping Beam","Loop+1","Compile Driver","Loop","Hello World","Amplify","Defragment","Hologram+1","Static Discharge","Redo"],"relics":["FrozenCore","NeowsBlessing","Strawberry","Anchor","Blue Candle","Bird Faced Urn"],"potions_floor_usage":[],"damage_taken":[{"damage":0,"enemies":"2 Louse","floor":1,"turns":1},{"damage":0,"enemies":"Cultist","floor":4,"turns":1},{"damage":0,"enemies":"3 Sentries","floor":6,"turns":1},{"damage":0,"enemies":"Small Slimes","floor":10,"turns":4},{"damage":29,"enemies":"Lagavulin","floor":11,"turns":10},{"damage":11,"enemies":"2 Fungi Beasts","floor":12,"turns":3},{"damage":14,"enemies":"3 Sentries","floor":14,"turns":8},{"damage":24,"enemies":"Hexaghost","floor":16,"turns":16},{"damage":23,"enemies":"Spheric Guardian","floor":18,"turns":8},{"damage":14,"enemies":"3 Byrds","floor":20,"turns":8},{"damage":11,"enemies":"Centurion and Healer","floor":22,"turns":17},{"damage":59,"enemies":"Gremlin Leader","floor":23,"turns":3}],"seed_played":"5615314881878090536","potions_obtained":[{"floor":1,"key":"EssenceOfSteel"},{"floor":11,"key":"EssenceOfSteel"},{"floor":22,"key":"FocusPotion"}],"is_trial":false,"path_per_floor":["M","?","$","M","$","E","$","R","T","M","E","M","R","E","R","B",null,"M","?","M","$","M","E"],"character_chosen":"DEFECT","items_purchased":["Blizzard","Loop","Static Discharge"],"campfire_rested":1,"item_purchase_floors":[3,7,21],"current_hp_per_floor":[68,75,75,75,75,75,75,75,75,75,46,35,35,21,45,27,68,53,53,47,47,48,0],"gold":174,"neow_bonus":"THREE_ENEMY_KILL","is_prod":false,"is_daily":false,"chose_seed":false,"campfire_upgraded":2,"win_rate":0,"timestamp":1552532578,"path_taken":["M","?","$","M","?","E","$","R","T","M","E","M","R","E","R","BOSS","M","?","M","$","?","E"],"build_version":"2019-01-23","purchased_purges":0,"victory":false,"max_hp_per_floor":[75,82,82,82,82,82,82,82,82,82,82,82,82,82,82,82,82,82,82,82,82,82,82],"card_choices":[{"not_picked":["Reinforced Body","Ball Lightning"],"picked":"Glacier","floor":1},{"not_picked":["Aggregate","Streamline"],"picked":"Cold Snap","floor":4},{"not_picked":["Fusion","Doom and Gloom"],"picked":"Sweeping Beam","floor":6},{"not_picked":["Turbo","Ball Lightning"],"picked":"Compile Driver","floor":10},{"not_picked":["Doom and Gloom","Rebound","Storm"],"picked":"SKIP","floor":11},{"not_picked":["All For One","Genetic Algorithm"],"picked":"Loop","floor":12},{"not_picked":["Conserve Battery","Chaos"],"picked":"Hello World","floor":14},{"not_picked":["Fission","Biased Cognition"],"picked":"Amplify","floor":16},{"not_picked":["Hologram+1","Streamline+1"],"picked":"Defragment","floor":18},{"not_picked":["Barrage","Stack"],"picked":"Hologram+1","floor":20},{"not_picked":["FTL","Streamline"],"picked":"Redo","floor":22}],"player_experience":930919,"relics_obtained":[{"floor":6,"key":"Anchor"},{"floor":11,"key":"Blue Candle"},{"floor":14,"key":"Bird Faced Urn"}],"event_choices":[{"damage_healed":0,"gold_gain":0,"player_choice":"Paid Gold","damage_taken":0,"relics_obtained":["Strawberry"],"max_hp_gain":0,"max_hp_loss":0,"event_name":"WeMeetAgain","floor":2,"gold_loss":72},{"cards_removed":["Strike_B"],"damage_healed":0,"gold_gain":0,"player_choice":"Card Removal","damage_taken":0,"max_hp_gain":0,"max_hp_loss":0,"event_name":"Wheel of Change","floor":19,"gold_loss":0}],"is_beta":false,"boss_relics":[{"not_picked":["Runic Dome","Eternal Feather"],"picked":"FrozenCore"}],"items_purged_floors":[],"is_endless":false,"potions_floor_spawned":[1,11,12,14,18,22],"killed_by":"Gremlin Leader","ascension_level":11}