{"gold_per_floor":[119,10,10,21,33,33,63,100,112,124,136],"floor_reached":11,"playtime":315,"items_purged":["Normality"],"score":124,"play_id":"3c6b6ffc-b480-424a-b0c3-de0f4234b697","local_time":"20190409010958","is_ascension_mode":true,"campfire_choices":[{"floor":6,"key":"DIG"}],"neow_cost":"CURSE","seed_source_timestamp":652784431564951,"circlet_count":0,"master_deck":["AscendersBane","Strike_R","Strike_R","Strike_R","Strike_R","Defend_R","Defend_R","Defend_R","Defend_R","Bash","Carnage","Pummel","Iron Wave","Exhume","Uppercut"],"relics":["Burning Blood","Shovel","MawBank","Mango"],"potions_floor_usage":[11,11],"damage_taken":[{"damage":1,"enemies":"Cultist","floor":1,"turns":3},{"damage":14,"enemies":"2 Louse","floor":4,"turns":2},{"damage":7,"enemies":"Small Slimes","floor":5,"turns":3},{"damage":36,"enemies":"Gremlin Gang","floor":7,"turns":6},{"damage":30,"enemies":"3 Sentries","floor":8,"turns":8},{"damage":25,"enemies":"Gremlin Nob","floor":11,"turns":3}],"seed_played":"-5394197573108046461","potions_obtained":[{"floor":4,"key":"SneckoOil"},{"floor":7,"key":"Swift Potion"}],"is_trial":false,"path_per_floor":["M","$","$","M","M","R","M","E","T","?","E"],"character_chosen":"IRONCLAD","items_purchased":["Pummel"],"campfire_rested":0,"item_purchase_floors":[2],"current_hp_per_floor":[73,73,73,65,64,64,34,24,24,24,0],"gold":136,"neow_bonus":"ONE_RARE_RELIC","is_prod":false,"is_daily":false,"chose_seed":false,"campfire_upgraded":0,"win_rate":0,"timestamp":1554782998,"path_taken":["M","?","$","M","?","R","M","E","T","?","E"],"build_version":"2019-01-23","purchased_purges":1,"victory":false,"max_hp_per_floor":[75,75,75,75,75,75,75,89,89,89,89],"card_choices":[{"not_picked":["True Grit","Armaments"],"picked":"Carnage","floor":1},{"not_picked":["Clothesline","Havoc","Body Slam"],"picked":"SKIP","floor":4},{"not_picked":["Feel No Pain","Seeing Red"],"picked":"Iron Wave","floor":5},{"not_picked":["Shrug It Off","Pommel Strike"],"picked":"Exhume","floor":7},{"not_picked":["Armaments","Ghostly Armor"],"picked":"Uppercut","floor":8}],"player_experience":1055052,"relics_obtained":[{"floor":6,"key":"MawBank"},{"floor":8,"key":"Mango"}],"event_choices":[{"cards_removed":["Strike_R"],"damage_healed":0,"gold_gain":0,"player_choice":"Card Removal","damage_taken":0,"max_hp_gain":0,"max_hp_loss":0,"event_name":"Wheel of Change","floor":10,"gold_loss":0}],"is_beta":false,"boss_relics":[],"items_purged_floors":[2],"is_endless":false,"potions_floor_spawned":[4,7],"killed_by":"Gremlin Nob","ascension_level":14}