{"gold_per_floor":[113,124,135,135,135,135,145,95,121,148,195,195,220,239,239,338,338,356,368,368,121,132,132,47,47,92,107,107,139,156,156,156,260,260,276,276,288,288,302,302,330,552,552,138,163,163,20,30,30,30],"floor_reached":51,"playtime":2501,"items_purged":[],"score":783,"play_id":"7aff9a2b-a563-4e4b-b4a4-68bec4d90027","local_time":"20190515020459","is_ascension_mode":false,"campfire_choices":[{"floor":6,"key":"REST"},{"data":"1","floor":12,"key":"LIFT"},{"data":"2","floor":15,"key":"LIFT"},{"data":"3","floor":23,"key":"LIFT"},{"data":"Bouncing Flask","floor":25,"key":"SMITH"},{"floor":32,"key":"REST"},{"data":"Footwork","floor":40,"key":"SMITH"},{"data":"Skewer","floor":49,"key":"SMITH"}],"neow_cost":"NONE","seed_source_timestamp":218138542668418,"circlet_count":0,"master_deck":["Defend_G+1","Defend_G+1","Defend_G+1","Defend_G+1","Defend_G+1","Strike_G+1","Strike_G+1","Survivor+1","Neutralize+1","Dagger Spray+1","Footwork+1","Dagger Spray","Bouncing Flask+1","PiercingWail+1","Skewer+1","Backflip","Dagger Throw+1","Cloak And Dagger+1","Caltrops","Endless Agony+1","Well Laid Plans","Prepared+1"],"relics":["Ring of the Snake","Blood Vial","Orichalcum","Girya","Anchor","Regal Pillow","Velvet Choker","Mercury Hourglass","Meat on the Bone","War Paint","Red Mask","Nilry\u0027s Codex","Black Star","Whetstone","Mango","Sundial","TwistedFunnel","Strawberry","Vajra","Pen Nib"],"potions_floor_usage":[14,16,16,33,41],"damage_taken":[{"damage":2,"enemies":"Small Slimes","floor":1,"turns":3},{"damage":0,"enemies":"Jaw Worm","floor":2,"turns":6},{"damage":0,"enemies":"2 Louse","floor":3,"turns":2},{"damage":3,"enemies":"Large Slime","floor":7,"turns":5},{"damage":18,"enemies":"Gremlin Nob","floor":10,"turns":5},{"damage":6,"enemies":"3 Sentries","floor":13,"turns":6},{"damage":0,"enemies":"3 Louse","floor":14,"turns":2},{"damage":8,"enemies":"Slime Boss","floor":16,"turns":13},{"damage":10,"enemies":"3 Byrds","floor":18,"turns":5},{"damage":8,"enemies":"Shell Parasite","floor":19,"turns":5},{"damage":0,"enemies":"Shelled Parasite and Fungi","floor":22,"turns":6},{"damage":0,"enemies":"Chosen and Byrds","floor":27,"turns":5},{"damage":0,"enemies":"Masked Bandits","floor":29,"turns":2},{"damage":0,"enemies":"Snecko","floor":30,"turns":4},{"damage":17,"enemies":"Automaton","floor":33,"turns":9},{"damage":0,"enemies":"3 Shapes","floor":35,"turns":3},{"damage":7,"enemies":"Orb Walker","floor":37,"turns":5},{"damage":11,"enemies":"4 Shapes","floor":39,"turns":5},{"damage":61,"enemies":"Giant Head","floor":41,"turns":11},{"damage":4,"enemies":"Transient","floor":48,"turns":5},{"damage":45,"enemies":"Time Eater","floor":50,"turns":13}],"seed_played":"-111973793516845662","potions_obtained":[{"floor":2,"key":"SkillPotion"},{"floor":3,"key":"SteroidPotion"},{"floor":13,"key":"Fruit Juice"},{"floor":14,"key":"EssenceOfSteel"},{"floor":22,"key":"Block Potion"},{"floor":27,"key":"SkillPotion"},{"floor":37,"key":"Strength Potion"},{"floor":39,"key":"PowerPotion"},{"floor":48,"key":"Strength Potion"}],"is_trial":false,"path_per_floor":["M","M","M","?","?","R","M","?","T","E","T","R","E","M","R","B",null,"M","M","?","$","M","R","?","R","T","M","?","?","M","?","R","B",null,"M","?","M","?","M","R","E","?","T","$","T","?","$","M","R","B",null],"character_chosen":"THE_SILENT","items_purchased":["Mercury Hourglass","Well Laid Plans","TwistedFunnel","Strawberry","Pen Nib"],"campfire_rested":2,"item_purchase_floors":[21,44,44,44,47],"current_hp_per_floor":[68,68,68,35,28,49,48,48,48,32,32,32,28,35,35,29,75,65,59,59,59,61,61,61,61,61,63,49,51,53,37,76,61,80,80,90,83,83,74,74,41,41,41,48,48,97,97,93,93,50],"gold":30,"neow_bonus":"THREE_CARDS","is_prod":false,"is_daily":false,"chose_seed":false,"campfire_upgraded":3,"win_rate":0,"timestamp":1557900299,"path_taken":["M","M","M","?","?","R","M","?","T","E","?","R","E","M","R","BOSS","M","M","?","$","M","R","?","R","T","M","?","?","M","?","R","BOSS","M","?","?","?","M","R","E","?","T","$","?","?","$","M","R","BOSS"],"build_version":"2019-01-23","purchased_purges":0,"victory":true,"max_hp_per_floor":[70,70,70,70,70,70,70,70,70,70,70,70,70,75,75,75,75,75,75,75,75,75,75,75,75,75,75,80,80,80,80,80,80,80,80,90,90,90,90,90,104,104,104,111,111,97,97,97,97,97],"card_choices":[{"not_picked":["Dagger Throw","Quick Slash"],"picked":"Dagger Spray","floor":0},{"not_picked":["Prepared","Reflex"],"picked":"Footwork","floor":1},{"not_picked":["Dash","Backflip"],"picked":"Dagger Spray","floor":2},{"not_picked":["Prepared","Cloak And Dagger"],"picked":"Bouncing Flask","floor":3},{"not_picked":["Expertise","Underhanded Strike"],"picked":"PiercingWail","floor":7},{"not_picked":["Leg Sweep","Slice"],"picked":"Skewer","floor":10},{"not_picked":["Reflex","Acrobatics","Skewer"],"picked":"SKIP","floor":13},{"not_picked":["Reflex","Acrobatics","Skewer"],"picked":"SKIP","floor":13},{"not_picked":["Sucker Punch","Wraith Form v2"],"picked":"Backflip","floor":14},{"not_picked":["Envenom","Storm of Steel"],"picked":"After Image","floor":16},{"not_picked":["Blade Dance","Underhanded Strike"],"picked":"Dagger Throw+1","floor":18},{"not_picked":["Accuracy","Underhanded Strike","Blade Dance+1"],"picked":"SKIP","floor":19},{"not_picked":["Poisoned Stab","Dash","Deadly Poison"],"picked":"SKIP","floor":22},{"not_picked":["Blade Dance","Dagger Throw"],"picked":"Cloak And Dagger+1","floor":27},{"not_picked":["Dagger Spray","Blur"],"picked":"Caltrops","floor":29},{"not_picked":["Glass Knife","Blade Dance+1","Underhanded Strike"],"picked":"SKIP","floor":30},{"not_picked":["Dodge and Roll","Expertise+1","Dagger Throw+1"],"picked":"SKIP","floor":35},{"not_picked":["PiercingWail+1","Eviscerate+1"],"picked":"Endless Agony+1","floor":37},{"not_picked":["Distraction","Cloak And Dagger","Blade Dance+1"],"picked":"SKIP","floor":39},{"not_picked":["Quick Slash","PiercingWail+1","Predator+1"],"picked":"SKIP","floor":41},{"not_picked":["Flying Knee+1","Catalyst"],"picked":"Prepared+1","floor":48}],"player_experience":117793,"relics_obtained":[{"floor":9,"key":"Orichalcum"},{"floor":10,"key":"Girya"},{"floor":11,"key":"Anchor"},{"floor":13,"key":"Regal Pillow"},{"floor":26,"key":"War Paint"},{"floor":29,"key":"Red Mask"},{"floor":31,"key":"Nilry\u0027s Codex"},{"floor":41,"key":"Whetstone"},{"floor":41,"key":"Mango"},{"floor":43,"key":"Sundial"},{"floor":45,"key":"Vajra"}],"event_choices":[{"damage_healed":0,"gold_gain":0,"player_choice":"Success","damage_taken":33,"relics_obtained":["Blood Vial"],"max_hp_gain":0,"max_hp_loss":0,"event_name":"Scrap Ooze","floor":4,"gold_loss":0},{"cards_removed":["Strike_G"],"damage_healed":0,"gold_gain":0,"player_choice":"Card Removal","damage_taken":7,"max_hp_gain":0,"max_hp_loss":0,"event_name":"Golden Wing","floor":5,"gold_loss":0},{"cards_removed":["Strike_G"],"damage_healed":0,"gold_gain":0,"player_choice":"Card Removal","damage_taken":0,"max_hp_gain":0,"max_hp_loss":0,"event_name":"The Cleric","floor":8,"gold_loss":50},{"damage_healed":0,"gold_gain":0,"player_choice":"Simplicity","damage_taken":0,"max_hp_gain":0,"max_hp_loss":0,"event_name":"Back to Basics","floor":20,"gold_loss":0,"cards_upgraded":["Defend_G","Defend_G","Defend_G","Defend_G","Defend_G","Strike_G","Strike_G","Strike_G"]},{"damage_healed":0,"gold_gain":0,"player_choice":"Obtained Relic","damage_taken":0,"relics_obtained":["Meat on the Bone"],"max_hp_gain":0,"max_hp_loss":0,"event_name":"Addict","floor":24,"gold_loss":85},{"damage_healed":0,"gold_gain":0,"player_choice":"Shed Blood","damage_taken":19,"max_hp_gain":5,"max_hp_loss":0,"event_name":"Forgotten Altar","floor":28,"gold_loss":0},{"damage_healed":0,"gold_gain":0,"player_choice":"Fought Bandits","damage_taken":0,"max_hp_gain":0,"max_hp_loss":0,"event_name":"Masked Bandits","floor":29,"gold_loss":0},{"damage_healed":0,"gold_gain":0,"player_choice":"Obtained Book","damage_taken":16,"max_hp_gain":0,"max_hp_loss":0,"event_name":"Cursed Tome","floor":31,"gold_loss":0},{"cards_removed":["After Image"],"damage_healed":0,"gold_gain":0,"player_choice":"Offered Rare","damage_taken":0,"max_hp_gain":10,"max_hp_loss":0,"event_name":"Bonfire Elementals","floor":36,"gold_loss":0},{"cards_removed":["Strike_G"],"damage_healed":0,"gold_gain":0,"player_choice":"Removed Attack","damage_taken":0,"max_hp_gain":0,"max_hp_loss":0,"event_name":"Falling","floor":38,"gold_loss":0},{"damage_healed":0,"gold_gain":222,"player_choice":"Wore Mask","damage_taken":0,"max_hp_gain":0,"max_hp_loss":0,"event_name":"Tomb of Lord Red Mask","floor":42,"gold_loss":0},{"damage_healed":97,"gold_gain":0,"player_choice":"Heal","damage_taken":0,"max_hp_gain":0,"max_hp_loss":14,"event_name":"The Moai Head","floor":46,"gold_loss":0}],"is_beta":false,"boss_relics":[{"not_picked":["Calling Bell","White Beast Statue"],"picked":"Velvet Choker"},{"not_picked":["Cursed Key","Coffee Dripper"],"picked":"Black Star"}],"items_purged_floors":[],"is_endless":false,"potions_floor_spawned":[2,3,13,14,22,27,37,39,48],"ascension_level":0}