{"gold_per_floor":[118,128,303,303,319,345,345,375,433,445,422,448,460],"floor_reached":13,"playtime":859,"items_purged":[],"score":112,"play_id":"693078a4-7bab-4806-9c88-e2a22a0b50a4","local_time":"20181222225500","is_ascension_mode":true,"campfire_choices":[{"floor":7,"key":"REST"},{"floor":10,"key":"REST"}],"neow_cost":"NONE","seed_source_timestamp":94969232168300,"circlet_count":0,"master_deck":["Defend_G","Defend_G","Defend_G","Defend_G","Defend_G","Strike_G","Strike_G","Strike_G","Strike_G","Strike_G","Survivor","Neutralize+1","Poisoned Stab","Heel Hook","Flechettes","Setup","Heel Hook","Outmaneuver"],"relics":["Ring of the Snake","Singing Bowl","MawBank","Bag of Preparation"],"potions_floor_usage":[6,12],"damage_taken":[{"damage":2,"enemies":"Jaw Worm","floor":1,"turns":6},{"damage":0,"enemies":"Small Slimes","floor":2,"turns":3},{"damage":0,"enemies":"Cultist","floor":5,"turns":4},{"damage":26,"enemies":"Gremlin Nob","floor":6,"turns":5},{"damage":42,"enemies":"Lagavulin","floor":8,"turns":8},{"damage":7,"enemies":"Large Slime","floor":12,"turns":4},{"damage":57,"enemies":"The Mushroom Lair","floor":13,"turns":4}],"seed_played":"-7179319648359632212","potions_obtained":[{"floor":2,"key":"GhostInAJar"},{"floor":6,"key":"Explosive Potion"},{"floor":8,"key":"Poison Potion"}],"is_trial":false,"path_per_floor":["M","M","?","?","M","E","R","E","T","R","?","M","?"],"character_chosen":"THE_SILENT","items_purchased":[],"campfire_rested":2,"item_purchase_floors":[],"current_hp_per_floor":[68,68,68,68,68,42,63,21,21,42,59,52,0],"gold":460,"neow_bonus":"UPGRADE_CARD","is_prod":false,"is_daily":false,"chose_seed":false,"campfire_upgraded":0,"win_rate":0,"timestamp":1545530100,"path_taken":["M","M","?","?","?","E","R","E","T","R","?","M","?"],"build_version":"2018-12-20","purchased_purges":0,"victory":false,"max_hp_per_floor":[70,70,70,70,70,70,70,70,70,70,70,70,70],"card_choices":[{"not_picked":["Dagger Throw","Infinite Blades"],"picked":"Poisoned Stab","floor":1},{"not_picked":["Outmaneuver","Acrobatics"],"picked":"Heel Hook","floor":2},{"not_picked":["Bane","Dagger Throw"],"picked":"Flechettes","floor":5},{"not_picked":["Phantasmal Killer","Masterful Stab"],"picked":"Setup","floor":6},{"not_picked":["Masterful Stab","Endless Agony"],"picked":"Heel Hook","floor":8},{"not_picked":["Blade Dance","PiercingWail"],"picked":"Outmaneuver","floor":12}],"player_experience":523537,"relics_obtained":[{"floor":6,"key":"Singing Bowl"},{"floor":8,"key":"MawBank"},{"floor":9,"key":"Bag of Preparation"}],"event_choices":[{"damage_healed":0,"gold_gain":175,"player_choice":"AGREE","damage_taken":0,"max_hp_gain":0,"max_hp_loss":0,"event_name":"Liars Game","floor":3,"gold_loss":0,"cards_obtained":["Doubt"]},{"cards_removed":["Doubt"],"damage_healed":0,"gold_gain":0,"player_choice":"Purged","damage_taken":0,"max_hp_gain":0,"max_hp_loss":0,"event_name":"Purifier","floor":4,"gold_loss":0},{"damage_healed":17,"gold_gain":0,"player_choice":"Healed","damage_taken":0,"max_hp_gain":0,"max_hp_loss":0,"event_name":"The Cleric","floor":11,"gold_loss":35},{"damage_healed":0,"gold_gain":0,"player_choice":"Fought Mushrooms","damage_taken":0,"max_hp_gain":0,"max_hp_loss":0,"event_name":"Mushrooms","floor":13,"gold_loss":0}],"is_beta":false,"boss_relics":[],"items_purged_floors":[],"is_endless":false,"potions_floor_spawned":[2,6,8],"killed_by":"The Mushroom Lair","ascension_level":4}