{"gold_per_floor":[116,132,132,145,145,180,28,53,53,74,74,89,89,109,109,232,232,248,248,94,115,131,71,71,90,169,208,228,228,243,268,268,268],"floor_reached":33,"playtime":1554,"items_purged":["Strike_R"],"score":323,"play_id":"0e0063e0-cfac-4f3a-8fea-0416fd1d4686","local_time":"20190503175333","is_ascension_mode":false,"campfire_choices":[{"data":"ReplayTheSpireMod:Uncanny Aura","floor":11,"key":"SMITH"},{"data":"Armaments","floor":13,"key":"SMITH"},{"data":"Strike_R","floor":15,"key":"PURGE"},{"floor":24,"key":"REST"},{"floor":32,"key":"REST"}],"neow_cost":"NONE","seed_source_timestamp":1914484672677057,"circlet_count":0,"master_deck":["Strike_R","Strike_R","Strike_R","Defend_R","Defend_R","Defend_R","Defend_R","Bash","ReplayTheSpireMod:Uncanny Aura+1","Feel No Pain","Flame Barrier","Normality","Cleave","Injury","Spot Weakness","Corruption","Pummel","Feed","Armaments+1","vexMod:StrikeStorm","Havoc","Battle Trance","Second Wind","Body Slam+1","BootSequence","Go for the Eyes","Impervious"],"relics":["Burning Blood","NeowsBlessing","Golden Idol","Du-Vu Doll","trackpad:SneckoScepter","hubris:HollowSoul","MutagenicStrength","ReplayTheSpireMod:TigerMarble","vexMod:HappyDrink","vexMod:RobotsGift"],"potions_floor_usage":[27,28,28,33],"damage_taken":[{"damage":2,"enemies":"Small Slimes","floor":1,"turns":4},{"damage":1,"enemies":"2 Louse","floor":2,"turns":3},{"damage":0,"enemies":"Jaw Worm","floor":4,"turns":1},{"damage":0,"enemies":"3 Sentries","floor":6,"turns":1},{"damage":0,"enemies":"Large Slime","floor":8,"turns":1},{"damage":12,"enemies":"Looter","floor":10,"turns":4},{"damage":5,"enemies":"3 Louse","floor":12,"turns":3},{"damage":5,"enemies":"Gremlin Gang","floor":14,"turns":4},{"damage":56,"enemies":"The Guardian","floor":16,"turns":16},{"damage":20,"enemies":"2 Thieves","floor":18,"turns":4},{"damage":18,"enemies":"3 Byrds","floor":21,"turns":6},{"damage":41,"enemies":"Shelled Parasite and Fungi","floor":22,"turns":6},{"damage":14,"enemies":"Centurion and Healer","floor":25,"turns":7},{"damage":34,"enemies":"Gremlin Leader","floor":27,"turns":8},{"damage":5,"enemies":"Chosen and Byrds","floor":28,"turns":6},{"damage":17,"enemies":"Snake Plant","floor":30,"turns":5},{"damage":0,"enemies":"Snecko","floor":31,"turns":3},{"damage":30,"enemies":"Champ","floor":33,"turns":10}],"seed_played":"4375532748763205667","potions_obtained":[{"floor":1,"key":"Fire Potion"},{"floor":8,"key":"Reflective Coating"},{"floor":10,"key":"GamblersBrew"},{"floor":12,"key":"Elixir"},{"floor":27,"key":"Swift Potion"}],"is_trial":false,"path_per_floor":["M","M","?","M","?","E","$","M","T","M","R","M","R","M","R","B",null,"M","?","$","M","M","?","R","M","T","E","M","?","M","M","R","B"],"character_chosen":"IRONCLAD","items_purchased":["Corruption","ReplayTheSpireMod:TigerMarble"],"campfire_rested":2,"item_purchase_floors":[7,20],"current_hp_per_floor":[80,80,80,80,80,80,80,80,80,74,74,78,78,79,79,33,87,73,73,73,61,26,26,52,47,47,25,29,29,18,24,53,0],"gold":268,"neow_bonus":"RANDOM_COLORLESS","is_prod":false,"is_daily":false,"chose_seed":false,"campfire_upgraded":2,"win_rate":0,"timestamp":1556916813,"path_taken":["M","M","?","M","?","E","$","M","T","M","R","M","R","M","R","BOSS","M","?","$","M","M","?","R","M","T","E","M","?","?","M","R","BOSS"],"build_version":"2019-01-23","purchased_purges":1,"victory":false,"max_hp_per_floor":[80,80,80,80,80,80,80,80,80,80,80,83,83,83,83,87,87,87,87,87,87,87,87,87,90,90,96,99,99,99,99,99,99],"card_choices":[{"not_picked":["True Grit","vexMod:CleverClash"],"picked":"Feel No Pain","floor":1},{"not_picked":["ReplayTheSpireMod:Strike From Hell","Shrug It Off"],"picked":"Flame Barrier","floor":2},{"not_picked":["vexMod:BloodToGold","Twin Strike"],"picked":"Cleave","floor":4},{"not_picked":["True Grit","Body Slam"],"picked":"Spot Weakness","floor":6},{"not_picked":["Shrug It Off","Clothesline"],"picked":"Pummel","floor":8},{"not_picked":["Armaments","Thunderclap"],"picked":"Feed","floor":10},{"not_picked":["hubris:ReadiedAction","Flex"],"picked":"Armaments","floor":12},{"not_picked":["Thunderclap","Defy Death","Clash"],"picked":"SKIP","floor":14},{"not_picked":["Brutality","Berserk"],"picked":"vexMod:StrikeStorm","floor":16},{"not_picked":["Searing Blow","Entrench"],"picked":"Havoc","floor":18},{"not_picked":["Run Through+1","Rampage+1"],"picked":"Battle Trance","floor":21},{"not_picked":["Rampage","vexMod:CleverClash+1","Body Slam"],"picked":"SKIP","floor":22},{"not_picked":["vexMod:TrainingStrike","Replay:Undeath\u0027s Touch"],"picked":"Second Wind","floor":25},{"not_picked":["True Grit","Replay:Undeath\u0027s Touch"],"picked":"Body Slam+1","floor":27},{"not_picked":["Warcry+1","Twin Strike","Anger+1"],"picked":"SKIP","floor":28},{"not_picked":["ReplayTheSpireMod:Reroute Power","vexMod:Overload"],"picked":"BootSequence","floor":29},{"not_picked":["ReplayTheSpireMod:GoodbyeWorld","vexMod:GrowingStorm"],"picked":"Go for the Eyes","floor":29},{"not_picked":["Body Slam","Pommel Strike"],"picked":"Impervious","floor":30},{"not_picked":["Replay:Undeath\u0027s Touch","Clash","Shrug It Off+1"],"picked":"SKIP","floor":31}],"player_experience":1284333,"relics_obtained":[{"floor":6,"key":"Du-Vu Doll"},{"floor":9,"key":"trackpad:SneckoScepter"},{"floor":27,"key":"vexMod:HappyDrink"},{"floor":29,"key":"vexMod:RobotsGift"}],"event_choices":[{"damage_healed":0,"gold_gain":0,"player_choice":"Take Wound","damage_taken":0,"relics_obtained":["Golden Idol"],"max_hp_gain":0,"max_hp_loss":0,"event_name":"Golden Idol","floor":5,"gold_loss":0,"cards_obtained":["Injury"]},{"damage_healed":0,"gold_gain":0,"player_choice":"Inject Mutagens","damage_taken":0,"relics_obtained":["MutagenicStrength"],"max_hp_gain":0,"max_hp_loss":0,"event_name":"Drug Dealer","floor":19,"gold_loss":0}],"is_beta":false,"boss_relics":[{"not_picked":["Eternal Feather","Orrery"],"picked":"hubris:HollowSoul"}],"items_purged_floors":[7],"is_endless":false,"potions_floor_spawned":[1,8,10,12,16,21,27],"killed_by":"Champ","ascension_level":0}