{"gold_per_floor":[119,133,133,31,106,106,166,166,190,223,223,261,261,286,286,406,406,420,335,235,235,251,251,292,142,142,142,161,196,196,210,210,335,335,350,366,366,12,12,55,75,75,75,109,64,64,88,152,152,152,152,152,71,102,102],"floor_reached":56,"playtime":3119,"items_purged":["Strike_R","Strike_R","Defend_R"],"score":1347,"play_id":"3fab471b-75cc-4830-b739-cef52e9c81ed","local_time":"20190207145720","is_ascension_mode":false,"campfire_choices":[{"data":"Shockwave","floor":6,"key":"SMITH"},{"data":"Whirlwind","floor":8,"key":"SMITH"},{"data":"Armaments","floor":13,"key":"SMITH"},{"data":"Disarm","floor":15,"key":"SMITH"},{"floor":23,"key":"REST"},{"floor":32,"key":"REST"},{"floor":42,"key":"REST"},{"floor":49,"key":"RECALL"},{"floor":52,"key":"REST"}],"neow_cost":"NONE","seed_source_timestamp":274031660623571,"circlet_count":0,"master_deck":["Strike_R","Defend_R","Bash","Barricade","Shockwave+1","Dropkick","Shrug It Off","Whirlwind+1","Disarm+1","Armaments+1","Headbutt+1","Shrug It Off","Exhume","RitualDagger","Battle Trance","Madness","Pommel Strike","Flame Barrier+1","Shrug It Off","Dropkick+1","Entrench","Body Slam","Disarm+1"],"relics":["Burning Blood","Potion Belt","Boot","Pen Nib","Golden Idol","Matryoshka","Fusion Hammer","Orichalcum","Bronze Scales","Lantern","Red Skull","Bag of Preparation","Singing Bowl","Pantograph","Empty Cage","Medical Kit","Mercury Hourglass","Darkstone Periapt","Prayer Wheel","Ginger"],"potions_floor_usage":[7,10,55,55,55,55,55],"damage_taken":[{"damage":6,"enemies":"Cultist","floor":1,"turns":3},{"damage":6,"enemies":"2 Louse","floor":2,"turns":3},{"damage":21,"enemies":"Gremlin Nob","floor":7,"turns":4},{"damage":0,"enemies":"Lagavulin","floor":10,"turns":7},{"damage":21,"enemies":"Gremlin Nob","floor":12,"turns":5},{"damage":3,"enemies":"Small Slimes","floor":14,"turns":2},{"damage":0,"enemies":"The Guardian","floor":16,"turns":12},{"damage":6,"enemies":"Shell Parasite","floor":18,"turns":7},{"damage":13,"enemies":"Spheric Guardian","floor":22,"turns":8},{"damage":12,"enemies":"Book of Stabbing","floor":24,"turns":8},{"damage":7,"enemies":"Shelled Parasite and Fungi","floor":28,"turns":5},{"damage":1,"enemies":"Slavers","floor":29,"turns":3},{"damage":0,"enemies":"Snecko","floor":31,"turns":4},{"damage":36,"enemies":"Collector","floor":33,"turns":9},{"damage":30,"enemies":"3 Darklings","floor":35,"turns":5},{"damage":0,"enemies":"3 Shapes","floor":36,"turns":3},{"damage":0,"enemies":"Giant Head","floor":40,"turns":6},{"damage":3,"enemies":"Maw","floor":41,"turns":6},{"damage":14,"enemies":"Reptomancer","floor":44,"turns":5},{"damage":4,"enemies":"4 Shapes","floor":47,"turns":4},{"damage":1,"enemies":"2 Orb Walkers","floor":48,"turns":3},{"damage":13,"enemies":"Time Eater","floor":50,"turns":12},{"damage":22,"enemies":"Shield and Spear","floor":54,"turns":5},{"damage":41,"enemies":"The Heart","floor":55,"turns":8}],"seed_played":"5141367194567106310","potions_obtained":[{"floor":1,"key":"Energy Potion"},{"floor":2,"key":"SteroidPotion"},{"floor":12,"key":"PowerPotion"},{"floor":22,"key":"Dexterity Potion"},{"floor":24,"key":"Regen Potion"},{"floor":31,"key":"EssenceOfSteel"},{"floor":33,"key":"LiquidBronze"},{"floor":41,"key":"LiquidBronze"},{"floor":47,"key":"Dexterity Potion"}],"is_trial":false,"path_per_floor":["M","M","?","$","?","R","?","R","T","E","?","E","R","M","R","B",null,"M","?","$","?","M","R","E","$","T","T","M","E","?","M","R","B",null,"M","M","?","$","?","E","M","R","T","E","$","?","M","?","R","B",null,"R","$","E","B",null],"character_chosen":"IRONCLAD","items_purchased":["Shrug It Off","Shrug It Off","Madness","Medical Kit","Pommel Strike","Shrug It Off","Entrench","Body Slam"],"campfire_rested":4,"item_purchase_floors":[4,25,38,38,38,45,53,53],"current_hp_per_floor":[80,80,73,73,62,62,47,47,47,53,53,38,38,41,41,47,74,74,74,74,74,67,74,68,68,68,68,67,74,68,76,78,50,80,56,64,58,58,58,66,71,90,90,82,82,82,84,91,91,85,92,92,92,76,57],"gold":102,"neow_bonus":"ONE_RANDOM_RARE_CARD","is_prod":false,"is_daily":false,"chose_seed":false,"campfire_upgraded":4,"win_rate":0,"timestamp":1549551440,"path_taken":["M","M","?","$","?","R","?","R","T","E","?","E","R","?","R","BOSS","M","?","$","?","M","R","E","$","T","?","M","E","?","M","R","BOSS","M","M","?","$","?","E","?","R","T","E","?","?","M","?","R","BOSS","R","$","E","BOSS"],"build_version":"2019-02-06","purchased_purges":3,"victory":true,"max_hp_per_floor":[80,80,80,80,80,80,80,80,80,80,74,74,74,74,74,74,74,74,74,74,74,74,74,74,74,74,74,74,76,76,78,78,80,80,80,82,86,86,86,88,90,90,90,90,90,90,90,92,92,92,92,92,92,92,92],"card_choices":[{"not_picked":["Flex","Searing Blow"],"picked":"Shockwave","floor":1},{"not_picked":["Power Through","Havoc"],"picked":"Dropkick","floor":2},{"not_picked":["Clash","Perfected Strike"],"picked":"Whirlwind","floor":7},{"not_picked":["Warcry","Iron Wave"],"picked":"Disarm","floor":10},{"not_picked":["Sword Boomerang","Wild Strike"],"picked":"Armaments","floor":12},{"not_picked":["Barricade","Evolve","Cleave"],"picked":"SKIP","floor":14},{"not_picked":["Clothesline","Clash","Evolve"],"picked":"SKIP","floor":18},{"not_picked":["Anger+1","Clothesline"],"picked":"Headbutt+1","floor":22},{"not_picked":["Cleave","Twin Strike+1","Heavy Blade+1"],"picked":"SKIP","floor":24},{"not_picked":["Sword Boomerang","Infernal Blade+1"],"picked":"Exhume","floor":28},{"not_picked":["Twin Strike","Blood for Blood","Combust"],"picked":"Singing Bowl","floor":29},{"not_picked":["Clothesline","Cleave","Sword Boomerang+1"],"picked":"Singing Bowl","floor":31},{"not_picked":["Bludgeon","Limit Break","Barricade"],"picked":"Singing Bowl","floor":33},{"not_picked":["Headbutt","Carnage"],"picked":"Battle Trance","floor":35},{"not_picked":["Searing Blow+1","Combust+1","Twin Strike"],"picked":"Singing Bowl","floor":36},{"not_picked":["Swift Strike","PanicButton","Purity"],"picked":"Singing Bowl","floor":37},{"not_picked":["The Bomb","Deep Breath","Jack Of All Trades"],"picked":"Singing Bowl","floor":37},{"not_picked":["Enlightenment","Discovery"],"picked":"Madness","floor":37},{"not_picked":["Heavy Blade+1","Headbutt","Shockwave"],"picked":"Singing Bowl","floor":40},{"not_picked":["Whirlwind","Infernal Blade","Rupture+1"],"picked":"Singing Bowl","floor":41},{"not_picked":["Power Through","Sword Boomerang+1"],"picked":"Flame Barrier+1","floor":44},{"not_picked":["Heavy Blade+1","Iron Wave+1"],"picked":"Dropkick+1","floor":47},{"not_picked":["Uppercut","Whirlwind","Clothesline+1"],"picked":"Singing Bowl","floor":48},{"not_picked":["Bludgeon","Battle Trance"],"picked":"Disarm+1","floor":54}],"player_experience":857323,"relics_obtained":[{"floor":9,"key":"Boot"},{"floor":10,"key":"Pen Nib"},{"floor":12,"key":"Matryoshka"},{"floor":24,"key":"Bronze Scales"},{"floor":26,"key":"Lantern"},{"floor":26,"key":"Red Skull"},{"floor":27,"key":"Bag of Preparation"},{"floor":27,"key":"Singing Bowl"},{"floor":29,"key":"Pantograph"},{"floor":40,"key":"Mercury Hourglass"},{"floor":44,"key":"Darkstone Periapt"},{"floor":48,"key":"Prayer Wheel"},{"floor":54,"key":"Ginger"}],"event_choices":[{"cards_removed":["Strike_R"],"damage_healed":0,"gold_gain":0,"player_choice":"Card Removal","damage_taken":7,"max_hp_gain":0,"max_hp_loss":0,"event_name":"Golden Wing","floor":3,"gold_loss":0},{"damage_healed":0,"gold_gain":75,"player_choice":"Gather Gold","damage_taken":11,"max_hp_gain":0,"max_hp_loss":0,"event_name":"World of Goop","floor":5,"gold_loss":0},{"damage_healed":0,"gold_gain":0,"player_choice":"Searched \u00272\u0027 times","damage_taken":0,"relics_obtained":["Potion Belt"],"max_hp_gain":0,"max_hp_loss":0,"event_name":"Dead Adventurer","floor":7,"gold_loss":0},{"damage_healed":0,"gold_gain":0,"player_choice":"Lose Max HP","damage_taken":0,"relics_obtained":["Golden Idol"],"max_hp_gain":0,"max_hp_loss":6,"event_name":"Golden Idol","floor":11,"gold_loss":0},{"damage_healed":0,"gold_gain":0,"player_choice":"Obtained Relic","damage_taken":0,"relics_obtained":["Orichalcum"],"max_hp_gain":0,"max_hp_loss":0,"event_name":"Addict","floor":19,"gold_loss":85},{"damage_healed":0,"gold_gain":0,"player_choice":"Ignored","damage_taken":0,"max_hp_gain":0,"max_hp_loss":0,"event_name":"Vampires","floor":21,"gold_loss":0},{"damage_healed":0,"gold_gain":0,"player_choice":"Joined the Cult","damage_taken":6,"max_hp_gain":0,"max_hp_loss":0,"event_name":"Nest","floor":30,"gold_loss":0,"cards_obtained":["RitualDagger"]},{"damage_healed":0,"gold_gain":0,"player_choice":"Memory 3","damage_taken":10,"max_hp_gain":0,"max_hp_loss":0,"event_name":"SensoryStone","floor":37,"gold_loss":0},{"cards_removed":["Strike_R"],"damage_healed":0,"gold_gain":0,"player_choice":"Purged","damage_taken":0,"max_hp_gain":0,"max_hp_loss":0,"event_name":"Purifier","floor":39,"gold_loss":0},{"cards_removed":["Madness"],"damage_healed":0,"gold_gain":0,"player_choice":"Removed Skill","damage_taken":0,"max_hp_gain":0,"max_hp_loss":0,"event_name":"Falling","floor":46,"gold_loss":0},{"damage_healed":0,"gold_gain":0,"player_choice":"Fight","damage_taken":0,"max_hp_gain":0,"max_hp_loss":0,"event_name":"Mysterious Sphere","floor":48,"gold_loss":0}],"is_beta":true,"boss_relics":[{"not_picked":["Calling Bell","Orrery"],"picked":"Fusion Hammer"},{"not_picked":["Sozu","Black Blood"],"picked":"Empty Cage"}],"items_purged_floors":[4,20,25],"is_endless":false,"potions_floor_spawned":[1,2,12,22,24,31,33,35,41,47],"ascension_level":0}