{"gold_per_floor":[117,117,117,117,133,133,165,165,165,181,35,48,48,82,82,182,182,202,216,216,129,57,57,75,86,86,121,121,121,138,138,138,138],"floor_reached":33,"playtime":5154,"items_purged":[],"score":421,"play_id":"a56753b2-0826-4612-8371-600a8ac8a828","local_time":"20190216135208","is_ascension_mode":true,"campfire_choices":[{"data":"Zap","floor":6,"key":"SMITH"},{"floor":8,"key":"REST"},{"data":"Electrodynamics","floor":13,"key":"SMITH"},{"floor":15,"key":"REST"},{"floor":23,"key":"REST"},{"data":"Static Discharge","floor":29,"key":"SMITH"},{"floor":32,"key":"RECALL"}],"neow_cost":"NONE","seed_source_timestamp":169069027752649,"circlet_count":0,"master_deck":["Strike_B","Strike_B","Strike_B","Defend_B","Defend_B","Defend_B","Defend_B","Zap+1","Dualcast","Conserve Battery","Rip and Tear+1","Conserve Battery","Doom and Gloom","Electrodynamics+1","Glacier+1","Static Discharge+1","Turbo+1","Thunder Strike","Chaos+1","Conserve Battery+1","Madness+1","Reboot+1","Coolheaded+1","Self Repair","White Noise+1"],"relics":["Cracked Core","Matryoshka","Toxic Egg 2","Singing Bowl","Mummified Hand","PreservedInsect","Inserter","Bottled Tornado","Meat on the Bone","Bottled Lightning","Mango"],"potions_floor_usage":[10,24,33,33],"damage_taken":[{"damage":0,"enemies":"Small Slimes","floor":1,"turns":3},{"damage":7,"enemies":"Jaw Worm","floor":5,"turns":2},{"damage":28,"enemies":"Lagavulin","floor":7,"turns":6},{"damage":0,"enemies":"2 Louse","floor":10,"turns":2},{"damage":0,"enemies":"Looter","floor":12,"turns":3},{"damage":5,"enemies":"3 Sentries","floor":14,"turns":3},{"damage":34,"enemies":"The Guardian","floor":16,"turns":13},{"damage":12,"enemies":"Chosen","floor":18,"turns":4},{"damage":14,"enemies":"Shell Parasite","floor":19,"turns":6},{"damage":6,"enemies":"Snake Plant","floor":24,"turns":5},{"damage":7,"enemies":"Centurion and Healer","floor":25,"turns":7},{"damage":14,"enemies":"Book of Stabbing","floor":27,"turns":5},{"damage":12,"enemies":"Snecko","floor":30,"turns":4},{"damage":75,"enemies":"Champ","floor":33,"turns":10}],"seed_played":"-3713632647140830126","potions_obtained":[{"floor":1,"key":"Energy Potion"},{"floor":12,"key":"GamblersBrew"},{"floor":14,"key":"Swift Potion"},{"floor":19,"key":"Regen Potion"},{"floor":20,"key":"AttackPotion"},{"floor":20,"key":"FearPotion"},{"floor":30,"key":"Swift Potion"}],"is_trial":false,"path_per_floor":["M","?","?","?","M","R","E","R","T","M","$","M","R","E","R","B",null,"M","M","?","$","$","R","M","M","T","E","?","R","M","?","R","B"],"character_chosen":"DEFECT","items_purchased":["Glacier+1","Static Discharge","Madness+1","Reboot+1"],"campfire_rested":3,"item_purchase_floors":[11,11,21,22],"current_hp_per_floor":[68,68,61,36,29,29,1,23,23,23,23,23,23,20,43,9,60,48,34,34,34,34,57,65,60,60,46,46,46,53,67,67,0],"gold":138,"neow_bonus":"THREE_CARDS","is_prod":false,"is_daily":false,"chose_seed":false,"campfire_upgraded":3,"win_rate":0,"timestamp":1550335928,"path_taken":["M","?","?","?","M","R","E","R","T","M","$","M","R","E","R","BOSS","M","M","?","?","$","R","?","M","T","E","?","R","M","?","R","BOSS"],"build_version":"2019-01-23","purchased_purges":0,"victory":false,"max_hp_per_floor":[75,75,75,75,75,75,75,75,75,75,75,75,75,77,77,77,77,77,77,77,77,77,77,77,79,79,79,79,79,79,93,93,93],"card_choices":[{"not_picked":["Aggregate","Go for the Eyes"],"picked":"Conserve Battery","floor":0},{"not_picked":["Reprogram","Rebound"],"picked":"Rip and Tear","floor":1},{"not_picked":["Compile Driver","Sweeping Beam"],"picked":"Conserve Battery","floor":5},{"not_picked":["Melter","Force Field"],"picked":"Doom and Gloom","floor":7},{"not_picked":["Storm","Compile Driver"],"picked":"Electrodynamics","floor":10},{"not_picked":["Beam Cell","Reinforced Body+1"],"picked":"Turbo+1","floor":12},{"not_picked":["Steam+1","Hello World","Force Field+1"],"picked":"Singing Bowl","floor":14},{"not_picked":["Electrodynamics","Multi-Cast+1"],"picked":"Thunder Strike","floor":16},{"not_picked":["Undo+1","Aggregate+1"],"picked":"Chaos+1","floor":18},{"not_picked":["Leap+1","Turbo+1"],"picked":"Conserve Battery+1","floor":19},{"not_picked":["Sweeping Beam","Stack+1"],"picked":"Coolheaded+1","floor":24},{"not_picked":["Leap+1","Stack+1","Rebound"],"picked":"Singing Bowl","floor":25},{"not_picked":["Fusion+1","Gash"],"picked":"Self Repair","floor":27},{"not_picked":["Self Repair","Beam Cell"],"picked":"White Noise+1","floor":30}],"player_experience":776042,"relics_obtained":[{"floor":7,"key":"Toxic Egg 2"},{"floor":9,"key":"Singing Bowl"},{"floor":9,"key":"Mummified Hand"},{"floor":14,"key":"PreservedInsect"},{"floor":26,"key":"Bottled Tornado"},{"floor":26,"key":"Meat on the Bone"},{"floor":27,"key":"Bottled Lightning"}],"event_choices":[{"damage_healed":0,"gold_gain":0,"player_choice":"Grow","damage_taken":0,"max_hp_gain":0,"max_hp_loss":0,"event_name":"Living Wall","floor":2,"gold_loss":0,"cards_upgraded":["Rip and Tear"]},{"cards_removed":["Strike_B"],"damage_healed":0,"gold_gain":0,"player_choice":"Card Removal","damage_taken":7,"max_hp_gain":0,"max_hp_loss":0,"event_name":"Golden Wing","floor":3,"gold_loss":0},{"damage_healed":0,"gold_gain":0,"player_choice":"Success","damage_taken":25,"relics_obtained":["Matryoshka"],"max_hp_gain":0,"max_hp_loss":0,"event_name":"Scrap Ooze","floor":4,"gold_loss":0},{"damage_healed":0,"gold_gain":0,"player_choice":"Got Potions","damage_taken":0,"max_hp_gain":0,"max_hp_loss":0,"event_name":"Lab","floor":20,"gold_loss":0},{"damage_healed":0,"gold_gain":0,"player_choice":"Ignored","damage_taken":0,"max_hp_gain":0,"max_hp_loss":0,"event_name":"Vampires","floor":28,"gold_loss":0},{"damage_healed":0,"gold_gain":0,"player_choice":"Opened","damage_taken":0,"relics_obtained":["Mango"],"max_hp_gain":0,"max_hp_loss":0,"event_name":"The Mausoleum","floor":31,"gold_loss":0}],"is_beta":false,"boss_relics":[{"not_picked":["Ectoplasm","Pandora\u0027s Box"],"picked":"Inserter"}],"items_purged_floors":[],"is_endless":false,"potions_floor_spawned":[1,12,14,19,30],"killed_by":"Champ","ascension_level":9}