{"gold_per_floor":[119,136,136,136,152,179,179,179,204,218,253,265,290,4,4,101,101,121,134,167,178,191,216,216,251,277,377,407,407,423,450,450,545,545,555,555,89,89,89,118,143,156,179,213,225,251,278,291,291,291,291,291,38,64,64],"floor_reached":56,"playtime":4821,"items_purged":["Strike_B","Strike_B","Strike_B"],"score":1836,"play_id":"6ef1cf62-9d46-4ef8-a8d1-876fca4f28bd","local_time":"20190218073027","is_ascension_mode":true,"campfire_choices":[{"data":"Dualcast","floor":7,"key":"SMITH"},{"data":"Loop","floor":15,"key":"SMITH"},{"floor":24,"key":"REST"},{"data":"Rainbow","floor":29,"key":"SMITH"},{"data":"Fission","floor":32,"key":"SMITH"},{"floor":49,"key":"RECALL"},{"floor":52,"key":"REST"}],"neow_cost":"NONE","seed_source_timestamp":5511288657515463,"circlet_count":0,"master_deck":["Strike_B+1","Defend_B","Defend_B","Defend_B","Defend_B","Zap+1","Dualcast+1","Coolheaded+1","Gash","Hologram","Scrape","Hologram","Echo Form","Loop+1","Leap","Echo Form","Cold Snap","Fission+1","Conserve Battery","Auto Shields+1","Conserve Battery","Hologram+1","Rainbow+1","Doom and Gloom","Sunder+1","Force Field","Electrodynamics","All For One","Echo Form","Turbo+1","Doom and Gloom+1","Force Field+1","Defragment+1","Glacier+1","Heatsinks+1","Hello World+1","Echo Form","Coolheaded+1"],"relics":["Cracked Core","Lantern","Pear","Strawberry","Snecko Eye","Red Mask","Art of War","Bag of Marbles","Smiling Mask","Dead Branch","Shuriken","Oddly Smooth Stone","WingedGreaves","Fusion Hammer","Juzu Bracelet","Tiny Chest","Whetstone","Boot","Unceasing Top","Bag of Preparation","Du-Vu Doll","Mummified Hand","Dream Catcher","DollysMirror","Centennial Puzzle"],"potions_floor_usage":[4,4,6,6,19,25,27,31,35,55,55,55],"damage_taken":[{"damage":0,"enemies":"Cultist","floor":1,"turns":2},{"damage":0,"enemies":"2 Louse","floor":2,"turns":3},{"damage":0,"enemies":"Small Slimes","floor":5,"turns":2},{"damage":11,"enemies":"Gremlin Nob","floor":6,"turns":4},{"damage":2,"enemies":"Exordium Thugs","floor":10,"turns":3},{"damage":17,"enemies":"3 Sentries","floor":11,"turns":6},{"damage":0,"enemies":"2 Fungi Beasts","floor":12,"turns":3},{"damage":20,"enemies":"Gremlin Nob","floor":13,"turns":4},{"damage":33,"enemies":"Slime Boss","floor":16,"turns":9},{"damage":0,"enemies":"Spheric Guardian","floor":18,"turns":5},{"damage":4,"enemies":"3 Byrds","floor":19,"turns":8},{"damage":29,"enemies":"Masked Bandits","floor":20,"turns":6},{"damage":1,"enemies":"Cultist and Chosen","floor":21,"turns":9},{"damage":1,"enemies":"Chosen and Byrds","floor":22,"turns":10},{"damage":10,"enemies":"Book of Stabbing","floor":23,"turns":6},{"damage":8,"enemies":"Slavers","floor":25,"turns":9},{"damage":0,"enemies":"Colosseum Slavers","floor":27,"turns":5},{"damage":16,"enemies":"Colosseum Nobs","floor":27,"turns":4},{"damage":0,"enemies":"Gremlin Leader","floor":28,"turns":5},{"damage":0,"enemies":"3 Cultists","floor":30,"turns":3},{"damage":1,"enemies":"Slavers","floor":31,"turns":4},{"damage":6,"enemies":"Champ","floor":33,"turns":9},{"damage":12,"enemies":"3 Darklings","floor":35,"turns":3},{"damage":0,"enemies":"Nemesis","floor":40,"turns":5},{"damage":0,"enemies":"Reptomancer","floor":41,"turns":4},{"damage":0,"enemies":"Orb Walker","floor":42,"turns":3},{"damage":2,"enemies":"Giant Head","floor":44,"turns":8},{"damage":0,"enemies":"Jaw Worm Horde","floor":45,"turns":3},{"damage":0,"enemies":"Reptomancer","floor":46,"turns":3},{"damage":0,"enemies":"Giant Head","floor":47,"turns":6},{"damage":0,"enemies":"Maw","floor":48,"turns":4},{"damage":0,"enemies":"Awakened One","floor":50,"turns":6},{"damage":0,"enemies":"Shield and Spear","floor":54,"turns":2},{"damage":0,"enemies":"The Heart","floor":55,"turns":6}],"seed_played":"-1007437333223423559","potions_obtained":[{"floor":2,"key":"SteroidPotion"},{"floor":4,"key":"Fruit Juice"},{"floor":4,"key":"Fruit Juice"},{"floor":4,"key":"SkillPotion"},{"floor":10,"key":"LiquidBronze"},{"floor":13,"key":"Energy Potion"},{"floor":22,"key":"Block Potion"},{"floor":23,"key":"SkillPotion"},{"floor":27,"key":"Block Potion"},{"floor":30,"key":"FearPotion"},{"floor":31,"key":"SmokeBomb"},{"floor":33,"key":"Fire Potion"},{"floor":41,"key":"SteroidPotion"},{"floor":45,"key":"Weak Potion"}],"is_trial":false,"path_per_floor":["M","M","?","?","M","E","R","?","T","M","E","M","E","$","R","B",null,"M","M","?","M","M","E","R","E","T","?","E","R","M","E","R","B",null,"M","?","$","?","T","E","E","M","T","E","M","E","E","M","R","B",null,"R","$","E","B",null],"character_chosen":"DEFECT","items_purchased":["Echo Form","Cold Snap","Echo Form","Juzu Bracelet","Tiny Chest","DollysMirror"],"campfire_rested":2,"item_purchase_floors":[14,14,37,37,37,53],"current_hp_per_floor":[75,75,75,85,85,74,74,79,79,77,70,70,57,57,57,24,107,107,103,74,73,72,62,94,86,86,70,70,70,70,69,69,63,107,95,95,95,95,95,95,95,95,95,93,93,93,93,93,93,93,102,102,102,102,102],"gold":64,"neow_bonus":"UPGRADE_CARD","is_prod":false,"is_daily":false,"chose_seed":false,"campfire_upgraded":4,"win_rate":0,"timestamp":1550493027,"path_taken":["M","?","?","?","?","E","R","?","T","M","E","M","E","$","R","BOSS","M","M","?","M","M","E","R","E","T","?","E","R","M","E","R","BOSS","M","?","$","?","?","E","E","M","T","E","M","E","E","M","R","BOSS","R","$","E","BOSS"],"build_version":"2019-02-06","purchased_purges":3,"victory":true,"max_hp_per_floor":[75,75,75,85,85,85,85,90,90,90,100,100,107,107,107,107,107,107,107,107,107,107,107,107,107,107,107,107,107,107,107,107,107,107,107,107,107,102,102,102,102,102,102,102,102,102,102,102,102,102,102,102,102,102,102],"card_choices":[{"not_picked":["Leap","Undo"],"picked":"Coolheaded","floor":1},{"not_picked":["Heatsinks","Coolheaded"],"picked":"Gash","floor":2},{"not_picked":["Recycle","Doom and Gloom"],"picked":"Hologram","floor":5},{"not_picked":["Reprogram","Go for the Eyes"],"picked":"Scrape","floor":6},{"not_picked":["Fission","Redo"],"picked":"Hologram","floor":10},{"not_picked":["Blizzard","FTL"],"picked":"Echo Form","floor":11},{"not_picked":["Barrage","Reprogram"],"picked":"Loop","floor":12},{"not_picked":["Reboot","Barrage"],"picked":"Leap","floor":13},{"not_picked":["Amplify","Machine Learning"],"picked":"Fission","floor":16},{"not_picked":["Redo","Leap","Beam Cell"],"picked":"SKIP","floor":18},{"not_picked":["Hologram","Compile Driver"],"picked":"Conserve Battery","floor":19},{"not_picked":["Go for the Eyes","Heatsinks+1"],"picked":"Auto Shields+1","floor":20},{"not_picked":["Hologram","Rebound"],"picked":"Conserve Battery","floor":21},{"not_picked":["Steam","Recycle"],"picked":"Hologram+1","floor":22},{"not_picked":["Hologram","Reprogram+1"],"picked":"Rainbow","floor":23},{"not_picked":["Sweeping Beam","Hyperbeam"],"picked":"Doom and Gloom","floor":25},{"not_picked":["Stack","Redo"],"picked":"Sunder","floor":27},{"not_picked":["Leap+1","Streamline+1"],"picked":"Force Field","floor":28},{"not_picked":["Stack","Hologram","Ball Lightning"],"picked":"SKIP","floor":30},{"not_picked":["Loop","Streamline"],"picked":"Electrodynamics","floor":31},{"not_picked":["Multi-Cast","Seek"],"picked":"All For One","floor":33},{"not_picked":["Compile Driver+1","Ball Lightning","Coolheaded"],"picked":"SKIP","floor":35},{"not_picked":["Coolheaded+1","Ball Lightning+1"],"picked":"Turbo+1","floor":40},{"not_picked":["Streamline+1","Steam"],"picked":"Doom and Gloom+1","floor":41},{"not_picked":["Reprogram+1","Leap","Double Energy"],"picked":"SKIP","floor":42},{"not_picked":["Hologram","Reinforced Body+1"],"picked":"Force Field+1","floor":44},{"not_picked":["Tempest","Steam"],"picked":"Defragment+1","floor":45},{"not_picked":["Conserve Battery","Aggregate+1","Go for the Eyes+1"],"picked":"SKIP","floor":46},{"not_picked":["Hologram+1","Electrodynamics"],"picked":"Glacier+1","floor":47},{"not_picked":["Streamline","Recycle"],"picked":"Heatsinks+1","floor":48},{"not_picked":["Lockon+1","Self Repair+1"],"picked":"Hello World+1","floor":52},{"not_picked":["Self Repair","Chill"],"picked":"Coolheaded+1","floor":54}],"player_experience":4577616,"relics_obtained":[{"floor":6,"key":"Lantern"},{"floor":11,"key":"Pear"},{"floor":13,"key":"Strawberry"},{"floor":20,"key":"Red Mask"},{"floor":23,"key":"Art of War"},{"floor":25,"key":"Bag of Marbles"},{"floor":26,"key":"Smiling Mask"},{"floor":27,"key":"Dead Branch"},{"floor":27,"key":"Shuriken"},{"floor":28,"key":"Oddly Smooth Stone"},{"floor":31,"key":"WingedGreaves"},{"floor":39,"key":"Whetstone"},{"floor":40,"key":"Boot"},{"floor":41,"key":"Unceasing Top"},{"floor":43,"key":"Bag of Preparation"},{"floor":44,"key":"Du-Vu Doll"},{"floor":46,"key":"Mummified Hand"},{"floor":47,"key":"Dream Catcher"},{"floor":54,"key":"Centennial Puzzle"}],"event_choices":[{"damage_healed":0,"gold_gain":0,"player_choice":"Grow","damage_taken":0,"max_hp_gain":0,"max_hp_loss":0,"event_name":"Living Wall","floor":3,"gold_loss":0,"cards_upgraded":["Coolheaded"]},{"damage_healed":0,"gold_gain":0,"player_choice":"Got Potions","damage_taken":0,"max_hp_gain":0,"max_hp_loss":0,"event_name":"Lab","floor":4,"gold_loss":0},{"damage_healed":0,"gold_gain":0,"player_choice":"Donut","damage_taken":0,"max_hp_gain":5,"max_hp_loss":0,"event_name":"Big Fish","floor":8,"gold_loss":0},{"damage_healed":0,"gold_gain":0,"player_choice":"Fought Bandits","damage_taken":0,"max_hp_gain":0,"max_hp_loss":0,"event_name":"Masked Bandits","floor":20,"gold_loss":0},{"damage_healed":0,"gold_gain":0,"player_choice":"Fight","damage_taken":0,"max_hp_gain":0,"max_hp_loss":0,"event_name":"Colosseum","floor":27,"gold_loss":0},{"damage_healed":0,"gold_gain":0,"player_choice":"Fought Nobs","damage_taken":0,"max_hp_gain":0,"max_hp_loss":0,"event_name":"Colosseum","floor":27,"gold_loss":0},{"damage_healed":0,"gold_gain":0,"player_choice":"Ignored","damage_taken":0,"max_hp_gain":0,"max_hp_loss":0,"event_name":"NoteForYourself","floor":36,"gold_loss":0},{"damage_healed":0,"gold_gain":0,"player_choice":"Max HP","damage_taken":0,"max_hp_gain":0,"max_hp_loss":5,"event_name":"Winding Halls","floor":38,"gold_loss":0}],"is_beta":true,"boss_relics":[{"not_picked":["Astrolabe","Pandora\u0027s Box"],"picked":"Snecko Eye"},{"not_picked":["Tiny House","Runic Pyramid"],"picked":"Fusion Hammer"}],"items_purged_floors":[14,37,53],"is_endless":false,"potions_floor_spawned":[2,10,13,22,23,27,30,31,33,41,45,46],"ascension_level":1}