{"gold_per_floor":[118,133,143,163,176,176,176,189,216,216,247,247],"floor_reached":12,"playtime":241,"items_purged":[],"score":111,"play_id":"c78008b0-d684-4f83-861e-8eb1fa3b19f6","local_time":"20181229233828","is_ascension_mode":true,"campfire_choices":[{"data":"Static Discharge","floor":7,"key":"SMITH"},{"floor":10,"key":"REST"}],"neow_cost":"NONE","seed_source_timestamp":703050976612503,"circlet_count":0,"master_deck":["Strike_B","Strike_B","Strike_B","Strike_B","Defend_B","Defend_B","Defend_B","Defend_B","Zap","Dualcast","Static Discharge+1","Auto Shields","Doom and Gloom","Tempest","Streamline","Glacier","Tempest"],"relics":["Cracked Core","NeowsBlessing","Question Card","Oddly Smooth Stone","Mummified Hand"],"potions_floor_usage":[11,12],"damage_taken":[{"damage":0,"enemies":"Cultist","floor":1,"turns":1},{"damage":0,"enemies":"Jaw Worm","floor":2,"turns":1},{"damage":0,"enemies":"Small Slimes","floor":3,"turns":1},{"damage":11,"enemies":"3 Louse","floor":4,"turns":4},{"damage":6,"enemies":"Looter","floor":5,"turns":3},{"damage":26,"enemies":"Gremlin Gang","floor":8,"turns":3},{"damage":34,"enemies":"Lagavulin","floor":11,"turns":4},{"damage":16,"enemies":"Lagavulin Event","floor":12,"turns":5}],"seed_played":"-324209988718677744","potions_obtained":[{"floor":3,"key":"Weak Potion"},{"floor":8,"key":"AttackPotion"}],"is_trial":false,"path_per_floor":["M","M","M","M","M","T","R","M","T","R","E","?"],"character_chosen":"DEFECT","items_purchased":[],"campfire_rested":1,"item_purchase_floors":[],"current_hp_per_floor":[68,68,68,57,51,51,51,25,25,47,13,0],"gold":247,"neow_bonus":"THREE_ENEMY_KILL","is_prod":false,"is_daily":false,"chose_seed":false,"campfire_upgraded":1,"win_rate":0,"timestamp":1546137508,"path_taken":["M","?","M","?","?","?","R","M","T","R","E","?"],"build_version":"2018-12-20","purchased_purges":0,"victory":false,"max_hp_per_floor":[75,75,75,75,75,75,75,75,75,75,75,75],"card_choices":[{"not_picked":["Hologram","BootSequence"],"picked":"Static Discharge","floor":1},{"not_picked":["Hologram","Force Field"],"picked":"Auto Shields","floor":2},{"not_picked":["Stack","Fusion"],"picked":"Doom and Gloom","floor":3},{"not_picked":["Rebound","Hologram"],"picked":"Tempest","floor":4},{"not_picked":["Fission","Rebound"],"picked":"Streamline","floor":5},{"not_picked":["Aggregate","Reprogram","Gash"],"picked":"Glacier","floor":8},{"not_picked":["Barrage","Cold Snap","Genetic Algorithm"],"picked":"Tempest","floor":11}],"player_experience":570143,"relics_obtained":[{"floor":6,"key":"Question Card"},{"floor":9,"key":"Oddly Smooth Stone"},{"floor":11,"key":"Mummified Hand"}],"event_choices":[{"damage_healed":0,"gold_gain":0,"player_choice":"Searched \u00271\u0027 times","damage_taken":0,"max_hp_gain":0,"max_hp_loss":0,"event_name":"Dead Adventurer","floor":12,"gold_loss":0}],"is_beta":false,"boss_relics":[],"items_purged_floors":[],"is_endless":false,"potions_floor_spawned":[3,8],"killed_by":"Lagavulin Event","ascension_level":7}