{"gold_per_floor":[111,129,145,163,182,182,193,222,222,222,256,275,289,259,259,363,363,377,21,33,51,64,97,97,117,143,143,153,169,201,214,214,318,318,338,353,82,96,96,96,124,124,124,124,124,124,137,157,157,157,157,157,76,110,110],"floor_reached":56,"playtime":3027,"items_purged":["Regret"],"score":1658,"play_id":"3b6404b0-bb20-4b62-94a5-88f8bd464189","local_time":"20190224135012","is_ascension_mode":true,"campfire_choices":[{"data":"Feed","floor":6,"key":"SMITH"},{"floor":10,"key":"REST"},{"floor":15,"key":"REST"},{"data":"Exhume","floor":24,"key":"SMITH"},{"floor":27,"key":"REST"},{"floor":32,"key":"RECALL"},{"data":"Metallicize","floor":40,"key":"SMITH"},{"floor":42,"key":"REST"},{"data":"Madness","floor":45,"key":"SMITH"},{"floor":49,"key":"REST"},{"floor":52,"key":"REST"}],"neow_cost":"PERCENT_DAMAGE","seed_source_timestamp":862298873838614,"circlet_count":0,"master_deck":["Strike_R","Strike_R","Strike_R","Strike_R","Strike_R","Defend_R","Defend_R","Defend_R","Defend_R","Bash","Feed+1","Thunderclap","Metallicize+1","True Grit","Sword Boomerang","Headbutt","Shockwave","Reaper","Metallicize","Seeing Red","Exhume+1","Pummel","Sword Boomerang","Thunderclap+1","Battle Trance","Inflame","Pummel","Armaments","Iron Wave","Armaments","Offering","Shockwave+1","Shrug It Off","Uppercut+1","Body Slam+1","Writhe","Madness+1","Madness+1","Rage+1","Feel No Pain"],"relics":["Burning Blood","Odd Mushroom","Pen Nib","Vajra","Cursed Key","DollysMirror","PreservedInsect","Red Skull","Self Forming Clay","Busted Crown","Strawberry","Bronze Scales","Blue Candle","Anchor"],"potions_floor_usage":[4,8,12,12,13,16,16,20,23,28,30,30,31,33,35,55,55,55],"damage_taken":[{"damage":6,"enemies":"Cultist","floor":1,"turns":3},{"damage":16,"enemies":"Jaw Worm","floor":2,"turns":4},{"damage":0,"enemies":"2 Louse","floor":3,"turns":2},{"damage":10,"enemies":"Looter","floor":4,"turns":5},{"damage":18,"enemies":"Gremlin Gang","floor":5,"turns":6},{"damage":9,"enemies":"2 Fungi Beasts","floor":7,"turns":3},{"damage":23,"enemies":"The Mushroom Lair","floor":8,"turns":4},{"damage":39,"enemies":"3 Sentries","floor":11,"turns":8},{"damage":19,"enemies":"Exordium Wildlife","floor":12,"turns":5},{"damage":20,"enemies":"Exordium Thugs","floor":13,"turns":4},{"damage":42,"enemies":"Slime Boss","floor":16,"turns":9},{"damage":0,"enemies":"Chosen","floor":18,"turns":4},{"damage":7,"enemies":"Shell Parasite","floor":20,"turns":4},{"damage":28,"enemies":"Centurion and Healer","floor":21,"turns":5},{"damage":31,"enemies":"Snecko","floor":22,"turns":5},{"damage":15,"enemies":"Gremlin Leader","floor":23,"turns":4},{"damage":40,"enemies":"Snake Plant","floor":25,"turns":5},{"damage":8,"enemies":"Centurion and Healer","floor":28,"turns":5},{"damage":24,"enemies":"Chosen and Byrds","floor":29,"turns":5},{"damage":36,"enemies":"Book of Stabbing","floor":30,"turns":4},{"damage":13,"enemies":"3 Cultists","floor":31,"turns":5},{"damage":67,"enemies":"Champ","floor":33,"turns":13},{"damage":45,"enemies":"3 Darklings","floor":35,"turns":5},{"damage":4,"enemies":"Orb Walker","floor":36,"turns":3},{"damage":49,"enemies":"Jaw Worm Horde","floor":38,"turns":6},{"damage":40,"enemies":"Nemesis","floor":41,"turns":7},{"damage":15,"enemies":"3 Darklings","floor":47,"turns":4},{"damage":41,"enemies":"Transient","floor":48,"turns":5},{"damage":121,"enemies":"Awakened One","floor":50,"turns":15},{"damage":129,"enemies":"Shield and Spear","floor":54,"turns":7},{"damage":112,"enemies":"The Heart","floor":55,"turns":11}],"seed_played":"-2296309068997419355","potions_obtained":[{"floor":1,"key":"Energy Potion"},{"floor":5,"key":"Poison Potion"},{"floor":7,"key":"Poison Potion"},{"floor":8,"key":"SpeedPotion"},{"floor":11,"key":"FearPotion"},{"floor":12,"key":"LiquidBronze"},{"floor":14,"key":"AttackPotion"},{"floor":14,"key":"SkillPotion"},{"floor":18,"key":"SkillPotion"},{"floor":21,"key":"PowerPotion"},{"floor":25,"key":"Block Potion"},{"floor":29,"key":"Block Potion"},{"floor":30,"key":"Weak Potion"},{"floor":31,"key":"FearPotion"},{"floor":33,"key":"AttackPotion"},{"floor":38,"key":"Dexterity Potion"},{"floor":48,"key":"LiquidBronze"},{"floor":54,"key":"Ancient Potion"}],"is_trial":false,"path_per_floor":["M","M","M","M","M","R","M","?","T","R","E","M","M","?","R","B",null,"M","$","M","M","M","E","R","M","T","R","M","M","E","M","R","B",null,"M","M","$","M","?","R","E","R","T","?","R","?","M","M","R","B",null,"R","$","E","B",null],"character_chosen":"IRONCLAD","items_purchased":["DollysMirror","PreservedInsect","Strawberry","Shrug It Off","Feel No Pain"],"campfire_rested":6,"item_purchase_floors":[19,19,37,37,53],"current_hp_per_floor":[54,47,56,55,46,46,47,30,30,59,30,28,14,14,46,21,89,106,106,109,95,84,90,90,67,67,107,119,116,93,107,107,46,128,108,119,126,130,130,130,106,159,159,137,137,137,132,102,156,48,149,182,182,107,8],"gold":110,"neow_bonus":"THREE_RARE_CARDS","is_prod":false,"is_daily":false,"chose_seed":false,"campfire_upgraded":4,"win_rate":0,"timestamp":1551027012,"path_taken":["M","M","M","M","M","R","?","?","T","R","E","M","M","?","R","BOSS","M","$","M","?","M","E","R","M","T","R","M","M","E","M","R","BOSS","M","M","$","M","?","R","E","R","T","?","R","?","M","M","R","BOSS","R","$","E","BOSS"],"build_version":"2019-01-23","purchased_purges":1,"victory":true,"max_hp_per_floor":[83,86,89,92,95,95,99,99,99,99,103,107,107,107,107,111,111,115,115,119,127,131,131,131,135,135,135,139,147,147,155,155,155,155,159,163,170,178,178,178,178,178,178,178,178,178,182,182,182,182,182,182,182,182,182],"card_choices":[{"not_picked":["Offering","Dark Embrace"],"picked":"Feed","floor":0},{"not_picked":["Blood for Blood","Ghostly Armor"],"picked":"Thunderclap","floor":1},{"not_picked":["Feel No Pain","Uppercut"],"picked":"Metallicize","floor":2},{"not_picked":["Carnage","Searing Blow"],"picked":"True Grit","floor":3},{"not_picked":["Heavy Blade","Flex"],"picked":"Sword Boomerang","floor":4},{"not_picked":["Ghostly Armor","Bloodletting"],"picked":"Headbutt","floor":5},{"not_picked":["Thunderclap","Heavy Blade","Burning Pact"],"picked":"SKIP","floor":7},{"not_picked":["Heavy Blade","Warcry"],"picked":"Shockwave","floor":8},{"not_picked":["Intimidate","Thunderclap"],"picked":"Reaper","floor":11},{"not_picked":["True Grit","Body Slam"],"picked":"Metallicize","floor":12},{"not_picked":["Fire Breathing","Intimidate"],"picked":"Seeing Red","floor":13},{"not_picked":["Immolate","Limit Break"],"picked":"Exhume","floor":16},{"not_picked":["Anger","Blood for Blood"],"picked":"Pummel","floor":18},{"not_picked":["Whirlwind","Wild Strike"],"picked":"Sword Boomerang","floor":20},{"not_picked":["Second Wind","Twin Strike","Anger"],"picked":"SKIP","floor":21},{"not_picked":["Dark Embrace","Combust"],"picked":"Thunderclap+1","floor":22},{"not_picked":["Iron Wave","Rampage"],"picked":"Battle Trance","floor":23},{"not_picked":["Reckless Charge","Hemokinesis"],"picked":"Inflame","floor":25},{"not_picked":["Cleave","Thunderclap"],"picked":"Pummel","floor":28},{"not_picked":["Perfected Strike","Wild Strike"],"picked":"Armaments","floor":29},{"not_picked":["Rupture+1","Clothesline"],"picked":"Iron Wave","floor":30},{"not_picked":["Disarm","Iron Wave"],"picked":"Armaments","floor":31},{"not_picked":["Bludgeon","Fiend Fire"],"picked":"Offering","floor":33},{"not_picked":[],"picked":"Shockwave+1","floor":35},{"not_picked":["Wild Strike+1"],"picked":"SKIP","floor":36},{"not_picked":[],"picked":"Uppercut+1","floor":38},{"not_picked":[],"picked":"Body Slam+1","floor":41},{"not_picked":[],"picked":"Rage+1","floor":47},{"not_picked":["Evolve"],"picked":"SKIP","floor":48},{"not_picked":["Sever Soul+1"],"picked":"SKIP","floor":54}],"player_experience":854614,"relics_obtained":[{"floor":8,"key":"Odd Mushroom"},{"floor":9,"key":"Pen Nib"},{"floor":11,"key":"Vajra"},{"floor":23,"key":"Red Skull"},{"floor":30,"key":"Self Forming Clay"},{"floor":41,"key":"Bronze Scales"},{"floor":43,"key":"Blue Candle"},{"floor":54,"key":"Anchor"}],"event_choices":[{"damage_healed":0,"gold_gain":0,"player_choice":"Fought Mushrooms","damage_taken":0,"max_hp_gain":0,"max_hp_loss":0,"event_name":"Mushrooms","floor":8,"gold_loss":0},{"damage_healed":0,"gold_gain":0,"player_choice":"Bought 2 Potions","damage_taken":0,"max_hp_gain":0,"max_hp_loss":0,"event_name":"The Woman in Blue","floor":14,"gold_loss":0},{"cards_removed":["Feed"],"damage_healed":0,"gold_gain":0,"player_choice":"Removed Attack","damage_taken":0,"max_hp_gain":0,"max_hp_loss":0,"event_name":"Falling","floor":39,"gold_loss":0},{"damage_healed":0,"gold_gain":0,"player_choice":"Embrace Madness","damage_taken":22,"max_hp_gain":0,"max_hp_loss":0,"event_name":"Winding Halls","floor":44,"gold_loss":0,"cards_obtained":["Madness","Madness"]},{"damage_healed":0,"gold_gain":0,"player_choice":"Forge","damage_taken":0,"max_hp_gain":0,"max_hp_loss":0,"event_name":"Accursed Blacksmith","floor":46,"gold_loss":0,"cards_upgraded":["Madness"]}],"is_beta":false,"boss_relics":[{"not_picked":["White Beast Statue","Eternal Feather"],"picked":"Cursed Key"},{"not_picked":["Sozu","Runic Dome"],"picked":"Busted Crown"}],"items_purged_floors":[37],"is_endless":false,"potions_floor_spawned":[1,5,7,8,11,12,18,21,25,29,30,31,33,38,48,54],"ascension_level":9}