{"gold_per_floor":[117,37,37,51,51,51,67,67,92,103,133,167,167,195,195,290,290,303,228,228,228,228,228,76,76],"floor_reached":25,"playtime":588,"items_purged":[],"score":357,"play_id":"a6215dbd-4afd-4776-ad2f-891ba632b046","local_time":"20190126211804","is_ascension_mode":true,"campfire_choices":[{"data":"Double Energy","floor":6,"key":"SMITH"},{"data":"Double Energy","floor":8,"key":"SMITH"},{"floor":13,"key":"REST"},{"floor":15,"key":"REST"},{"floor":23,"key":"REST"}],"neow_cost":"NONE","seed_source_timestamp":343157924676954,"circlet_count":0,"master_deck":["Strike_B","Strike_B","Strike_B","Defend_B","Defend_B","Defend_B","Defend_B","Zap","Dualcast","Double Energy+1","Defragment+1","Steam Power","Double Energy+1","Sunder","Ball Lightning","Steam Power","Meteor Strike","Self Repair"],"relics":["Cracked Core","Pantograph","Odd Mushroom","Singing Bowl","Ornamental Fan","Black Star","Blood Vial","Enchiridion","DataDisk"],"potions_floor_usage":[16,16,18,25,25],"damage_taken":[{"damage":5,"enemies":"Small Slimes","floor":1,"turns":4},{"damage":5,"enemies":"Cultist","floor":4,"turns":4},{"damage":7,"enemies":"Jaw Worm","floor":7,"turns":4},{"damage":7,"enemies":"Large Slime","floor":10,"turns":5},{"damage":18,"enemies":"The Mushroom Lair","floor":11,"turns":3},{"damage":10,"enemies":"3 Sentries","floor":12,"turns":6},{"damage":18,"enemies":"Gremlin Nob","floor":14,"turns":3},{"damage":0,"enemies":"Slime Boss","floor":16,"turns":6},{"damage":37,"enemies":"2 Thieves","floor":18,"turns":5},{"damage":60,"enemies":"Slavers","floor":25,"turns":3}],"seed_played":"-8954500598051312961","potions_obtained":[{"floor":1,"key":"Energy Potion"},{"floor":11,"key":"GamblersBrew"},{"floor":12,"key":"Explosive Potion"},{"floor":16,"key":"SpeedPotion"},{"floor":18,"key":"Dexterity Potion"}],"is_trial":false,"path_per_floor":["M","$","?","M","?","R","M","R","T","M","?","E","R","E","R","B",null,"M","?","?","?","$","R","$","E"],"character_chosen":"DEFECT","items_purchased":["Defragment","DataDisk"],"campfire_rested":3,"item_purchase_floors":[2,24],"current_hp_per_floor":[70,70,70,65,62,62,55,55,55,48,30,22,47,29,54,79,83,46,46,46,30,30,55,55,0],"gold":76,"neow_bonus":"TEN_PERCENT_HP_BONUS","is_prod":false,"is_daily":false,"chose_seed":false,"campfire_upgraded":2,"win_rate":0,"timestamp":1548548284,"path_taken":["M","$","?","?","?","R","M","R","T","M","?","E","R","E","R","BOSS","M","?","?","?","?","R","$","E"],"build_version":"2019-01-23","purchased_purges":0,"victory":false,"max_hp_per_floor":[82,82,82,82,82,82,82,82,82,82,82,84,84,84,84,84,84,84,84,84,84,84,84,84,84],"card_choices":[{"not_picked":["Hello World","Go for the Eyes"],"picked":"Double Energy","floor":1},{"not_picked":["Redo","Cold Snap"],"picked":"Steam Power","floor":4},{"not_picked":["Beam Cell","Ball Lightning"],"picked":"Double Energy","floor":7},{"not_picked":["Gash","Rip and Tear"],"picked":"Sunder","floor":10},{"not_picked":["Rip and Tear","Go for the Eyes"],"picked":"Ball Lightning","floor":11},{"not_picked":["Melter","Rebound","Turbo"],"picked":"Singing Bowl","floor":12},{"not_picked":["Beam Cell","Barrage"],"picked":"Steam Power","floor":14},{"not_picked":["Reboot","All For One"],"picked":"Meteor Strike","floor":16},{"not_picked":["Darkness+1","Beam Cell"],"picked":"Self Repair","floor":18}],"player_experience":676557,"relics_obtained":[{"floor":11,"key":"Odd Mushroom"},{"floor":12,"key":"Singing Bowl"},{"floor":14,"key":"Ornamental Fan"},{"floor":21,"key":"Enchiridion"}],"event_choices":[{"damage_healed":0,"gold_gain":0,"player_choice":"Forge","damage_taken":0,"max_hp_gain":0,"max_hp_loss":0,"event_name":"Accursed Blacksmith","floor":3,"gold_loss":0,"cards_upgraded":["Defragment"]},{"damage_healed":0,"gold_gain":0,"player_choice":"Success","damage_taken":3,"relics_obtained":["Pantograph"],"max_hp_gain":0,"max_hp_loss":0,"event_name":"Scrap Ooze","floor":5,"gold_loss":0},{"damage_healed":0,"gold_gain":0,"player_choice":"Fought Mushrooms","damage_taken":0,"max_hp_gain":0,"max_hp_loss":0,"event_name":"Mushrooms","floor":11,"gold_loss":0},{"cards_removed":["Strike_B"],"damage_healed":0,"gold_gain":0,"player_choice":"Gave Gold","damage_taken":0,"max_hp_gain":0,"max_hp_loss":0,"event_name":"Beggar","floor":19,"gold_loss":75},{"damage_healed":0,"gold_gain":0,"player_choice":"Opened","damage_taken":0,"relics_obtained":["Blood Vial"],"max_hp_gain":0,"max_hp_loss":0,"event_name":"The Mausoleum","floor":20,"gold_loss":0},{"damage_healed":0,"gold_gain":0,"player_choice":"Obtained Book","damage_taken":16,"max_hp_gain":0,"max_hp_loss":0,"event_name":"Cursed Tome","floor":21,"gold_loss":0}],"is_beta":false,"boss_relics":[{"not_picked":["Eternal Feather","Runic Pyramid"],"picked":"Black Star"}],"items_purged_floors":[],"is_endless":false,"potions_floor_spawned":[1,11,12,16,18],"killed_by":"Slavers","ascension_level":8}