{"path_per_floor":["M","M","?","?","M","R","E","R","T","?","M","M","$","E","R","B",null,"M","?","M","M","M","R","$","?","T","E","R","?","M","E","R","B",null,"M","?","?","$","?","R","E","R","T","E","$","E","T","M","R","B"],"character_chosen":"IRONCLAD","items_purchased":["Apotheosis","Flex","Orichalcum","Flex","Kunai","Happy Flower","Inflame"],"gold_per_floor":[112,130,130,305,317,317,352,352,352,352,370,382,7,38,38,143,143,155,186,198,211,225,225,171,171,194,250,250,350,370,396,396,495,495,505,505,505,63,63,63,91,91,91,122,45,72,72,85,85,85],"floor_reached":51,"campfire_rested":4,"playtime":3222,"item_purchase_floors":[13,13,13,24,38,38,45],"current_hp_per_floor":[80,80,77,77,76,76,54,54,54,47,53,48,48,43,67,46,80,76,77,79,72,78,78,78,78,78,70,70,70,75,77,77,33,82,82,72,41,41,41,66,70,86,86,77,77,71,71,68,88,59],"items_purged":["Writhe","Decay"],"gold":85,"score":1099,"play_id":"c526fa73-28bc-450d-8187-80780230206a","local_time":"20180608191645","is_prod":false,"is_daily":false,"chose_seed":false,"is_ascension_mode":true,"campfire_upgraded":2,"win_rate":0,"timestamp":1528496205,"campfire_choices":[{"data":"1","floor":6,"key":"LIFT"},{"data":"2","floor":8,"key":"LIFT"},{"floor":15,"key":"REST"},{"data":"3","floor":23,"key":"LIFT"},{"data":"Apotheosis","floor":28,"key":"SMITH"},{"data":"Flex","floor":32,"key":"SMITH"},{"floor":40,"key":"REST"},{"floor":42,"key":"REST"},{"floor":49,"key":"REST"}],"path_taken":["M","M","?","?","M","R","E","R","T","?","?","M","$","E","R","BOSS","M","?","M","?","M","R","$","?","T","E","R","?","M","E","R","BOSS","M","?","?","$","?","R","E","R","T","E","$","E","?","?","R","BOSS"],"build_version":"2018-06-07v3","seed_source_timestamp":337626013607390,"purchased_purges":2,"victory":true,"master_deck":["Strike_R","Strike_R","Strike_R","Strike_R","Strike_R","Defend_R+1","Defend_R","Defend_R","Defend_R","Bash","Inflame","Pummel","Shrug It Off+1","Twin Strike","Seeing Red","Seeing Red","Apotheosis+1","Flex+1","Headbutt","Offering","Thunderclap+1","Pommel Strike+1","Feel No Pain+1","Thunderclap+1","Metallicize+1","Flex","Pommel Strike","Iron Wave","Exhume","Injury","Fire Breathing+1","Madness","Madness","Iron Wave+1","Inflame","Intimidate"],"max_hp_per_floor":[80,80,80,80,80,80,80,80,80,80,80,80,80,80,80,80,80,80,80,80,80,80,80,80,80,80,80,80,80,80,82,82,82,82,82,82,84,84,84,84,86,86,86,86,86,86,86,88,88,88],"relics":["Burning Blood","Ancient Tea Set","Girya","War Paint","Smiling Mask","Orichalcum","Toolbox","Busted Crown","Red Mask","Bag of Marbles","Tiny Chest","Singing Bowl","Calling Bell","Potion Belt","Gremlin Horn","Ice Cream","Champion Belt","Kunai","Happy Flower","Bronze Scales","Ginger","The Courier","Self Forming Clay","Pen Nib"],"card_choices":[{"not_picked":["Twin Strike","Perfected Strike"],"picked":"Inflame","floor":1},{"not_picked":["Clash","Perfected Strike"],"picked":"Pummel","floor":2},{"not_picked":["Wild Strike","Clash"],"picked":"Shrug It Off","floor":5},{"not_picked":["Sentinel","Juggernaut"],"picked":"Twin Strike","floor":7},{"not_picked":["Armaments","Body Slam"],"picked":"Seeing Red","floor":11},{"not_picked":["Havoc","Ghostly Armor"],"picked":"Seeing Red","floor":12},{"not_picked":["Burning Pact","Pommel Strike"],"picked":"Headbutt","floor":14},{"not_picked":["Reaper","Fiend Fire"],"picked":"Offering","floor":16},{"not_picked":[],"picked":"Thunderclap+1","floor":18},{"not_picked":[],"picked":"Pommel Strike+1","floor":19},{"not_picked":[],"picked":"Feel No Pain+1","floor":20},{"not_picked":[],"picked":"Thunderclap+1","floor":21},{"not_picked":[],"picked":"Metallicize+1","floor":22},{"not_picked":[],"picked":"Pommel Strike","floor":27},{"not_picked":[],"picked":"Iron Wave","floor":30},{"not_picked":["Body Slam"],"picked":"Singing Bowl","floor":31},{"not_picked":[],"picked":"Exhume","floor":33},{"not_picked":[],"picked":"Fire Breathing+1","floor":35},{"not_picked":["Anger"],"picked":"Singing Bowl","floor":37},{"not_picked":["Metallicize"],"picked":"Singing Bowl","floor":41},{"not_picked":[],"picked":"Iron Wave+1","floor":44},{"not_picked":[],"picked":"Intimidate","floor":46},{"not_picked":["Havoc"],"picked":"Singing Bowl","floor":48}],"player_experience":313369,"potions_floor_usage":[14,16,21,30,33,44,44,50],"damage_taken":[{"damage":0,"enemies":"Small Slimes","floor":1,"turns":3},{"damage":3,"enemies":"2 Louse","floor":2,"turns":3},{"damage":7,"enemies":"Jaw Worm","floor":5,"turns":4},{"damage":28,"enemies":"Gremlin Nob","floor":7,"turns":4},{"damage":0,"enemies":"Large Slime","floor":11,"turns":4},{"damage":11,"enemies":"Looter","floor":12,"turns":2},{"damage":11,"enemies":"3 Sentries","floor":14,"turns":8},{"damage":27,"enemies":"Slime Boss","floor":16,"turns":6},{"damage":10,"enemies":"Spheric Guardian","floor":18,"turns":3},{"damage":5,"floor":19,"turns":3},{"damage":4,"enemies":"Chosen","floor":20,"turns":3},{"damage":13,"enemies":"Snake Plant","floor":21,"turns":2},{"damage":0,"enemies":"Chosen and Byrds","floor":22,"turns":3},{"damage":14,"enemies":"Gremlin Leader","floor":27,"turns":3},{"damage":1,"enemies":"Snecko","floor":30,"turns":3},{"damage":11,"enemies":"Book of Stabbing","floor":31,"turns":3},{"damage":50,"enemies":"Collector","floor":33,"turns":6},{"damage":4,"enemies":"3 Shapes","floor":35,"turns":1},{"damage":39,"floor":37,"turns":7},{"damage":4,"enemies":"Giant Head","floor":41,"turns":6},{"damage":15,"enemies":"Nemesis","floor":44,"turns":5},{"damage":12,"enemies":"Giant Head","floor":46,"turns":6},{"damage":11,"enemies":"Orb Walker","floor":48,"turns":2},{"damage":35,"enemies":"Awakened One","floor":50,"turns":6}],"relics_obtained":[{"floor":7,"key":"War Paint"},{"floor":9,"key":"Smiling Mask"},{"floor":14,"key":"Toolbox"},{"floor":19,"key":"Red Mask"},{"floor":26,"key":"Bag of Marbles"},{"floor":27,"key":"Tiny Chest"},{"floor":31,"key":"Singing Bowl"},{"floor":34,"key":"Potion Belt"},{"floor":34,"key":"Gremlin Horn"},{"floor":34,"key":"Ice Cream"},{"floor":37,"key":"Champion Belt"},{"floor":41,"key":"Bronze Scales"},{"floor":43,"key":"Ginger"},{"floor":44,"key":"The Courier"},{"floor":46,"key":"Self Forming Clay"},{"floor":47,"key":"Pen Nib"}],"event_choices":[{"event_name":"Scrap Ooze","player_choice":"success","floor":3,"damage_taken":3},{"event_name":"Liars Game","player_choice":"agreed","floor":4,"damage_taken":0},{"event_name":"Golden Wing","player_choice":"Card Removal","floor":10,"damage_taken":0},{"event_name":"Masked Bandits","player_choice":"Fought over 155 gold","floor":19,"damage_taken":0},{"event_name":"N\u0027loth","player_choice":"Ignored","floor":25,"damage_taken":0},{"event_name":"Golden Shrine","player_choice":"Pray","floor":29,"damage_taken":0},{"event_name":"Winding Halls","player_choice":"Embrace Madness","floor":36,"damage_taken":0},{"event_name":"MindBloom","player_choice":"Fight","floor":37,"damage_taken":0},{"event_name":"The Moai Head","player_choice":"Ignored","floor":39,"damage_taken":0}],"boss_relics":[{"not_picked":["Pandora\u0027s Box","Runic Pyramid"],"picked":"Busted Crown"},{"not_picked":["Orrery","Lizard Tail"],"picked":"Calling Bell"}],"items_purged_floors":[38,45],"potions_floor_spawned":[7,11,16,20,21,30,31,35,41,48],"seed_played":"-8510206126246421283","ascension_level":2,"potions_obtained":[{"floor":7,"key":"Energy Potion"},{"floor":11,"key":"SkillPotion"},{"floor":16,"key":"Poison Potion"},{"floor":20,"key":"Poison Potion"},{"floor":21,"key":"PowerPotion"},{"floor":30,"key":"BloodPotion"},{"floor":31,"key":"BloodPotion"},{"floor":35,"key":"AttackPotion"},{"floor":41,"key":"GamblersBrew"},{"floor":48,"key":"Poison Potion"}],"is_trial":false}