{"gold_per_floor":[110,110,110,135,85,118,118,157,239,255,255,17,17,36,36,155,155,169,189,189,212,237,277,290,290],"floor_reached":25,"playtime":1334,"items_purged":["Clumsy"],"score":335,"play_id":"2fd046b7-392d-4a6d-ba0d-5320557794b6","local_time":"20190303153821","is_ascension_mode":true,"campfire_choices":[{"floor":7,"key":"REST"},{"data":"White Noise","floor":11,"key":"SMITH"},{"floor":13,"key":"REST"},{"data":"Coolheaded","floor":15,"key":"SMITH"}],"neow_cost":"CURSE","seed_source_timestamp":1475355955951945,"circlet_count":0,"master_deck":["Strike_B","Strike_B","Strike_B","Strike_B","Defend_B","Defend_B","Defend_B","Defend_B","Zap","Dualcast","Defragment+1","White Noise+1","Coolheaded+1","FTL","Creative AI","Hologram+1","Turbo+1","Seek"],"relics":["Cracked Core","Peace Pipe","Golden Idol","Happy Flower","Bag of Marbles","Membership Card","Runic Dome","MutagenicStrength","Bronze Scales","Ancient Tea Set"],"potions_floor_usage":[8,8,16,19,23],"damage_taken":[{"damage":2,"enemies":"2 Louse","floor":1,"turns":2},{"damage":2,"enemies":"Jaw Worm","floor":4,"turns":3},{"damage":40,"enemies":"Gremlin Nob","floor":6,"turns":4},{"damage":8,"enemies":"Lagavulin","floor":8,"turns":8},{"damage":5,"enemies":"Small Slimes","floor":10,"turns":3},{"damage":2,"enemies":"Looter","floor":14,"turns":3},{"damage":29,"enemies":"Hexaghost","floor":16,"turns":11},{"damage":4,"enemies":"Shell Parasite","floor":18,"turns":8},{"damage":23,"enemies":"2 Thieves","floor":19,"turns":5},{"damage":0,"enemies":"3 Cultists","floor":21,"turns":3},{"damage":28,"enemies":"Gremlin Leader","floor":23,"turns":8},{"damage":2,"enemies":"Centurion and Healer","floor":24,"turns":9},{"damage":10,"enemies":"Snecko","floor":25,"turns":5}],"seed_played":"-1586083738119903002","potions_obtained":[{"floor":1,"key":"EssenceOfSteel"},{"floor":4,"key":"Explosive Potion"},{"floor":6,"key":"EssenceOfSteel"},{"floor":10,"key":"GamblersBrew"},{"floor":18,"key":"SteroidPotion"},{"floor":23,"key":"LiquidBronze"}],"is_trial":false,"path_per_floor":["M","?","?","M","?","E","R","E","T","M","R","$","R","M","R","B",null,"M","M","?","M","T","E","M","M"],"character_chosen":"DEFECT","items_purchased":["Membership Card"],"campfire_rested":2,"item_purchase_floors":[12],"current_hp_per_floor":[66,66,66,64,64,24,46,38,38,33,33,33,55,53,53,24,62,58,35,35,35,35,7,5,0],"gold":290,"neow_bonus":"ONE_RARE_RELIC","is_prod":false,"is_daily":false,"chose_seed":false,"campfire_upgraded":2,"win_rate":0,"timestamp":1551638301,"path_taken":["M","?","?","?","?","E","R","E","T","M","R","$","R","M","R","BOSS","M","M","?","M","?","E","M","M"],"build_version":"2019-01-23","purchased_purges":1,"victory":false,"max_hp_per_floor":[75,75,75,75,75,75,75,75,75,75,75,75,75,75,75,75,75,75,75,75,75,75,75,75,75],"card_choices":[{"not_picked":["Stack","Hello World"],"picked":"Defragment","floor":1},{"not_picked":["Steam","Redo"],"picked":"White Noise","floor":4},{"not_picked":["Undo","Rebound"],"picked":"Coolheaded","floor":6},{"not_picked":["Reprogram","Go for the Eyes","Fusion"],"picked":"SKIP","floor":8},{"not_picked":["Beam Cell","Compile Driver"],"picked":"FTL","floor":10},{"not_picked":["Rebound","Blizzard","Aggregate"],"picked":"SKIP","floor":14},{"not_picked":["Hyperbeam","Buffer"],"picked":"Creative AI","floor":16},{"not_picked":["Conserve Battery","Lockon"],"picked":"Hologram+1","floor":18},{"not_picked":["Compile Driver","Barrage"],"picked":"Turbo+1","floor":19},{"not_picked":["Go for the Eyes+1","Barrage+1","Rebound"],"picked":"SKIP","floor":21},{"not_picked":["Recycle","Compile Driver"],"picked":"Seek","floor":23},{"not_picked":["Stack","Gash","Cold Snap"],"picked":"SKIP","floor":24}],"player_experience":877972,"relics_obtained":[{"floor":6,"key":"Happy Flower"},{"floor":8,"key":"Bag of Marbles"},{"floor":22,"key":"Bronze Scales"},{"floor":23,"key":"Ancient Tea Set"}],"event_choices":[{"damage_healed":0,"gold_gain":0,"player_choice":"Grow","damage_taken":0,"max_hp_gain":0,"max_hp_loss":0,"event_name":"Living Wall","floor":2,"gold_loss":0,"cards_upgraded":["Defragment"]},{"damage_healed":0,"gold_gain":0,"player_choice":"Take Wound","damage_taken":0,"relics_obtained":["Golden Idol"],"max_hp_gain":0,"max_hp_loss":0,"event_name":"Golden Idol","floor":3,"gold_loss":0,"cards_obtained":["Injury"]},{"cards_removed":["Injury"],"damage_healed":0,"gold_gain":0,"player_choice":"Card Removal","damage_taken":0,"max_hp_gain":0,"max_hp_loss":0,"event_name":"The Cleric","floor":5,"gold_loss":50},{"damage_healed":0,"gold_gain":0,"player_choice":"Inject Mutagens","damage_taken":0,"relics_obtained":["MutagenicStrength"],"max_hp_gain":0,"max_hp_loss":0,"event_name":"Drug Dealer","floor":20,"gold_loss":0}],"is_beta":false,"boss_relics":[{"not_picked":["Lizard Tail","Ectoplasm"],"picked":"Runic Dome"}],"items_purged_floors":[12],"is_endless":false,"potions_floor_spawned":[1,4,6,10,18,23],"killed_by":"Snecko","ascension_level":9}