{"gold_per_floor":[110,110,125,200,5,5,30,49,104,104,132,132,152,152,152,248,248,266,285,285,90,109,109,135,135,135,146,146],"floor_reached":28,"playtime":783,"items_purged":[],"score":336,"play_id":"114eb2be-98a4-4b8e-83f3-5e2495f3c50f","local_time":"20190120234734","is_ascension_mode":true,"campfire_choices":[{"data":"Terror","floor":6,"key":"SMITH"},{"data":"Envenom","floor":10,"key":"SMITH"},{"data":"Neutralize","floor":12,"key":"SMITH"},{"data":"Catalyst","floor":15,"key":"SMITH"},{"floor":23,"key":"REST"},{"floor":25,"key":"REST"}],"neow_cost":"NONE","seed_source_timestamp":647589810634411,"circlet_count":0,"master_deck":["Defend_G","Defend_G","Defend_G","Defend_G","Defend_G","Strike_G","Strike_G","Strike_G","Strike_G","Survivor","Neutralize+1","Masterful Stab","Envenom+1","Deadly Poison","Terror+1","Deadly Poison","Well Laid Plans","Masterful Stab","Catalyst+1","Bullet Time","Riddle With Holes","Distraction","Envenom+1","Blade Dance","All Out Attack","Poisoned Stab"],"relics":["Ring of the Serpent","NeowsBlessing","Blood Vial","Juzu Bracelet","Snake Skull","Potion Belt","Odd Mushroom","Happy Flower","Boot","The Courier"],"potions_floor_usage":[16,16,19,22,24,24,28],"damage_taken":[{"damage":0,"enemies":"Jaw Worm","floor":1,"turns":1},{"damage":0,"enemies":"Cultist","floor":3,"turns":1},{"damage":0,"enemies":"Lagavulin","floor":7,"turns":1},{"damage":0,"enemies":"Small Slimes","floor":8,"turns":3},{"damage":10,"enemies":"Gremlin Nob","floor":11,"turns":3},{"damage":23,"enemies":"The Mushroom Lair","floor":13,"turns":4},{"damage":38,"enemies":"Slime Boss","floor":16,"turns":4},{"damage":26,"enemies":"2 Thieves","floor":18,"turns":4},{"damage":19,"enemies":"Spheric Guardian","floor":19,"turns":4},{"damage":12,"enemies":"Snake Plant","floor":22,"turns":3},{"damage":30,"enemies":"Gremlin Leader","floor":24,"turns":3},{"damage":29,"enemies":"Centurion and Healer","floor":27,"turns":5},{"damage":8,"enemies":"Snecko","floor":28,"turns":2}],"seed_played":"6934552433238811704","potions_obtained":[{"floor":1,"key":"Poison Potion"},{"floor":7,"key":"Poison Potion"},{"floor":11,"key":"Regen Potion"},{"floor":16,"key":"Energy Potion"},{"floor":19,"key":"EssenceOfSteel"},{"floor":22,"key":"Regen Potion"},{"floor":24,"key":"Weak Potion"}],"is_trial":false,"path_per_floor":["M","?","M","?","$","R","E","M","T","R","E","R","?","?","R","B",null,"M","M","?","$","M","R","E","R","T","M","M"],"character_chosen":"THE_SILENT","items_purchased":["Blood Vial","Terror","Blade Dance","Boot"],"campfire_rested":2,"item_purchase_floors":[5,5,21,21],"current_hp_per_floor":[70,70,70,59,59,59,61,63,63,63,55,55,34,34,34,7,54,30,13,13,13,3,24,8,29,29,2,0],"gold":146,"neow_bonus":"THREE_ENEMY_KILL","is_prod":false,"is_daily":false,"chose_seed":false,"campfire_upgraded":4,"win_rate":0,"timestamp":1548038854,"path_taken":["M","?","?","?","?","R","E","M","T","R","E","R","?","?","R","BOSS","M","M","?","$","M","R","E","R","T","M","M"],"build_version":"2019-01-17v2","purchased_purges":0,"victory":false,"max_hp_per_floor":[70,70,70,70,70,70,70,70,70,70,70,70,70,70,70,70,70,70,70,70,70,70,70,70,70,70,70,70],"card_choices":[{"not_picked":["Deadly Poison","Deflect"],"picked":"Masterful Stab","floor":1},{"not_picked":["Acrobatics","Prepared"],"picked":"Deadly Poison","floor":3},{"not_picked":["Slice","Malaise"],"picked":"Deadly Poison","floor":7},{"not_picked":["All Out Attack","Slice"],"picked":"Well Laid Plans","floor":8},{"not_picked":["Escape Plan","Doppelganger"],"picked":"Masterful Stab","floor":11},{"not_picked":["Distraction","PiercingWail"],"picked":"Catalyst","floor":13},{"not_picked":["Doppelganger","Tools of the Trade"],"picked":"Bullet Time","floor":16},{"not_picked":["Prepared","Quick Slash"],"picked":"Riddle With Holes","floor":18},{"not_picked":["Setup","Underhanded Strike"],"picked":"Distraction","floor":19},{"not_picked":["Heel Hook","Well Laid Plans","Expertise"],"picked":"SKIP","floor":22},{"not_picked":["Dagger Spray","Reflex"],"picked":"All Out Attack","floor":24},{"not_picked":["Backflip","Endless Agony"],"picked":"Poisoned Stab","floor":27}],"player_experience":664361,"relics_obtained":[{"floor":7,"key":"Juzu Bracelet"},{"floor":9,"key":"Snake Skull"},{"floor":11,"key":"Potion Belt"},{"floor":13,"key":"Odd Mushroom"},{"floor":24,"key":"The Courier"}],"event_choices":[{"damage_healed":0,"gold_gain":0,"cards_transformed":["Strike_G"],"player_choice":"Transformed","damage_taken":0,"max_hp_gain":0,"max_hp_loss":0,"event_name":"Transmorgrifier","floor":2,"gold_loss":0,"cards_obtained":["Envenom"]},{"damage_healed":0,"gold_gain":75,"player_choice":"Gather Gold","damage_taken":11,"max_hp_gain":0,"max_hp_loss":0,"event_name":"World of Goop","floor":4,"gold_loss":0},{"damage_healed":0,"gold_gain":0,"player_choice":"Fought Mushrooms","damage_taken":0,"max_hp_gain":0,"max_hp_loss":0,"event_name":"Mushrooms","floor":13,"gold_loss":0},{"damage_healed":0,"gold_gain":0,"player_choice":"Searched \u00272\u0027 times","damage_taken":0,"relics_obtained":["Happy Flower"],"max_hp_gain":0,"max_hp_loss":0,"event_name":"Dead Adventurer","floor":14,"gold_loss":0},{"damage_healed":0,"gold_gain":0,"player_choice":"Copied","damage_taken":0,"max_hp_gain":0,"max_hp_loss":0,"event_name":"Duplicator","floor":20,"gold_loss":0,"cards_obtained":["Envenom"]}],"is_beta":false,"boss_relics":[{"not_picked":["Philosopher\u0027s Stone","Ectoplasm"],"picked":"Ring of the Serpent"}],"items_purged_floors":[],"is_endless":false,"potions_floor_spawned":[1,7,11,16,19,22,24],"killed_by":"Snecko","ascension_level":5}