{"gold_per_floor":[115,128,143,143,218,218,230,263,263,263],"floor_reached":10,"playtime":143,"items_purged":[],"score":112,"play_id":"69cde9db-c346-4428-b2d0-1e7bb3787967","local_time":"20190401123017","is_ascension_mode":true,"campfire_choices":[{"data":"Fusion","floor":6,"key":"SMITH"}],"neow_cost":"NONE","seed_source_timestamp":2517797916390,"circlet_count":0,"master_deck":["AscendersBane","Strike_B","Strike_B","Strike_B","Strike_B","Defend_B","Defend_B","Defend_B","Defend_B","Zap","Dualcast","Fusion+1","Melter","Coolheaded","Darkness","Redo"],"relics":["Cracked Core","NeowsBlessing","Pantograph","Shuriken","Meat on the Bone"],"potions_floor_usage":[8],"damage_taken":[{"damage":0,"enemies":"Cultist","floor":1,"turns":1},{"damage":0,"enemies":"Jaw Worm","floor":2,"turns":1},{"damage":0,"enemies":"Small Slimes","floor":3,"turns":1},{"damage":8,"enemies":"3 Louse","floor":7,"turns":2},{"damage":21,"enemies":"Lagavulin","floor":8,"turns":6},{"damage":25,"enemies":"Gremlin Gang","floor":10,"turns":1}],"seed_played":"-3875218209181884569","potions_obtained":[{"floor":2,"key":"Swift Potion"},{"floor":3,"key":"Swift Potion"}],"is_trial":false,"path_per_floor":["M","M","M","?","?","R","M","E","T","M"],"character_chosen":"DEFECT","items_purchased":[],"campfire_rested":0,"item_purchase_floors":[],"current_hp_per_floor":[68,68,68,61,50,50,42,21,21,0],"gold":263,"neow_bonus":"THREE_ENEMY_KILL","is_prod":false,"is_daily":false,"chose_seed":false,"campfire_upgraded":1,"win_rate":0,"timestamp":1554132617,"path_taken":["M","M","?","?","?","R","M","E","T","M"],"build_version":"2019-01-23","purchased_purges":0,"victory":false,"max_hp_per_floor":[75,75,75,75,75,75,75,75,75,75],"card_choices":[{"not_picked":["Streamline","White Noise"],"picked":"Fusion","floor":1},{"not_picked":["Gash","Turbo"],"picked":"Melter","floor":2},{"not_picked":["Scrape","Aggregate"],"picked":"Coolheaded","floor":3},{"not_picked":["Leap","Double Energy"],"picked":"Darkness","floor":7},{"not_picked":["Barrage","Hologram"],"picked":"Redo","floor":8}],"player_experience":1027264,"relics_obtained":[{"floor":8,"key":"Shuriken"},{"floor":9,"key":"Meat on the Bone"}],"event_choices":[{"damage_healed":0,"gold_gain":0,"player_choice":"Success","damage_taken":7,"relics_obtained":["Pantograph"],"max_hp_gain":0,"max_hp_loss":0,"event_name":"Scrap Ooze","floor":4,"gold_loss":0},{"damage_healed":0,"gold_gain":75,"player_choice":"Gather Gold","damage_taken":11,"max_hp_gain":0,"max_hp_loss":0,"event_name":"World of Goop","floor":5,"gold_loss":0}],"is_beta":false,"boss_relics":[],"items_purged_floors":[],"is_endless":false,"potions_floor_spawned":[2,3],"killed_by":"Gremlin Gang","ascension_level":13}