{"gold_per_floor":[117,117,133,152,34,34,34,34,57,69,81,81,116,135,135,212,212,230,244,244,263,280,280,205,205,205,238,338,371,371,381,381,381],"floor_reached":33,"playtime":2049,"items_purged":[],"score":502,"play_id":"40c5a7c0-ce88-4a35-be9d-37c773de3eaf","local_time":"20190509163500","is_ascension_mode":true,"campfire_choices":[{"data":"Dash","floor":6,"key":"SMITH"},{"data":"Wraith Form v2","floor":8,"key":"SMITH"},{"floor":15,"key":"REST"},{"floor":23,"key":"REST"},{"data":"Wraith Form v2","floor":25,"key":"SMITH"},{"floor":30,"key":"REST"},{"floor":32,"key":"REST"}],"neow_cost":"NONE","seed_source_timestamp":2427730409033678,"circlet_count":0,"master_deck":["AscendersBane","Defend_G","Defend_G","Defend_G","Defend_G","Defend_G","Strike_G","Strike_G","Strike_G","Survivor","Neutralize","Wraith Form v2+1","PiercingWail","Dash+1","Finesse","Wraith Form v2+1","Riddle With Holes","A Thousand Cuts","Dagger Throw","PiercingWail","PiercingWail","Well Laid Plans+1","Night Terror"],"relics":["Ring of the Snake","Boot","Bronze Scales","Darkstone Periapt","Snecko Eye","Shovel","Ancient Tea Set","Incense Burner","Frozen Egg 2","Art of War"],"potions_floor_usage":[10,13,16,16,20,22],"damage_taken":[{"damage":0,"enemies":"2 Louse","floor":1,"turns":3},{"damage":3,"enemies":"Small Slimes","floor":3,"turns":4},{"damage":4,"enemies":"Cultist","floor":4,"turns":5},{"damage":0,"enemies":"Exordium Wildlife","floor":10,"turns":3},{"damage":4,"enemies":"Exordium Thugs","floor":11,"turns":7},{"damage":5,"enemies":"Lagavulin","floor":13,"turns":10},{"damage":4,"enemies":"Gremlin Gang","floor":14,"turns":6},{"damage":31,"enemies":"The Guardian","floor":16,"turns":18},{"damage":0,"enemies":"Chosen","floor":18,"turns":4},{"damage":0,"enemies":"2 Thieves","floor":19,"turns":4},{"damage":24,"enemies":"Cultist and Chosen","floor":21,"turns":7},{"damage":24,"enemies":"Centurion and Healer","floor":22,"turns":6},{"damage":2,"enemies":"Slavers","floor":27,"turns":7},{"damage":4,"enemies":"Colosseum Slavers","floor":28,"turns":6},{"damage":4,"enemies":"Colosseum Nobs","floor":28,"turns":7},{"damage":4,"enemies":"Gremlin Leader","floor":29,"turns":5},{"damage":6,"enemies":"Snake Plant","floor":31,"turns":4},{"damage":72,"enemies":"Collector","floor":33,"turns":6}],"seed_played":"2306563676330723035","potions_obtained":[{"floor":1,"key":"EntropicBrew"},{"floor":4,"key":"AttackPotion"},{"floor":20,"key":"Ancient Potion"},{"floor":20,"key":"Fruit Juice"},{"floor":21,"key":"AttackPotion"},{"floor":28,"key":"LiquidBronze"}],"is_trial":false,"path_per_floor":["M","?","M","M","$","R","?","R","T","M","M","?","E","M","R","B",null,"M","M","?","M","M","R","?","R","T","E","?","E","R","M","R","B"],"character_chosen":"THE_SILENT","items_purchased":["Dash","Finesse"],"campfire_rested":4,"item_purchase_floors":[5,5],"current_hp_per_floor":[59,33,30,26,26,26,26,26,26,26,22,22,17,13,32,1,50,50,50,55,31,7,28,28,28,28,26,18,14,35,29,50,0],"gold":381,"neow_bonus":"ONE_RANDOM_RARE_CARD","is_prod":false,"is_daily":false,"chose_seed":false,"campfire_upgraded":3,"win_rate":0,"timestamp":1557430500,"path_taken":["M","?","M","M","$","R","?","R","T","M","?","?","E","M","R","BOSS","M","M","?","?","M","R","?","R","T","E","?","E","R","M","R","BOSS"],"build_version":"2019-01-23","purchased_purges":0,"victory":false,"max_hp_per_floor":[66,66,66,66,66,66,66,66,66,66,66,66,66,66,66,66,66,66,66,71,71,71,71,71,71,71,71,71,71,71,71,71,71],"card_choices":[{"not_picked":["Accuracy","Heel Hook"],"picked":"PiercingWail","floor":1},{"not_picked":["Setup","Endless Agony","Choke"],"picked":"SKIP","floor":3},{"not_picked":["Bane","Outmaneuver","Prepared"],"picked":"SKIP","floor":4},{"not_picked":["Slice","Prepared","Dodge and Roll"],"picked":"SKIP","floor":10},{"not_picked":["Sucker Punch","Outmaneuver"],"picked":"Wraith Form v2","floor":11},{"not_picked":["Quick Slash","Bane","Prepared"],"picked":"SKIP","floor":13},{"not_picked":["Dagger Spray","Expertise"],"picked":"Riddle With Holes","floor":14},{"not_picked":["Night Terror","Envenom"],"picked":"A Thousand Cuts","floor":16},{"not_picked":["Blade Dance","Concentrate"],"picked":"Dagger Throw","floor":18},{"not_picked":["Heel Hook","Skewer+1","Catalyst+1"],"picked":"SKIP","floor":19},{"not_picked":["Cloak And Dagger","Skewer"],"picked":"PiercingWail","floor":21},{"not_picked":["Outmaneuver","Cloak And Dagger"],"picked":"PiercingWail","floor":22},{"not_picked":["Deadly Poison","Blade Dance","Quick Slash"],"picked":"SKIP","floor":27},{"not_picked":["Dagger Throw","Acrobatics"],"picked":"Well Laid Plans","floor":28},{"not_picked":["Prepared","Escape Plan"],"picked":"Night Terror","floor":29},{"not_picked":["Sucker Punch","Acrobatics","Deflect"],"picked":"SKIP","floor":31}],"player_experience":1313038,"relics_obtained":[{"floor":9,"key":"Bronze Scales"},{"floor":13,"key":"Darkstone Periapt"},{"floor":26,"key":"Shovel"},{"floor":27,"key":"Ancient Tea Set"},{"floor":28,"key":"Incense Burner"},{"floor":28,"key":"Frozen Egg 2"},{"floor":29,"key":"Art of War"}],"event_choices":[{"damage_healed":0,"gold_gain":0,"player_choice":"Success","damage_taken":26,"relics_obtained":["Boot"],"max_hp_gain":0,"max_hp_loss":0,"event_name":"Scrap Ooze","floor":2,"gold_loss":0},{"cards_removed":["Strike_G"],"damage_healed":0,"gold_gain":0,"player_choice":"Purged","damage_taken":0,"max_hp_gain":0,"max_hp_loss":0,"event_name":"Purifier","floor":7,"gold_loss":0},{"damage_healed":0,"gold_gain":0,"player_choice":"Ignored","damage_taken":0,"max_hp_gain":0,"max_hp_loss":0,"event_name":"Shining Light","floor":12,"gold_loss":0},{"damage_healed":0,"gold_gain":0,"player_choice":"Got Potions","damage_taken":0,"max_hp_gain":0,"max_hp_loss":0,"event_name":"Lab","floor":20,"gold_loss":0},{"cards_removed":["Strike_G"],"damage_healed":0,"gold_gain":0,"player_choice":"Gave Gold","damage_taken":0,"max_hp_gain":0,"max_hp_loss":0,"event_name":"Beggar","floor":24,"gold_loss":75},{"damage_healed":0,"gold_gain":0,"player_choice":"Fight","damage_taken":0,"max_hp_gain":0,"max_hp_loss":0,"event_name":"Colosseum","floor":28,"gold_loss":0},{"damage_healed":0,"gold_gain":0,"player_choice":"Fought Nobs","damage_taken":0,"max_hp_gain":0,"max_hp_loss":0,"event_name":"Colosseum","floor":28,"gold_loss":0}],"is_beta":false,"boss_relics":[{"not_picked":["Eternal Feather","Astrolabe"],"picked":"Snecko Eye"}],"items_purged_floors":[],"is_endless":false,"potions_floor_spawned":[1,4,13,21,28,28,29],"killed_by":"Collector","ascension_level":15}