{"gold_per_floor":[118,118,128,10,28,57,57,57,57,83,103,125,125,135,135,233,233,253,272,24,42,54,54,54,54,54,54,87,100,199,249,249,344,344,354,370,389,389,405,405,432,432,432,432,461,315,335,352,352,352],"floor_reached":50,"playtime":2227,"items_purged":[],"score":612,"play_id":"bfce0066-c7f1-41b4-a303-d663605b9d81","local_time":"20190418132115","is_ascension_mode":true,"campfire_choices":[{"data":"Rage","floor":8.0,"key":"SMITH"},{"floor":13.0,"key":"REST"},{"data":"Rampage","floor":15.0,"key":"SMITH"},{"data":"Double Tap","floor":23.0,"key":"SMITH"},{"floor":25.0,"key":"REST"},{"floor":27.0,"key":"RECALL"},{"data":"Armaments","floor":32.0,"key":"SMITH"},{"floor":40.0,"key":"REST"},{"floor":42.0,"key":"REST"},{"floor":49,"key":"REST"}],"neow_cost":"NONE","seed_source_timestamp":0,"circlet_count":0,"master_deck":["Strike_R","Strike_R","Strike_R","Strike_R+1","Defend_R","Defend_R","Defend_R","Defend_R","Bash","Immolate+1","Dropkick","Armaments+1","Discovery+1","Ghostly Armor+1","Rage+1","Anger","Thunderclap","Shrug It Off","Rampage+1","Double Tap+1","Spot Weakness+1","Heavy Blade+1","Iron Wave+1","Flex+1","Warcry+1","Heavy Blade+1","Spot Weakness","Cleave+1","Anger+1","Seeing Red+1","Ghostly Armor+1","Pummel+1"],"special_seed":0,"relics":["Black Blood","Sundial","Strawberry","Potion Belt","Odd Mushroom","Molten Egg 2","Pocketwatch","Orrery","Pantograph","Paper Frog","Letter Opener","War Paint"],"potions_floor_usage":[48],"damage_taken":[{"damage":0.0,"enemies":"Small Slimes","floor":1.0,"turns":2.0},{"damage":0.0,"enemies":"2 Louse","floor":3.0,"turns":1.0},{"damage":0.0,"enemies":"Cultist","floor":5.0,"turns":2.0},{"damage":16.0,"enemies":"Gremlin Nob","floor":6.0,"turns":4.0},{"damage":25.0,"enemies":"Lagavulin","floor":10.0,"turns":5.0},{"damage":3.0,"enemies":"Blue Slaver","floor":11.0,"turns":2.0},{"damage":11.0,"enemies":"The Mushroom Lair","floor":12.0,"turns":3.0},{"damage":0.0,"enemies":"2 Fungi Beasts","floor":14.0,"turns":1.0},{"damage":53.0,"enemies":"Hexaghost","floor":16.0,"turns":11.0},{"damage":27.0,"enemies":"3 Byrds","floor":18.0,"turns":5.0},{"damage":6.0,"enemies":"Chosen","floor":19.0,"turns":6.0},{"damage":12.0,"enemies":"Snecko","floor":21.0,"turns":4.0},{"damage":17.0,"enemies":"Shelled Parasite and Fungi","floor":22.0,"turns":3.0},{"damage":11.0,"enemies":"Slavers","floor":28.0,"turns":2.0},{"damage":0.0,"enemies":"Cultist and Chosen","floor":29.0,"turns":3.0},{"damage":55.0,"enemies":"Collector","floor":33.0,"turns":7.0},{"damage":32.0,"enemies":"Orb Walker","floor":35.0,"turns":4.0},{"damage":22.0,"enemies":"3 Shapes","floor":36.0,"turns":4.0},{"damage":10.0,"enemies":"Jaw Worm Horde","floor":37.0,"turns":4.0},{"damage":23.0,"enemies":"Sphere and 2 Shapes","floor":39.0,"turns":4.0},{"damage":75.0,"enemies":"Nemesis","floor":41.0,"turns":9.0},{"damage":8,"enemies":"Giant Head","floor":45,"turns":5},{"damage":10,"enemies":"3 Darklings","floor":47,"turns":3},{"damage":40,"enemies":"Transient","floor":48,"turns":5},{"damage":67,"enemies":"Donu and Deca","floor":50,"turns":5}],"seed_played":"7227208184270405130","potions_obtained":[{"floor":1.0,"key":"Energy Potion"},{"floor":5.0,"key":"PowerPotion"},{"floor":11.0,"key":"Energy Potion"},{"floor":14.0,"key":"Dexterity Potion"},{"floor":19.0,"key":"SteroidPotion"},{"floor":22.0,"key":"SkillPotion"},{"floor":28.0,"key":"FearPotion"},{"floor":29.0,"key":"SneckoOil"},{"floor":35.0,"key":"Weak Potion"},{"floor":37.0,"key":"BloodPotion"},{"floor":39.0,"key":"AttackPotion"},{"floor":45,"key":"FearPotion"}],"is_trial":false,"path_per_floor":["M","?","M","$","M","E","?","R","T","E","M","?","R","M","R","B",null,"M","M","$","M","M","R","?","R","T","R","E","M","?","?","R","B",null,"M","M","M","?","M","R","E","R","T","?","E","$","M","M","R","B"],"character_chosen":"IRONCLAD","items_purchased":["Armaments","Discovery","Molten Egg 2","War Paint"],"campfire_rested":5,"item_purchase_floors":[4,4,20,46],"current_hp_per_floor":[80,64,70,70,76,66,66,66,73,54,57,52,78,84,84,37,87,70,74,74,72,65,65,48,75,75,75,74,84,84,84,84,39,92,70,58,58,58,45,72,16,43,43,43,45,45,45,15,42,0],"gold":352,"neow_bonus":"ONE_RANDOM_RARE_CARD","is_prod":false,"is_daily":false,"chose_seed":false,"campfire_upgraded":4,"win_rate":0,"timestamp":1555608075,"path_taken":["M","?","M","$","M","E","?","R","T","E","?","?","R","M","R","BOSS","M","M","$","M","M","R","?","R","T","R","E","M","?","?","R","BOSS","M","M","?","?","M","R","E","R","T","?","E","$","?","M","R","BOSS"],"build_version":"2019-01-23","purchased_purges":0,"victory":false,"max_hp_per_floor":[80,80,80,80,80,80,80,80,87,87,87,87,87,87,87,87,87,87,87,87,87,87,87,92,92,92,92,92,92,92,92,92,92,92,92,92,92,92,92,92,92,92,92,92,92,92,92,92,92,92],"card_choices":[{"not_picked":["Intimidate","Clash"],"picked":"Dropkick","floor":1.0},{"not_picked":["Clothesline","Sword Boomerang","Havoc"],"picked":"SKIP","floor":3.0},{"not_picked":["Shrug It Off","Burning Pact"],"picked":"Ghostly Armor","floor":5.0},{"not_picked":["Hemokinesis","Blood for Blood"],"picked":"Rage","floor":6.0},{"not_picked":["Combust","Havoc"],"picked":"Anger","floor":10.0},{"not_picked":["Bloodletting","Demon Form"],"picked":"Thunderclap","floor":11.0},{"not_picked":["Body Slam","Perfected Strike"],"picked":"Shrug It Off","floor":12.0},{"not_picked":["True Grit","Sever Soul"],"picked":"Rampage","floor":14.0},{"not_picked":["Berserk","Juggernaut"],"picked":"Double Tap","floor":16.0},{"not_picked":["Combust","Warcry"],"picked":"Spot Weakness+1","floor":18.0},{"not_picked":["Burning Pact","Disarm","Shrug It Off"],"picked":"SKIP","floor":19.0},{"not_picked":["Spot Weakness","Warcry"],"picked":"Heavy Blade+1","floor":21.0},{"not_picked":["Perfected Strike+1","Clothesline+1","Shockwave"],"picked":"SKIP","floor":22.0},{"not_picked":["Combust+1","Blood for Blood+1"],"picked":"Iron Wave+1","floor":28.0},{"not_picked":["Perfected Strike+1","Wild Strike+1"],"picked":"Flex+1","floor":29.0},{"not_picked":["Perfected Strike+1","Wild Strike+1"],"picked":"Warcry+1","floor":34.0},{"not_picked":["Iron Wave+1","Pommel Strike+1"],"picked":"Heavy Blade+1","floor":34.0},{"not_picked":["Dropkick+1","Clash+1"],"picked":"Spot Weakness","floor":34.0},{"not_picked":["Havoc","Rupture"],"picked":"Cleave+1","floor":34.0},{"not_picked":["Berserk","Perfected Strike+1","Shockwave+1"],"picked":"SKIP","floor":35.0},{"not_picked":["Twin Strike+1","Sever Soul+1"],"picked":"Anger+1","floor":36.0},{"not_picked":["Clash+1","Flame Barrier+1"],"picked":"Seeing Red+1","floor":37.0},{"not_picked":["Second Wind+1","Feel No Pain+1","True Grit+1"],"picked":"SKIP","floor":39.0},{"not_picked":["Iron Wave+1","Barricade","Armaments"],"picked":"SKIP","floor":41.0},{"not_picked":["Flame Barrier","Pommel Strike+1","Wild Strike+1"],"picked":"SKIP","floor":45},{"not_picked":["Power Through+1","Iron Wave+1"],"picked":"Ghostly Armor+1","floor":47},{"not_picked":["Armaments+1","Warcry+1"],"picked":"Pummel+1","floor":48}],"player_experience":89976,"relics_obtained":[{"floor":6.0,"key":"Sundial"},{"floor":9.0,"key":"Strawberry"},{"floor":10.0,"key":"Potion Belt"},{"floor":12.0,"key":"Odd Mushroom"},{"floor":28.0,"key":"Pocketwatch"},{"floor":41.0,"key":"Pantograph"},{"floor":43.0,"key":"Paper Frog"},{"floor":45,"key":"Letter Opener"}],"event_choices":[{"damage_healed":0.0,"max_hp_gain":0.0,"max_hp_loss":0.0,"gold_gain":0.0,"event_name":"Shining Light","player_choice":"Entered Light","floor":2.0,"gold_loss":0.0,"damage_taken":16.0,"cards_upgraded":["Strike_R","Immolate"]},{"cards_removed":["Strike_R"],"damage_healed":0.0,"max_hp_gain":0.0,"max_hp_loss":0.0,"gold_gain":0.0,"event_name":"Bonfire Elementals","player_choice":"Offered Basic","floor":7.0,"gold_loss":0.0,"damage_taken":0.0},{"damage_healed":0.0,"max_hp_gain":0.0,"max_hp_loss":0.0,"gold_gain":0.0,"event_name":"Mushrooms","player_choice":"Fought Mushrooms","floor":12.0,"gold_loss":0.0,"damage_taken":0.0},{"damage_healed":0.0,"max_hp_gain":5.0,"max_hp_loss":0.0,"gold_gain":0.0,"event_name":"Forgotten Altar","player_choice":"Shed Blood","floor":24.0,"gold_loss":0.0,"damage_taken":22.0},{"damage_healed":0.0,"max_hp_gain":0.0,"max_hp_loss":0.0,"gold_gain":99.0,"event_name":"Nest","player_choice":"Stole From Cult","floor":30.0,"gold_loss":0.0,"damage_taken":0.0},{"damage_healed":0.0,"max_hp_gain":0.0,"max_hp_loss":0.0,"gold_gain":100.0,"event_name":"The Joust","player_choice":"Bet on Murderer","floor":31.0,"gold_loss":50.0,"damage_taken":0.0},{"damage_healed":0.0,"max_hp_gain":0.0,"max_hp_loss":0.0,"gold_gain":0.0,"event_name":"Mysterious Sphere","player_choice":"Ignored","floor":38.0,"gold_loss":0.0,"damage_taken":0.0},{"damage_healed":0.0,"max_hp_gain":0.0,"max_hp_loss":0.0,"gold_gain":0.0,"event_name":"Tomb of Lord Red Mask","player_choice":"Ignored","floor":44.0,"gold_loss":0.0,"damage_taken":0.0}],"is_beta":false,"boss_relics":[{"not_picked":["Runic Dome","Runic Pyramid"],"picked":"Black Blood"},{"not_picked":["Astrolabe","Velvet Choker"],"picked":"Orrery"}],"items_purged_floors":[],"is_endless":false,"potions_floor_spawned":[1,5,11,14,19,22,28,29,35,37,39,45],"killed_by":"Donu and Deca","ascension_level":3}