{"gold_per_floor":[112,74,87,12,12,45,57,82,147,159,171,213,244,286,298,310],"floor_reached":16,"playtime":353,"items_purged":["Strike_B"],"score":207,"play_id":"0aea2256-d61d-472c-803f-cff1bce8f6f0","local_time":"20190228183354","is_ascension_mode":true,"campfire_choices":[{"data":"Storm","floor":7,"key":"SMITH"},{"data":"Zap","floor":11,"key":"SMITH"},{"floor":15,"key":"REST"}],"neow_cost":"NONE","seed_source_timestamp":1227652862312035,"circlet_count":0,"master_deck":["Strike_B+1","Strike_B","Strike_B","Defend_B","Defend_B","Defend_B","Defend_B+1","Zap+1","Dualcast","Storm+1","Capacitor","Gash","Gash","Conserve Battery","Amplify"],"relics":["Cracked Core","NeowsBlessing","MawBank","Tiny Chest","Singing Bowl","Pocketwatch","Ancient Tea Set"],"potions_floor_usage":[13,14,14],"damage_taken":[{"damage":0,"enemies":"Cultist","floor":1,"turns":1},{"damage":0,"enemies":"Jaw Worm","floor":3,"turns":1},{"damage":0,"enemies":"Gremlin Nob","floor":6,"turns":1},{"damage":10,"enemies":"Small Slimes","floor":8,"turns":3},{"damage":30,"enemies":"3 Sentries","floor":12,"turns":7},{"damage":15,"enemies":"3 Louse","floor":13,"turns":3},{"damage":14,"enemies":"Gremlin Nob","floor":14,"turns":4},{"damage":33,"enemies":"Slime Boss","floor":16,"turns":3}],"seed_played":"8488279662609806327","potions_obtained":[{"floor":3,"key":"Energy Potion"},{"floor":6,"key":"FairyPotion"},{"floor":8,"key":"Regen Potion"},{"floor":13,"key":"Fire Potion"}],"is_trial":false,"path_per_floor":["M","$","M","$","?","E","R","M","T","T","R","E","M","E","R","B"],"character_chosen":"DEFECT","items_purchased":["Capacitor"],"campfire_rested":1,"item_purchase_floors":[2],"current_hp_per_floor":[68,68,68,68,53,53,53,43,43,43,43,15,5,9,32,0],"gold":310,"neow_bonus":"THREE_ENEMY_KILL","is_prod":false,"is_daily":false,"chose_seed":false,"campfire_upgraded":2,"win_rate":0,"timestamp":1551389634,"path_taken":["M","$","M","$","?","E","R","M","T","?","R","E","M","E","R","BOSS"],"build_version":"2019-01-23","purchased_purges":1,"victory":false,"max_hp_per_floor":[75,75,75,75,75,75,75,75,75,75,75,77,77,79,79,79],"card_choices":[{"not_picked":["Ball Lightning","Beam Cell"],"picked":"Storm","floor":1},{"not_picked":["Ball Lightning","Sweeping Beam"],"picked":"Gash","floor":3},{"not_picked":["Steam","Leap"],"picked":"Gash","floor":6},{"not_picked":["Ball Lightning","Compile Driver"],"picked":"Conserve Battery","floor":8},{"not_picked":["Leap","Ball Lightning","Steam"],"picked":"Singing Bowl","floor":12},{"not_picked":["Chaos","Stack"],"picked":"Amplify","floor":13},{"not_picked":["Loop","Heatsinks","Turbo"],"picked":"Singing Bowl","floor":14}],"player_experience":863589,"relics_obtained":[{"floor":6,"key":"MawBank"},{"floor":9,"key":"Tiny Chest"},{"floor":10,"key":"Singing Bowl"},{"floor":12,"key":"Pocketwatch"},{"floor":14,"key":"Ancient Tea Set"}],"event_choices":[{"damage_healed":0,"gold_gain":0,"player_choice":"Entered Light","damage_taken":15,"max_hp_gain":0,"max_hp_loss":0,"event_name":"Shining Light","floor":5,"gold_loss":0,"cards_upgraded":["Strike_B","Defend_B"]}],"is_beta":false,"boss_relics":[],"items_purged_floors":[4],"is_endless":false,"potions_floor_spawned":[3,6,8,13],"killed_by":"Slime Boss","ascension_level":9}