{"gold_per_floor":[110,110,126,144,156,156,185,14,40,40,40,40,60,88,88,164,164,177,177,188,27,37,37,52,52,52,86,86,101,101,132,132,208,208,226,226,226,226,244,244,275,275,275,275,287,8,35,35,35,35],"floor_reached":50,"playtime":3163,"items_purged":["Defend_B","Writhe"],"score":1103,"play_id":"034c92ec-1e43-47b7-a06a-93fe1e08c3c2","local_time":"20190214130302","is_ascension_mode":true,"campfire_choices":[{"data":"Defragment","floor":6,"key":"SMITH"},{"data":"Streamline","floor":15,"key":"SMITH"},{"data":"Capacitor","floor":23,"key":"SMITH"},{"floor":25,"key":"REST"},{"floor":30,"key":"REST"},{"data":"Go for the Eyes","floor":32,"key":"SMITH"},{"data":"Double Energy","floor":40,"key":"SMITH"},{"data":"Enlightenment","floor":44,"key":"SMITH"},{"data":"Meteor Strike","floor":49,"key":"SMITH"}],"neow_cost":"NONE","seed_source_timestamp":91080139190737,"circlet_count":0,"master_deck":["AscendersBane","Strike_B","Strike_B","Defend_B","Defend_B","Defend_B+1","Zap","Dualcast","Biased Cognition","Chaos+1","Streamline+1","Reinforced Body","Defragment+1","Cold Snap","BootSequence","Cold Snap","Parasite","Coolheaded+1","Compile Driver","Capacitor+1","Coolheaded","Compile Driver","Skim","Go for the Eyes+1","Meteor Strike+1","Enlightenment+1","Double Energy+1","Amplify","Recycle","Electrodynamics","Rebound"],"relics":["Cracked Core","PreservedInsect","Ancient Tea Set","War Paint","Cursed Key","Bag of Preparation","Potion Belt","Eternal Feather","Letter Opener","FossilizedHelix","Bottled Flame"],"potions_floor_usage":[7,7,16,16,16,22,31,31,41,50],"damage_taken":[{"damage":4,"enemies":"Jaw Worm","floor":1,"turns":3},{"damage":11,"enemies":"Small Slimes","floor":3,"turns":5},{"damage":9,"enemies":"2 Louse","floor":4,"turns":2},{"damage":0,"enemies":"Red Slaver","floor":5,"turns":4},{"damage":25,"enemies":"3 Sentries","floor":7,"turns":6},{"damage":0,"enemies":"Blue Slaver","floor":13,"turns":3},{"damage":26,"enemies":"Gremlin Nob","floor":14,"turns":4},{"damage":7,"enemies":"The Guardian","floor":16,"turns":14},{"damage":0,"enemies":"Chosen","floor":18,"turns":4},{"damage":0,"enemies":"Spheric Guardian","floor":20,"turns":5},{"damage":17,"enemies":"Shelled Parasite and Fungi","floor":22,"turns":7},{"damage":9,"enemies":"Centurion and Healer","floor":24,"turns":10},{"damage":10,"enemies":"Book of Stabbing","floor":27,"turns":5},{"damage":5,"enemies":"Snake Plant","floor":29,"turns":5},{"damage":0,"enemies":"Slavers","floor":31,"turns":5},{"damage":41,"enemies":"Collector","floor":33,"turns":12},{"damage":4,"enemies":"3 Shapes","floor":35,"turns":6},{"damage":0,"enemies":"Orb Walker","floor":39,"turns":4},{"damage":32,"enemies":"Reptomancer","floor":41,"turns":8},{"damage":0,"enemies":"Transient","floor":45,"turns":6},{"damage":0,"enemies":"Nemesis","floor":47,"turns":9},{"damage":67,"enemies":"Donu and Deca","floor":50,"turns":10}],"seed_played":"7256518286215648611","potions_obtained":[{"floor":1,"key":"Strength Potion"},{"floor":4,"key":"Fire Potion"},{"floor":12,"key":"EntropicBrew"},{"floor":16,"key":"Explosive Potion"},{"floor":20,"key":"SteroidPotion"},{"floor":24,"key":"Energy Potion"},{"floor":33,"key":"SteroidPotion"},{"floor":39,"key":"Block Potion"}],"is_trial":false,"path_per_floor":["M","?","M","M","M","R","E","$","T","?","?","?","M","E","R","B",null,"M","?","M","$","M","R","M","R","T","E","?","M","R","E","R","B",null,"M","?","?","?","M","R","E","?","T","R","M","$","E","$","R","B"],"character_chosen":"DEFECT","items_purchased":["BootSequence","Cold Snap","Block Potion","Capacitor","Electrodynamics"],"campfire_rested":2,"item_purchase_floors":[8,8,8,21,46],"current_hp_per_floor":[60,60,49,40,40,40,15,15,15,32,55,55,55,29,29,22,59,59,59,59,59,42,42,33,54,54,44,44,39,60,60,60,19,58,54,49,49,49,49,64,32,58,58,58,58,58,58,58,58,0],"gold":35,"neow_bonus":"TRANSFORM_CARD","is_prod":false,"is_daily":false,"chose_seed":false,"campfire_upgraded":7,"win_rate":0,"timestamp":1550149382,"path_taken":["M","?","M","M","M","R","E","$","T","?","?","?","?","E","R","BOSS","M","?","M","$","M","R","M","R","T","E","?","M","R","E","R","BOSS","M","?","?","?","M","R","E","?","T","R","M","$","E","?","R","BOSS"],"build_version":"2019-02-06","purchased_purges":2,"victory":false,"max_hp_per_floor":[71,71,71,71,71,71,71,71,71,71,71,71,71,71,71,71,71,71,71,71,71,71,71,71,71,71,71,71,71,71,71,71,71,71,71,71,71,71,71,71,71,58,58,58,58,58,58,58,58,58],"card_choices":[{"not_picked":["Hello World","Compile Driver"],"picked":"Chaos","floor":1},{"not_picked":["Redo","Leap"],"picked":"Streamline","floor":3},{"not_picked":["Fusion","Rebound"],"picked":"Reinforced Body","floor":4},{"not_picked":["Hologram","Rebound"],"picked":"Defragment","floor":5},{"not_picked":["Scrape","Chaos"],"picked":"Cold Snap","floor":7},{"not_picked":["Cold Snap","Reinforced Body","Barrage"],"picked":"SKIP","floor":13},{"not_picked":["Cold Snap","Genetic Algorithm"],"picked":"Coolheaded","floor":14},{"not_picked":["Redo","Leap","Force Field"],"picked":"SKIP","floor":18},{"not_picked":["Sweeping Beam","Steam"],"picked":"Compile Driver","floor":20},{"not_picked":["Streamline","Melter"],"picked":"Coolheaded","floor":22},{"not_picked":["Cold Snap","Steam"],"picked":"Compile Driver","floor":24},{"not_picked":["Streamline","Rebound","Cold Snap"],"picked":"SKIP","floor":27},{"not_picked":["Doom and Gloom","Cold Snap"],"picked":"Skim","floor":29},{"not_picked":["Lockon+1","Compile Driver"],"picked":"Go for the Eyes","floor":31},{"not_picked":["Hyperbeam","Amplify"],"picked":"Meteor Strike","floor":33},{"not_picked":["Go for the Eyes","Static Discharge","Lockon"],"picked":"SKIP","floor":35},{"not_picked":["Mind Blast","Jack Of All Trades"],"picked":"Enlightenment","floor":36},{"not_picked":["Stack+1","Compile Driver+1"],"picked":"Double Energy","floor":39},{"not_picked":["Conserve Battery+1","Compile Driver"],"picked":"Amplify","floor":41},{"not_picked":["Barrage","Fusion"],"picked":"Recycle","floor":45},{"not_picked":["Turbo","Stack"],"picked":"Rebound","floor":47}],"player_experience":906630,"relics_obtained":[{"floor":7,"key":"PreservedInsect"},{"floor":9,"key":"Ancient Tea Set"},{"floor":14,"key":"War Paint"},{"floor":27,"key":"Bag of Preparation"},{"floor":31,"key":"Potion Belt"},{"floor":41,"key":"Letter Opener"},{"floor":43,"key":"FossilizedHelix"},{"floor":47,"key":"Bottled Flame"}],"event_choices":[{"damage_healed":0,"gold_gain":0,"player_choice":"Grow","damage_taken":0,"max_hp_gain":0,"max_hp_loss":0,"event_name":"Living Wall","floor":2,"gold_loss":0,"cards_upgraded":["Chaos"]},{"damage_healed":17,"gold_gain":0,"player_choice":"Healed and dodged fight","damage_taken":0,"max_hp_gain":0,"max_hp_loss":0,"event_name":"Mushrooms","floor":10,"gold_loss":0,"cards_obtained":["Parasite"]},{"damage_healed":23,"gold_gain":0,"player_choice":"Banana","damage_taken":0,"max_hp_gain":0,"max_hp_loss":0,"event_name":"Big Fish","floor":11,"gold_loss":0},{"damage_healed":0,"gold_gain":0,"player_choice":"Got Potions","damage_taken":0,"max_hp_gain":0,"max_hp_loss":0,"event_name":"Lab","floor":12,"gold_loss":0},{"damage_healed":0,"gold_gain":0,"player_choice":"Ignored","damage_taken":0,"max_hp_gain":0,"max_hp_loss":0,"event_name":"The Mausoleum","floor":19,"gold_loss":0},{"damage_healed":0,"gold_gain":0,"player_choice":"Ignored","damage_taken":0,"max_hp_gain":0,"max_hp_loss":0,"event_name":"Vampires","floor":28,"gold_loss":0},{"damage_healed":0,"gold_gain":0,"player_choice":"Memory 2","damage_taken":5,"max_hp_gain":0,"max_hp_loss":0,"event_name":"SensoryStone","floor":36,"gold_loss":0},{"damage_healed":0,"gold_gain":0,"player_choice":"Ignored","damage_taken":0,"max_hp_gain":0,"max_hp_loss":0,"event_name":"Tomb of Lord Red Mask","floor":37,"gold_loss":0},{"cards_removed":["Strike_B"],"damage_healed":0,"gold_gain":0,"player_choice":"Removed Attack","damage_taken":0,"max_hp_gain":0,"max_hp_loss":0,"event_name":"Falling","floor":38,"gold_loss":0},{"damage_healed":58,"gold_gain":0,"player_choice":"Heal","damage_taken":0,"max_hp_gain":0,"max_hp_loss":13,"event_name":"The Moai Head","floor":42,"gold_loss":0}],"is_beta":true,"boss_relics":[{"not_picked":["Runic Pyramid","Pandora\u0027s Box"],"picked":"Cursed Key"},{"not_picked":["Coffee Dripper","Calling Bell"],"picked":"Eternal Feather"}],"items_purged_floors":[21,46],"is_endless":false,"potions_floor_spawned":[1,4,16,20,24,33,39],"killed_by":"Donu and Deca","ascension_level":17}