{"gold_per_floor":[109,128,128,203,163,196,196,231,231,153,173,183,183,217,217,217],"floor_reached":16,"playtime":727,"items_purged":[],"score":130,"play_id":"0372a261-d2f6-4e37-8fd9-4cedc1125f5e","local_time":"20190418233749","is_ascension_mode":true,"campfire_choices":[{"data":"Second Wind","floor":7,"key":"SMITH"},{"data":"Bash","floor":13,"key":"SMITH"},{"floor":15,"key":"REST"}],"neow_cost":"NONE","seed_source_timestamp":601268353204700,"circlet_count":0,"master_deck":["Strike_R","Strike_R","Strike_R","Strike_R","Strike_R","Defend_R","Defend_R","Defend_R","Defend_R","Bash+1","Second Wind+1","Iron Wave","Immolate","Barricade","Entrench","Shrug It Off","Reaper","Thunderclap","Sentinel"],"relics":["Burning Blood","Art of War","Magic Flower","Matryoshka","Dream Catcher","Mercury Hourglass","PreservedInsect"],"potions_floor_usage":[8,11,11,14],"damage_taken":[{"damage":4,"enemies":"Small Slimes","floor":1,"turns":5},{"damage":8,"enemies":"Jaw Worm","floor":2,"turns":5},{"damage":38,"enemies":"Gremlin Nob","floor":6,"turns":5},{"damage":17,"enemies":"3 Sentries","floor":8,"turns":5},{"damage":0,"enemies":"Cultist","floor":11,"turns":2},{"damage":1,"enemies":"Blue Slaver","floor":12,"turns":3},{"damage":32,"enemies":"Lagavulin","floor":14,"turns":11},{"damage":68,"enemies":"The Guardian","floor":16,"turns":14}],"seed_played":"-7982648131635772004","potions_obtained":[{"floor":5,"key":"Strength Potion"},{"floor":5,"key":"Swift Potion"},{"floor":5,"key":"Ancient Potion"},{"floor":8,"key":"SkillPotion"},{"floor":11,"key":"SpeedPotion"},{"floor":12,"key":"AttackPotion"},{"floor":14,"key":"GamblersBrew"}],"is_trial":false,"path_per_floor":["M","M","?","?","?","E","R","E","T","$","M","M","R","E","R","B"],"character_chosen":"IRONCLAD","items_purchased":["Entrench"],"campfire_rested":1,"item_purchase_floors":[10],"current_hp_per_floor":[80,78,78,67,67,35,35,27,27,27,36,44,44,24,48,0],"gold":217,"neow_bonus":"RANDOM_COMMON_RELIC","is_prod":false,"is_daily":false,"chose_seed":false,"campfire_upgraded":2,"win_rate":0,"timestamp":1555645069,"path_taken":["M","M","?","?","?","E","R","E","T","$","M","M","R","E","R","BOSS"],"build_version":"2019-01-23","purchased_purges":0,"victory":false,"max_hp_per_floor":[80,80,80,80,80,80,80,80,80,80,80,80,80,80,80,80],"card_choices":[{"not_picked":["Twin Strike","Sword Boomerang"],"picked":"Second Wind","floor":1},{"not_picked":["Power Through","Warcry"],"picked":"Iron Wave","floor":2},{"not_picked":["Burning Pact","True Grit"],"picked":"Immolate","floor":6},{"not_picked":["Wild Strike","Exhume"],"picked":"Barricade","floor":8},{"not_picked":["Warcry","Twin Strike"],"picked":"Shrug It Off","floor":11},{"not_picked":["True Grit","Perfected Strike"],"picked":"Reaper","floor":12},{"not_picked":["Cleave","Armaments"],"picked":"Thunderclap","floor":14},{"not_picked":["Wild Strike","Evolve"],"picked":"Sentinel","floor":15}],"player_experience":106881,"relics_obtained":[{"floor":6,"key":"Magic Flower"},{"floor":8,"key":"Matryoshka"},{"floor":9,"key":"Dream Catcher"},{"floor":9,"key":"Mercury Hourglass"},{"floor":14,"key":"PreservedInsect"}],"event_choices":[{"damage_healed":0,"gold_gain":0,"player_choice":"Ignored","damage_taken":0,"max_hp_gain":0,"max_hp_loss":0,"event_name":"Golden Wing","floor":3,"gold_loss":0},{"damage_healed":0,"gold_gain":75,"player_choice":"Gather Gold","damage_taken":11,"max_hp_gain":0,"max_hp_loss":0,"event_name":"World of Goop","floor":4,"gold_loss":0},{"damage_healed":0,"gold_gain":0,"player_choice":"Bought 3 Potions","damage_taken":0,"max_hp_gain":0,"max_hp_loss":0,"event_name":"The Woman in Blue","floor":5,"gold_loss":0}],"is_beta":false,"boss_relics":[],"items_purged_floors":[],"is_endless":false,"potions_floor_spawned":[8,11,12,14],"killed_by":"The Guardian","ascension_level":2}