{"gold_per_floor":[114,114,139,154,169,169,75,90,145,160,175,190,190,205,205,305,355,370,385,235,235,235,235,265,280,280,295,325,325,325,325,325,425,425,440,440,455,80,95,95,0,30,30,30,45,60,75,90,90,90],"floor_reached":51,"playtime":2652,"items_purged":["Choke"],"score":888,"play_id":"a643cd94-7fdf-4ba4-b019-a44ada10dc25","local_time":"20190326161521","daily_mods":["Cursed Run","Diverse","Night Terrors"],"is_ascension_mode":false,"campfire_choices":[{"data":"Rampage","floor":6.0,"key":"SMITH"},{"data":"Rage","floor":15.0,"key":"SMITH"},{"data":"Shrug It Off","floor":23.0,"key":"SMITH"},{"data":"Self Repair","floor":29.0,"key":"SMITH"},{"floor":32.0,"key":"REST"},{"data":"Pommel Strike","floor":40.0,"key":"SMITH"},{"data":"Bash","floor":44.0,"key":"SMITH"},{"floor":49,"key":"REST"}],"neow_cost":"","seed_source_timestamp":0,"circlet_count":0,"master_deck":["Strike_R+1","Strike_R+1","Strike_R+1","Strike_R+1","Strike_R+1","Defend_R+1","Defend_R+1","Defend_R+1","Defend_R+1","Bash+1","Rampage+1","Clumsy","Pommel Strike+1","Dagger Spray","Flash of Steel","Perfected Strike+1","Regret","Self Repair+1","Rage+1","Decay","Shrug It Off+1","Shrug It Off+1","Writhe","Perfected Strike+1","Normality","Headbutt+1","Body Slam+1","Clumsy","Writhe","Iron Wave+1","Immolate","Bash+1","Wild Strike+1","Pain","Streamline+1","Injury"],"special_seed":17981,"relics":["Cursed Key","Darkstone Periapt","Du-Vu Doll","Oddly Smooth Stone","Tiny Chest","Tiny House","Blood Vial","PreservedInsect","Dream Catcher","Bottled Tornado","Dodecahedron","Bag of Preparation","Black Star","StoneCalendar","Red Mask","Lantern","Self Forming Clay","Bag of Marbles"],"potions_floor_usage":[48,48],"damage_taken":[{"damage":2.0,"enemies":"2 Louse","floor":1.0,"turns":3.0},{"damage":0.0,"enemies":"Jaw Worm","floor":4.0,"turns":2.0},{"damage":0.0,"enemies":"Cultist","floor":5.0,"turns":2.0},{"damage":6.0,"enemies":"Large Slime","floor":8.0,"turns":4.0},{"damage":1.0,"enemies":"2 Fungi Beasts","floor":10.0,"turns":3.0},{"damage":9.0,"enemies":"Blue Slaver","floor":11.0,"turns":3.0},{"damage":2.0,"enemies":"Red Slaver","floor":12.0,"turns":2.0},{"damage":11.0,"enemies":"2 Fungi Beasts","floor":14.0,"turns":2.0},{"damage":35.0,"enemies":"Hexaghost","floor":16.0,"turns":7.0},{"damage":10.0,"enemies":"Shell Parasite","floor":18.0,"turns":5.0},{"damage":8.0,"enemies":"Spheric Guardian","floor":19.0,"turns":4.0},{"damage":55.0,"enemies":"Gremlin Leader","floor":24.0,"turns":5.0},{"damage":15.0,"enemies":"Snecko","floor":25.0,"turns":3.0},{"damage":2.0,"enemies":"Cultist and Chosen","floor":27.0,"turns":4.0},{"damage":17.0,"enemies":"Book of Stabbing","floor":28.0,"turns":3.0},{"damage":102.0,"enemies":"Champ","floor":33.0,"turns":9.0},{"damage":15.0,"enemies":"3 Shapes","floor":35.0,"turns":3.0},{"damage":48.0,"enemies":"3 Darklings","floor":37.0,"turns":5.0},{"damage":6.0,"enemies":"4 Shapes","floor":39.0,"turns":3.0},{"damage":38.0,"enemies":"Reptomancer","floor":42.0,"turns":3.0},{"damage":0.0,"enemies":"Jaw Worm Horde","floor":45.0,"turns":2.0},{"damage":55,"enemies":"Sphere and 2 Shapes","floor":46,"turns":5},{"damage":5,"enemies":"4 Shapes","floor":47,"turns":3},{"damage":27,"enemies":"Writhing Mass","floor":48,"turns":5},{"damage":80,"enemies":"Donu and Deca","floor":50,"turns":7}],"seed_played":"-7145575593227264435","potions_obtained":[{"floor":1.0,"key":"SkillPotion"},{"floor":5.0,"key":"Fire Potion"},{"floor":12.0,"key":"Swift Potion"},{"floor":17.0,"key":"EssenceOfSteel"},{"floor":27.0,"key":"Energy Potion"},{"floor":33.0,"key":"AttackPotion"}],"is_trial":false,"path_per_floor":["M","?","T","M","M","R","$","M","T","M","M","M","?","M","R","B",null,"M","M","$","?","$","R","E","M","T","M","E","R","?","T","R","B",null,"M","?","M","$","M","R","?","E","T","R","M","M","M","M","R","B",null],"character_chosen":"IRONCLAD","items_purchased":["Flash of Steel","Blood Vial","StoneCalendar"],"campfire_rested":2,"item_purchase_floors":[7,20,38],"current_hp_per_floor":[78,78,84,84,84,84,84,78,84,83,74,72,72,61,61,32,103,93,92,92,98,98,98,52,39,45,52,44,44,44,50,116,30,122,117,117,81,81,87,87,87,61,67,67,79,36,43,28,123,59],"gold":90,"neow_bonus":"","is_prod":false,"is_daily":true,"chose_seed":false,"campfire_upgraded":6,"win_rate":0,"timestamp":1553631321,"path_taken":["M","?","?","M","M","R","$","M","T","?","M","M","?","?","R","BOSS","M","M","$","?","$","R","E","M","T","M","E","R","?","?","R","BOSS","M","?","M","$","?","R","?","E","T","R","M","M","M","M","R","BOSS"],"build_version":"2019-01-23","purchased_purges":1,"victory":true,"max_hp_per_floor":[80,80,86,86,86,86,86,86,92,92,92,92,92,92,92,98,103,103,103,103,109,109,109,109,109,115,115,115,115,115,121,116,122,122,122,122,122,122,122,122,122,122,128,128,128,128,128,128,123,129],"card_choices":[{"not_picked":["Recycle","Compile Driver"],"picked":"Rampage","floor":1.0},{"not_picked":["Tempest","Anger"],"picked":"Pommel Strike","floor":4.0},{"not_picked":["Storm","Quick Slash"],"picked":"Dagger Spray","floor":5.0},{"not_picked":["Steam","Adrenaline"],"picked":"Perfected Strike","floor":8.0},{"not_picked":["Consume","Turbo"],"picked":"Self Repair","floor":10.0},{"not_picked":["Lockon","Redo","Aggregate"],"picked":"SKIP","floor":11.0},{"not_picked":["Sever Soul","Entrench"],"picked":"Rage","floor":12.0},{"not_picked":["Reinforced Body","Warcry","Genetic Algorithm"],"picked":"SKIP","floor":14.0},{"not_picked":["Iron Wave","Body Slam"],"picked":"Shrug It Off","floor":17.0},{"not_picked":["Evolve","Blur+1"],"picked":"Shrug It Off+1","floor":18.0},{"not_picked":["Flying Knee","Blade Dance","Bane"],"picked":"SKIP","floor":19.0},{"not_picked":["Body Slam+1","Dark Embrace"],"picked":"Perfected Strike+1","floor":24.0},{"not_picked":["Underhanded Strike+1","Headbutt+1","Skim"],"picked":"SKIP","floor":25.0},{"not_picked":["Prepared+1","Turbo+1"],"picked":"Headbutt+1","floor":27.0},{"not_picked":["Cold Snap+1","Clash"],"picked":"Body Slam+1","floor":28.0},{"not_picked":["Force Field+1","Outmaneuver+1"],"picked":"Iron Wave+1","floor":35.0},{"not_picked":["Anger","Flying Knee+1","Bane+1"],"picked":"SKIP","floor":37.0},{"not_picked":["Sever Soul+1","Footwork","Iron Wave+1"],"picked":"SKIP","floor":39.0},{"not_picked":["All Out Attack+1","Double Energy+1"],"picked":"Wild Strike+1","floor":42.0},{"not_picked":["Leap","Blood for Blood","Deadly Poison+1"],"picked":"SKIP","floor":45.0},{"not_picked":["Setup+1","Sword Boomerang","Iron Wave"],"picked":"SKIP","floor":46},{"not_picked":["Flame Barrier","Backflip","Rebound"],"picked":"SKIP","floor":47},{"not_picked":["Dagger Spray","Self Repair+1","Evolve"],"picked":"SKIP","floor":48},{"not_picked":["Acrobatics","Coolheaded+1"],"picked":"Streamline+1","floor":49}],"player_experience":42426,"relics_obtained":[{"floor":3.0,"key":"Oddly Smooth Stone"},{"floor":9.0,"key":"Tiny Chest"},{"floor":24.0,"key":"Dream Catcher"},{"floor":26.0,"key":"Bottled Tornado"},{"floor":28.0,"key":"Dodecahedron"},{"floor":31.0,"key":"Bag of Preparation"},{"floor":42.0,"key":"Lantern"},{"floor":42.0,"key":"Self Forming Clay"},{"floor":43.0,"key":"Bag of Marbles"}],"event_choices":[{"damage_healed":0.0,"max_hp_gain":0.0,"max_hp_loss":0.0,"gold_gain":0.0,"event_name":"Shining Light","player_choice":"Ignored","floor":2.0,"gold_loss":0.0,"damage_taken":0.0},{"damage_healed":0.0,"max_hp_gain":0.0,"max_hp_loss":0.0,"gold_gain":0.0,"event_name":"Upgrade Shrine","player_choice":"Upgraded","floor":13.0,"gold_loss":0.0,"damage_taken":0.0,"cards_upgraded":["Perfected Strike"]},{"damage_healed":0.0,"max_hp_gain":0.0,"max_hp_loss":0.0,"gold_gain":0.0,"event_name":"The Mausoleum","player_choice":"Opened","floor":21.0,"gold_loss":0.0,"damage_taken":0.0,"relics_obtained":["PreservedInsect"],"cards_obtained":["Writhe"]},{"damage_healed":0.0,"max_hp_gain":0.0,"max_hp_loss":0.0,"gold_gain":0.0,"event_name":"Back to Basics","player_choice":"Simplicity","floor":30.0,"gold_loss":0.0,"damage_taken":0.0,"cards_upgraded":["Strike_R","Strike_R","Strike_R","Strike_R","Strike_R","Defend_R","Defend_R","Defend_R","Defend_R"]},{"damage_healed":0.0,"max_hp_gain":0.0,"max_hp_loss":0.0,"gold_gain":0.0,"event_name":"Match and Keep!","player_choice":"3 cards matched","floor":36.0,"gold_loss":0.0,"damage_taken":0.0,"cards_obtained":["Immolate","Bash","Choke"]},{"damage_healed":0.0,"max_hp_gain":0.0,"max_hp_loss":0.0,"gold_gain":0.0,"event_name":"Tomb of Lord Red Mask","player_choice":"Paid","floor":41.0,"gold_loss":95.0,"damage_taken":0.0,"relics_obtained":["Red Mask"]}],"is_beta":false,"boss_relics":[{"not_picked":["Empty Cage","Eternal Feather"],"picked":"Tiny House"},{"not_picked":["White Beast Statue","Runic Cube"],"picked":"Black Star"}],"items_purged_floors":[38],"is_endless":false,"potions_floor_spawned":[1,5,12,14,18,19,27,33,35,37,39,46],"ascension_level":0}