{"gold_per_floor":[109,32,42,62,76,76,94,94,120,120,147,159,185,198,198,303,303,303],"floor_reached":18,"playtime":690,"items_purged":[],"score":199,"play_id":"d4b8756c-a6ed-4bab-a7e2-40e24a8fc0c8","local_time":"20190117122525","is_ascension_mode":false,"campfire_choices":[{"data":"Armaments","floor":6,"key":"SMITH"},{"data":"Uppercut","floor":10,"key":"SMITH"},{"data":"Metallicize","floor":15,"key":"SMITH"}],"neow_cost":"NONE","seed_source_timestamp":303347515916236,"circlet_count":0,"master_deck":["Strike_R","Strike_R","Strike_R","Strike_R","Defend_R","Defend_R+1","Defend_R","Defend_R","Bash","Carnage","Metallicize+1","Clothesline","Armaments+1","Corruption","Uppercut+1","Impervious+1","Shockwave","Cleave","Feed"],"relics":["Snecko Eye","Regal Pillow","War Paint","Oddly Smooth Stone","Runic Pyramid"],"potions_floor_usage":[16],"damage_taken":[{"damage":0,"enemies":"Cultist","floor":1,"turns":4},{"damage":0,"enemies":"Small Slimes","floor":3,"turns":2},{"damage":0,"enemies":"Jaw Worm","floor":4,"turns":2},{"damage":0,"enemies":"3 Louse","floor":5,"turns":3},{"damage":0,"enemies":"Large Slime","floor":7,"turns":4},{"damage":0,"enemies":"Lagavulin","floor":11,"turns":7},{"damage":0,"enemies":"Looter","floor":12,"turns":2},{"damage":1,"enemies":"Gremlin Nob","floor":13,"turns":3},{"damage":0,"enemies":"Gremlin Gang","floor":14,"turns":2},{"damage":7,"enemies":"Slime Boss","floor":16,"turns":8},{"damage":0,"enemies":"Shell Parasite","floor":18,"turns":2}],"seed_played":"8992741205363140469","potions_obtained":[{"floor":3,"key":"SteroidPotion"},{"floor":5,"key":"SteroidPotion"},{"floor":7,"key":"Strength Potion"}],"is_trial":false,"path_per_floor":["M","$","M","M","M","R","M","?","T","R","E","M","E","M","R","B",null,"M"],"character_chosen":"IRONCLAD","items_purchased":["Metallicize"],"campfire_rested":0,"item_purchase_floors":[2],"current_hp_per_floor":[80,80,80,80,80,80,80,73,73,73,73,73,72,72,72,65,80,80],"gold":303,"neow_bonus":"BOSS_RELIC","is_prod":false,"is_daily":false,"chose_seed":false,"campfire_upgraded":3,"win_rate":0,"timestamp":1547727925,"path_taken":["M","$","?","M","M","R","M","?","T","R","E","M","E","M","R","BOSS","M"],"build_version":"2019-01-16","purchased_purges":0,"victory":false,"max_hp_per_floor":[80,80,80,80,80,80,80,80,80,80,80,80,80,80,80,80,80,80],"card_choices":[{"not_picked":["Armaments","Cleave"],"picked":"Carnage","floor":1},{"not_picked":["Warcry","Headbutt"],"picked":"Clothesline","floor":3},{"not_picked":["Power Through","Cleave"],"picked":"Armaments","floor":4},{"not_picked":["Thunderclap","Bloodletting"],"picked":"Corruption","floor":5},{"not_picked":["Shrug It Off","Iron Wave"],"picked":"Uppercut","floor":7},{"not_picked":["Warcry","Fire Breathing"],"picked":"Impervious","floor":11},{"not_picked":["Pommel Strike","Twin Strike"],"picked":"Shockwave","floor":12},{"not_picked":["Armaments","Sword Boomerang","Cleave"],"picked":"SKIP","floor":13},{"not_picked":["Pommel Strike","Flex"],"picked":"Cleave","floor":14},{"not_picked":["Offering","Limit Break"],"picked":"Feed","floor":16}],"player_experience":772404,"relics_obtained":[{"floor":9,"key":"Regal Pillow"},{"floor":11,"key":"War Paint"},{"floor":13,"key":"Oddly Smooth Stone"}],"event_choices":[{"cards_removed":["Strike_R"],"damage_healed":0,"gold_gain":0,"player_choice":"Card Removal","damage_taken":7,"max_hp_gain":0,"max_hp_loss":0,"event_name":"Golden Wing","floor":8,"gold_loss":0}],"is_beta":true,"boss_relics":[{"not_picked":["Astrolabe","Sozu"],"picked":"Runic Pyramid"}],"items_purged_floors":[],"is_endless":false,"potions_floor_spawned":[3,5,7,12],"killed_by":"Shell Parasite","ascension_level":0}