{"gold_per_floor":[11,30,40,215,233,233,158,158,214,214,247,50,50,76,76,153,153,169,184,201,217,234,234,234,266,266,365,365,377,287,298,298,377,377,377],"floor_reached":35,"playtime":875,"items_purged":["Doubt"],"score":754,"play_id":"34291a0e-f5f3-49fd-a4db-cc524bfebd05","local_time":"20190331152913","is_ascension_mode":true,"campfire_choices":[{"data":"Electrodynamics","floor":6,"key":"SMITH"},{"data":"Zap","floor":8,"key":"SMITH"},{"data":"Coolheaded","floor":10,"key":"SMITH"},{"data":"Defragment","floor":15,"key":"SMITH"},{"floor":24,"key":"REST"},{"floor":28,"key":"REST"},{"floor":32,"key":"REST"}],"neow_cost":"NO_GOLD","seed_source_timestamp":919330223341948,"circlet_count":0,"master_deck":["AscendersBane","Strike_B","Strike_B","Strike_B","Defend_B","Defend_B","Defend_B","Defend_B","Zap+1","Dualcast+1","Electrodynamics+1","Capacitor","Ball Lightning","Coolheaded+1","Zap+1","Defragment+1","Reboot","Defragment","Defragment","Leap","Coolheaded+1","Barrage+1","Amplify","Injury","Self Repair"],"relics":["Cracked Core","Tiny Chest","Boot","DollysMirror","Question Card","Cursed Key","Art of War","Pantograph","White Beast Statue"],"potions_floor_usage":[14,20,23,33,33],"damage_taken":[{"damage":0,"enemies":"Cultist","floor":1,"turns":3},{"damage":8,"enemies":"2 Louse","floor":2,"turns":3},{"damage":7,"enemies":"Jaw Worm","floor":3,"turns":2},{"damage":15,"enemies":"Looter","floor":5,"turns":4},{"damage":0,"enemies":"3 Sentries","floor":11,"turns":2},{"damage":0,"enemies":"Gremlin Nob","floor":14,"turns":2},{"damage":28,"enemies":"Hexaghost","floor":16,"turns":8},{"damage":0,"enemies":"Chosen","floor":18,"turns":3},{"damage":27,"enemies":"Shell Parasite","floor":19,"turns":5},{"damage":13,"enemies":"Cultist and Chosen","floor":20,"turns":3},{"damage":0,"enemies":"3 Cultists","floor":21,"turns":2},{"damage":5,"enemies":"Snake Plant","floor":22,"turns":3},{"damage":0,"enemies":"Book of Stabbing","floor":23,"turns":1},{"damage":33,"enemies":"Slavers","floor":25,"turns":2},{"damage":8,"enemies":"Cultist and Chosen","floor":29,"turns":4},{"damage":3,"enemies":"3 Cultists","floor":31,"turns":3},{"damage":52,"enemies":"Automaton","floor":33,"turns":9},{"damage":65,"enemies":"3 Darklings","floor":35,"turns":4}],"seed_played":"8896396276367846605","potions_obtained":[{"floor":2,"key":"Ancient Potion"},{"floor":5,"key":"AttackPotion"},{"floor":13,"key":"SmokeBomb"},{"floor":14,"key":"Strength Potion"},{"floor":19,"key":"Regen Potion"},{"floor":25,"key":"Swift Potion"},{"floor":29,"key":"EssenceOfSteel"},{"floor":33,"key":"FocusPotion"}],"is_trial":false,"path_per_floor":["M","M","M","?","M","R","$","R","T","R","E","$","?","E","R","B",null,"M","M","M","M","M","E","R","E","T","?","R","M","?","M","R","B",null,"M"],"character_chosen":"DEFECT","items_purchased":["DollysMirror"],"campfire_rested":3,"item_purchase_floors":[12],"current_hp_per_floor":[68,60,53,53,38,38,38,38,38,38,38,38,38,38,38,10,59,59,32,28,28,23,23,45,12,12,12,34,26,26,23,45,25,63,0],"gold":377,"neow_bonus":"THREE_RARE_CARDS","is_prod":false,"is_daily":false,"chose_seed":false,"campfire_upgraded":4,"win_rate":0,"timestamp":1554056953,"path_taken":["M","M","?","?","M","R","$","R","T","R","E","?","?","E","R","BOSS","M","M","?","M","M","E","R","E","T","?","R","M","?","M","R","BOSS","M"],"build_version":"2019-01-23","purchased_purges":1,"victory":false,"max_hp_per_floor":[75,75,75,75,75,75,75,75,75,75,75,75,75,75,75,75,75,75,75,75,75,75,75,75,75,75,75,75,75,75,75,75,75,75,75],"card_choices":[{"not_picked":["Hyperbeam","Seek"],"picked":"Electrodynamics","floor":0},{"not_picked":["Rebound","Beam Cell"],"picked":"Capacitor","floor":1},{"not_picked":["Chill","Go for the Eyes"],"picked":"Ball Lightning","floor":2},{"not_picked":["Barrage","Chaos"],"picked":"Coolheaded","floor":3},{"not_picked":["Compile Driver","Steam","Hologram"],"picked":"SKIP","floor":5},{"not_picked":["Streamline","All For One","Reinforced Body"],"picked":"SKIP","floor":11},{"not_picked":["Conserve Battery","Cold Snap"],"picked":"Defragment","floor":14},{"not_picked":["Rainbow","Hyperbeam","Meteor Strike"],"picked":"Reboot","floor":16},{"not_picked":["Rip and Tear","Streamline","Cold Snap+1"],"picked":"Defragment","floor":18},{"not_picked":["Steam","Barrage","Stack"],"picked":"Defragment","floor":19},{"not_picked":["Streamline+1","Compile Driver","Leap","Sunder"],"picked":"SKIP","floor":20},{"not_picked":["Streamline+1","Compile Driver","Sunder"],"picked":"Leap","floor":20},{"not_picked":["Auto Shields","Undo","Rebound"],"picked":"Coolheaded+1","floor":21},{"not_picked":["Rip and Tear","Heatsinks","Loop"],"picked":"Barrage+1","floor":22},{"not_picked":["Recycle","Redo","Reprogram+1"],"picked":"Amplify","floor":25},{"not_picked":["Gash","Coolheaded","Conserve Battery"],"picked":"Self Repair","floor":29},{"not_picked":["Darkness+1","Redo","Turbo","Cold Snap"],"picked":"SKIP","floor":31}],"player_experience":1024313,"relics_obtained":[{"floor":9,"key":"Tiny Chest"},{"floor":11,"key":"Boot"},{"floor":14,"key":"Question Card"},{"floor":25,"key":"Art of War"},{"floor":26,"key":"Pantograph"}],"event_choices":[{"damage_healed":0,"gold_gain":175,"player_choice":"AGREE","damage_taken":0,"max_hp_gain":0,"max_hp_loss":0,"event_name":"Liars Game","floor":4,"gold_loss":0,"cards_obtained":["Doubt"]},{"damage_healed":0,"gold_gain":0,"player_choice":"Got Potions","damage_taken":0,"max_hp_gain":0,"max_hp_loss":0,"event_name":"Lab","floor":13,"gold_loss":0},{"damage_healed":0,"gold_gain":99,"player_choice":"Stole From Cult","damage_taken":0,"max_hp_gain":0,"max_hp_loss":0,"event_name":"Nest","floor":27,"gold_loss":0},{"cards_removed":["Strike_B"],"damage_healed":0,"gold_gain":0,"player_choice":"Upgrade and Remove","damage_taken":0,"max_hp_gain":0,"max_hp_loss":0,"event_name":"Designer","floor":30,"gold_loss":90,"cards_upgraded":["Dualcast"]}],"is_beta":false,"boss_relics":[{"not_picked":["Snecko Eye","Philosopher\u0027s Stone"],"picked":"Cursed Key"},{"not_picked":["Calling Bell","Coffee Dripper"],"picked":"White Beast Statue"}],"items_purged_floors":[7],"is_endless":false,"potions_floor_spawned":[2,5,14,19,23,25,29,33],"killed_by":"3 Darklings","ascension_level":13}