{"gold_per_floor":[116,132,152,14,14,42,53,86,86,100,100,131,131,86,86,162,162,176,192,192,172,191,191,226,226,226,226,242,167,167,180,180,254,254,272,272,272,272,286,313,313,345,345,372,391,132,132,132,132,132,132,132,132,21,53,53],"floor_reached":57,"playtime":9687,"items_purged":["Strike_B+1"],"score":2866,"play_id":"e6616492-8003-4ce9-b88a-3d7113e7e6b0","local_time":"20181206195602","is_ascension_mode":true,"campfire_choices":[{"data":"Streamline","floor":11,"key":"SMITH"},{"data":"Biased Cognition","floor":13,"key":"SMITH"},{"data":"Blizzard","floor":15,"key":"SMITH"},{"data":"Electrodynamics","floor":23,"key":"SMITH"},{"floor":27,"key":"RECALL"},{"data":"Genetic Algorithm","floor":30,"key":"SMITH"},{"data":"Self Repair","floor":32,"key":"SMITH"},{"data":"Darkness","floor":41,"key":"SMITH"},{"data":"Panacea","floor":49,"key":"SMITH"},{"data":"Glacier","floor":53,"key":"SMITH"}],"neow_cost":"NONE","seed_source_timestamp":932157667403002,"circlet_count":0,"master_deck":["AscendersBane","Strike_B+1","Defend_B+1","Defend_B+1","Defend_B+1","Defend_B+1","Self Repair+1","Streamline+1","Go for the Eyes+1","Glacier+1","Genetic Algorithm+1","Undo","Biased Cognition+1","Blizzard+1","Recycle","Electrodynamics+1","Darkness+1","Creative AI","All For One+1","Double Energy+1","Recycle+1","Genetic Algorithm+1","Defragment+1","Panacea+1","Cold Snap","Hologram","Glacier"],"relics":["Cracked Core","NeowsBlessing","Boot","Anchor","Happy Flower","Singing Bowl","Snecko Eye","Juzu Bracelet","Pantograph","Astrolabe","Blood Vial","Darkstone Periapt","Potion Belt","Bronze Scales","Dodecahedron"],"potions_floor_usage":[6,12,16,24,40,40,42,44,56],"damage_taken":[{"damage":0,"enemies":"Cultist","floor":1,"turns":1},{"damage":0,"enemies":"Jaw Worm","floor":2,"turns":1},{"damage":0,"enemies":"Small Slimes","floor":3,"turns":1},{"damage":14,"enemies":"3 Sentries","floor":6,"turns":13},{"damage":4,"enemies":"Red Slaver","floor":7,"turns":3},{"damage":17,"enemies":"Lagavulin","floor":8,"turns":8},{"damage":3,"enemies":"Exordium Wildlife","floor":10,"turns":6},{"damage":30,"enemies":"3 Sentries","floor":12,"turns":23},{"damage":0,"enemies":"Exordium Thugs","floor":14,"turns":7},{"damage":34,"enemies":"Hexaghost","floor":16,"turns":12},{"damage":1,"enemies":"Shell Parasite","floor":18,"turns":10},{"damage":1,"enemies":"2 Thieves","floor":19,"turns":5},{"damage":0,"enemies":"Centurion and Healer","floor":22,"turns":7},{"damage":0,"enemies":"Slavers","floor":24,"turns":4},{"damage":0,"enemies":"Cultist and Chosen","floor":28,"turns":7},{"damage":5,"enemies":"3 Cultists","floor":31,"turns":4},{"damage":11,"enemies":"Champ","floor":33,"turns":28},{"damage":5,"enemies":"Orb Walker","floor":35,"turns":4},{"damage":0,"enemies":"3 Shapes","floor":39,"turns":2},{"damage":12,"enemies":"Reptomancer","floor":40,"turns":5},{"damage":0,"enemies":"Giant Head","floor":42,"turns":9},{"damage":45,"enemies":"Reptomancer","floor":44,"turns":8},{"damage":8,"enemies":"Spire Growth","floor":45,"turns":7},{"damage":13,"enemies":"Time Eater","floor":50,"turns":28},{"damage":17,"enemies":"Awakened One","floor":51,"turns":60},{"damage":37,"enemies":"Shield and Spear","floor":55,"turns":8},{"damage":40,"enemies":"The Heart","floor":56,"turns":13}],"seed_played":"3597415868949482471","potions_obtained":[{"floor":2,"key":"Block Potion"},{"floor":3,"key":"Poison Potion"},{"floor":8,"key":"Regen Potion"},{"floor":12,"key":"GamblersBrew"},{"floor":14,"key":"Ancient Potion"},{"floor":16,"key":"EntropicBrew"},{"floor":24,"key":"SteroidPotion"},{"floor":39,"key":"FocusPotion"},{"floor":40,"key":"GamblersBrew"},{"floor":55,"key":"PowerPotion"}],"is_trial":false,"path_per_floor":["M","M","M","$","?","E","M","E","T","M","R","E","R","M","R","B",null,"M","M","?","?","M","R","E","?","T","R","M","$","R","M","R","B",null,"M","$","?","?","M","E","R","E","T","E","M","$","?","?","R","B","B",null,"R","$","E","B",null],"character_chosen":"DEFECT","items_purchased":["Cold Snap","Glacier","Bronze Scales","Panacea","Cold Snap","Hologram"],"campfire_rested":0,"item_purchase_floors":[4,4,46,46,54,54],"current_hp_per_floor":[64,64,64,64,57,50,53,43,43,47,47,39,39,46,46,21,60,68,74,74,74,75,75,77,77,77,77,79,79,79,79,79,78,79,81,81,81,81,83,83,83,87,87,52,58,58,58,58,58,82,72,85,85,85,60,57],"gold":53,"neow_bonus":"THREE_ENEMY_KILL","is_prod":false,"is_daily":false,"chose_seed":false,"campfire_upgraded":9,"win_rate":0,"timestamp":1544144162,"path_taken":["M","?","M","$","?","E","M","E","T","M","R","E","R","M","R","BOSS","M","M","?","?","M","R","E","?","T","R","M","$","R","M","R","BOSS","M","?","?","?","M","E","R","E","T","E","M","$","?","?","R","BOSS","BOSS","R","$","E","BOSS"],"build_version":"2018-12-06","purchased_purges":1,"victory":true,"max_hp_per_floor":[71,71,71,71,71,71,71,71,71,71,71,71,71,71,71,73,73,75,75,75,75,75,75,77,77,77,77,79,79,79,79,79,79,79,81,81,81,81,83,85,85,87,87,87,89,89,89,89,89,89,89,89,89,89,89,89],"card_choices":[{"not_picked":["Hologram","Hello World"],"picked":"Self Repair","floor":1},{"not_picked":["Melter","Chill"],"picked":"Streamline","floor":2},{"not_picked":["Rebound","Gash"],"picked":"Go for the Eyes","floor":3},{"not_picked":["Fusion","Lockon","Auto Shields"],"picked":"SKIP","floor":6},{"not_picked":["Turbo","Redo","Steam Power"],"picked":"SKIP","floor":7},{"not_picked":["Chill","Coolheaded"],"picked":"Genetic Algorithm","floor":8},{"not_picked":["Turbo","Scrape"],"picked":"Undo","floor":10},{"not_picked":["Leap","Hologram"],"picked":"Biased Cognition","floor":12},{"not_picked":["Stack","Go for the Eyes"],"picked":"Blizzard","floor":14},{"not_picked":["Meteor Strike","Buffer","Machine Learning"],"picked":"Singing Bowl","floor":16},{"not_picked":["Go for the Eyes","Rebound","Compile Driver"],"picked":"Singing Bowl","floor":18},{"not_picked":["Go for the Eyes","Turbo"],"picked":"Recycle","floor":19},{"not_picked":["Beam Cell","Melter"],"picked":"Electrodynamics","floor":22},{"not_picked":["Leap","Ball Lightning","Redo"],"picked":"Singing Bowl","floor":24},{"not_picked":["Steam","Leap","Stack"],"picked":"Singing Bowl","floor":28},{"not_picked":["Hello World","Cold Snap"],"picked":"Darkness","floor":31},{"not_picked":["Amplify","All For One"],"picked":"Creative AI","floor":33},{"not_picked":["Streamline","White Noise","Blizzard+1"],"picked":"Singing Bowl","floor":35},{"not_picked":["Coolheaded","Cold Snap","Rebound"],"picked":"Singing Bowl","floor":39},{"not_picked":["Sweeping Beam","Barrage","Steam"],"picked":"Singing Bowl","floor":40},{"not_picked":["Sweeping Beam","Gash","Leap"],"picked":"Singing Bowl","floor":42},{"not_picked":["Double Energy+1","Beam Cell"],"picked":"Defragment","floor":44},{"not_picked":["Beam Cell","Ball Lightning","Biased Cognition"],"picked":"Singing Bowl","floor":45},{"not_picked":["Go for the Eyes","Conserve Battery"],"picked":"Glacier","floor":55}],"player_experience":1044103,"relics_obtained":[{"floor":6,"key":"Boot"},{"floor":8,"key":"Anchor"},{"floor":9,"key":"Happy Flower"},{"floor":12,"key":"Singing Bowl"},{"floor":24,"key":"Juzu Bracelet"},{"floor":26,"key":"Pantograph"},{"floor":40,"key":"Blood Vial"},{"floor":42,"key":"Darkstone Periapt"},{"floor":44,"key":"Potion Belt"},{"floor":55,"key":"Dodecahedron"}],"event_choices":[{"cards_removed":["Strike_B"],"damage_healed":0,"gold_gain":0,"player_choice":"Card Removal","damage_taken":7,"max_hp_gain":0,"max_hp_loss":0,"event_name":"Golden Wing","floor":5,"gold_loss":0},{"damage_healed":0,"gold_gain":0,"player_choice":"Simplicity","damage_taken":0,"max_hp_gain":0,"max_hp_loss":0,"event_name":"Back to Basics","floor":20,"gold_loss":0,"cards_upgraded":["Strike_B","Strike_B","Strike_B","Defend_B","Defend_B","Defend_B","Defend_B"]},{"damage_healed":0,"gold_gain":0,"player_choice":"Bought 1 Potion","damage_taken":0,"max_hp_gain":0,"max_hp_loss":0,"event_name":"The Woman in Blue","floor":21,"gold_loss":0},{"damage_healed":0,"gold_gain":0,"player_choice":"Forge","damage_taken":0,"max_hp_gain":0,"max_hp_loss":0,"event_name":"Accursed Blacksmith","floor":25,"gold_loss":0,"cards_upgraded":["Go for the Eyes"]},{"damage_healed":0,"gold_gain":0,"player_choice":"Copied","damage_taken":0,"max_hp_gain":0,"max_hp_loss":0,"event_name":"Duplicator","floor":37,"gold_loss":0,"cards_obtained":["Genetic Algorithm"]},{"damage_healed":0,"gold_gain":0,"player_choice":"Ignored","damage_taken":0,"max_hp_gain":0,"max_hp_loss":0,"event_name":"Tomb of Lord Red Mask","floor":38,"gold_loss":0},{"cards_removed":["Cold Snap"],"damage_healed":0,"gold_gain":0,"player_choice":"Removed Attack","damage_taken":0,"max_hp_gain":0,"max_hp_loss":0,"event_name":"Falling","floor":47,"gold_loss":0},{"damage_healed":0,"gold_gain":0,"player_choice":"Upgraded","damage_taken":0,"max_hp_gain":0,"max_hp_loss":0,"event_name":"Upgrade Shrine","floor":48,"gold_loss":0,"cards_upgraded":["Defragment"]}],"is_beta":true,"boss_relics":[{"not_picked":["Fusion Hammer","Busted Crown"],"picked":"Snecko Eye"},{"not_picked":["Runic Pyramid","Orrery"],"picked":"Astrolabe"}],"items_purged_floors":[29],"is_endless":false,"potions_floor_spawned":[2,3,8,12,14,16,18,19,24,28,39,40,55],"ascension_level":20}