{"gold_per_floor":[113,113,113,288,307,319,344,359,359,388,426,23,47,61,61,159,159,173,187,187,201,216,251,251,151,219,245,270,289,303,318,318,416,416,435,447,447,459,182,213,213,213,240,294,329,12,12,12,12,12],"floor_reached":51,"playtime":10930,"items_purged":["Doubt","Writhe","Strike_G"],"score":757,"play_id":"bf6c4588-930f-4131-89ba-1fc04e0a5c26","local_time":"20190510202214","is_ascension_mode":false,"campfire_choices":[{"data":"Terror","floor":15.0,"key":"SMITH"},{"data":"Wraith Form v2","floor":32.0,"key":"SMITH"},{"floor":42.0,"key":"REST"},{"data":"Malaise","floor":49,"key":"SMITH"}],"neow_cost":"NONE","seed_source_timestamp":0,"circlet_count":0,"master_deck":["Defend_G+1","Defend_G+1","Defend_G+1","Defend_G+1","Defend_G+1","Strike_G+1","Survivor+1","Neutralize+1","Poisoned Stab+1","Heel Hook+1","Deadly Poison+1","Underhanded Strike+1","Bouncing Flask+1","Quick Slash+1","Deflect+1","Poisoned Stab+1","Noxious Fumes+1","Die Die Die+1","Terror+1","Wraith Form v2+1","PiercingWail+1","Finisher+1","Bane+1","Backflip+1","Leg Sweep+1","All Out Attack+1","Noxious Fumes+1","Corpse Explosion+1","Footwork+1","Caltrops+1","Adrenaline+1","Backflip+1","Malaise+1"],"special_seed":0,"relics":["Ring of the Snake","Pen Nib","Bronze Scales","Bottled Lightning","MawBank","Bird Faced Urn","PreservedInsect","Whetstone","Philosopher\u0027s Stone","Gremlin Horn","Vajra","Nilry\u0027s Codex","Frozen Egg 2","Red Mask","Juzu Bracelet","Empty Cage","Anchor","Meat on the Bone","Mark of the Bloom","Ancient Tea Set","Nunchaku","War Paint","Bottled Tornado","Molten Egg 2"],"potions_floor_usage":[50,50],"damage_taken":[{"damage":0.0,"enemies":"2 Louse","floor":1.0,"turns":3.0},{"damage":1.0,"enemies":"Jaw Worm","floor":5.0,"turns":3.0},{"damage":0.0,"enemies":"Small Slimes","floor":6.0,"turns":3.0},{"damage":28.0,"enemies":"Gremlin Nob","floor":7.0,"turns":3.0},{"damage":2.0,"enemies":"Blue Slaver","floor":8.0,"turns":4.0},{"damage":2.0,"enemies":"Looter","floor":10.0,"turns":3.0},{"damage":6.0,"enemies":"Lagavulin","floor":11.0,"turns":5.0},{"damage":1.0,"enemies":"3 Louse","floor":14.0,"turns":2.0},{"damage":21.0,"enemies":"Hexaghost","floor":16.0,"turns":7.0},{"damage":8.0,"enemies":"Shell Parasite","floor":18.0,"turns":4.0},{"damage":3.0,"enemies":"Spheric Guardian","floor":19.0,"turns":4.0},{"damage":0.0,"enemies":"3 Cultists","floor":21.0,"turns":4.0},{"damage":8.0,"enemies":"Chosen and Byrds","floor":22.0,"turns":4.0},{"damage":2.0,"enemies":"Slavers","floor":23.0,"turns":4.0},{"damage":0.0,"enemies":"Masked Bandits","floor":27.0,"turns":2.0},{"damage":4.0,"enemies":"Book of Stabbing","floor":28.0,"turns":4.0},{"damage":14.0,"enemies":"Shelled Parasite and Fungi","floor":29.0,"turns":2.0},{"damage":1.0,"enemies":"Centurion and Healer","floor":30.0,"turns":3.0},{"damage":5.0,"enemies":"Chosen and Byrds","floor":31.0,"turns":4.0},{"damage":2.0,"enemies":"Automaton","floor":33.0,"turns":8.0},{"damage":12.0,"enemies":"Orb Walker","floor":35.0,"turns":4.0},{"damage":27.0,"enemies":"3 Shapes","floor":36.0,"turns":4.0},{"damage":3.0,"enemies":"Jaw Worm Horde","floor":38.0,"turns":4.0},{"damage":10.0,"enemies":"Nemesis","floor":40.0,"turns":7.0},{"damage":0.0,"enemies":"2 Orb Walkers","floor":44.0,"turns":3.0},{"damage":31,"enemies":"Giant Head","floor":45,"turns":7},{"damage":14,"enemies":"Time Eater","floor":50,"turns":10}],"seed_played":"7314455179757734719","potions_obtained":[{"floor":5.0,"key":"EssenceOfSteel"},{"floor":6.0,"key":"PowerPotion"},{"floor":8.0,"key":"Regen Potion"},{"floor":11.0,"key":"FearPotion"},{"floor":19.0,"key":"GhostInAJar"},{"floor":21.0,"key":"Swift Potion"},{"floor":29.0,"key":"LiquidBronze"},{"floor":30.0,"key":"Fire Potion"},{"floor":31.0,"key":"FearPotion"},{"floor":38.0,"key":"SpeedPotion"},{"floor":40.0,"key":"Strength Potion"},{"floor":45,"key":"Dexterity Potion"}],"is_trial":false,"path_per_floor":["M","?","?","?","M","M","E","M","T","M","E","$","T","M","R","B",null,"M","M","?","M","M","E","?","$","T","?","E","M","M","M","R","B",null,"M","M","?","M","$","E","?","R","T","?","E","$","?","$","R","B",null],"character_chosen":"THE_SILENT","items_purchased":["Noxious Fumes","PreservedInsect","Die Die Die","Anchor","Bottled Tornado","GhostInAJar"],"campfire_rested":1,"item_purchase_floors":[12,12,12,39,46,46],"current_hp_per_floor":[70,70,52,52,51,51,23,21,21,19,27,27,27,28,28,9,70,62,61,61,65,59,59,43,43,43,43,45,31,32,33,33,43,70,64,49,80,80,80,72,72,72,72,72,41,41,41,41,41,27],"gold":12,"neow_bonus":"RANDOM_COMMON_RELIC","is_prod":false,"is_daily":false,"chose_seed":false,"campfire_upgraded":3,"win_rate":0.0,"timestamp":1557499934,"path_taken":["M","?","?","?","M","M","E","M","T","M","E","?","?","?","R","BOSS","M","M","?","M","M","E","?","?","T","?","E","M","M","M","R","BOSS","M","M","?","M","?","E","?","R","T","?","E","$","?","?","R","BOSS"],"build_version":"2019-01-23","purchased_purges":3,"victory":true,"max_hp_per_floor":[70,70,70,70,70,70,70,70,70,70,70,70,70,70,70,70,70,70,70,70,70,70,70,70,70,70,70,70,70,70,70,70,70,70,70,70,80,80,80,80,80,80,80,80,80,80,80,80,80,80],"card_choices":[{"not_picked":["Bane","Blade Dance"],"picked":"Poisoned Stab","floor":1.0},{"not_picked":["Sucker Punch","Flying Knee"],"picked":"Deadly Poison","floor":5.0},{"not_picked":["Endless Agony","Outmaneuver"],"picked":"Underhanded Strike","floor":6.0},{"not_picked":["Malaise","Underhanded Strike"],"picked":"Bouncing Flask","floor":7.0},{"not_picked":["Outmaneuver","Dagger Throw"],"picked":"Quick Slash","floor":8.0},{"not_picked":["Prepared","Masterful Stab"],"picked":"Deflect","floor":10.0},{"not_picked":["Deflect","Calculated Gamble"],"picked":"Poisoned Stab","floor":11.0},{"not_picked":["Tools of the Trade","Deadly Poison"],"picked":"Terror","floor":14.0},{"not_picked":["Unload","A Thousand Cuts"],"picked":"Wraith Form v2","floor":16.0},{"not_picked":["Predator","Deflect"],"picked":"PiercingWail","floor":18.0},{"not_picked":["Masterful Stab+1","Expertise+1"],"picked":"Finisher+1","floor":19.0},{"not_picked":["Masterful Stab","Flying Knee"],"picked":"Bane","floor":21.0},{"not_picked":["Blade Dance","Finisher+1"],"picked":"Backflip+1","floor":22.0},{"not_picked":["Wraith Form v2","Catalyst"],"picked":"Leg Sweep+1","floor":23.0},{"not_picked":["Underhanded Strike","Quick Slash"],"picked":"All Out Attack","floor":27.0},{"not_picked":["Escape Plan+1","Deflect"],"picked":"Tools of the Trade+1","floor":28.0},{"not_picked":["Flying Knee","Dodge and Roll","Underhanded Strike+1"],"picked":"SKIP","floor":29.0},{"not_picked":["Flechettes","Prepared"],"picked":"Noxious Fumes+1","floor":30.0},{"not_picked":["Finisher","Crippling Poison"],"picked":"Caltrops+1","floor":31.0},{"not_picked":["Malaise","Envenom+1"],"picked":"Corpse Explosion","floor":33.0},{"not_picked":["Dagger Spray+1","Blade Dance"],"picked":"Footwork+1","floor":35.0},{"not_picked":["Outmaneuver+1","Terror+1"],"picked":"Caltrops+1","floor":36.0},{"not_picked":["Distraction","Blade Dance+1","Slice"],"picked":"SKIP","floor":38.0},{"not_picked":["Slice+1","Acrobatics+1"],"picked":"Adrenaline","floor":40.0},{"not_picked":["Deadly Poison+1","Poisoned Stab"],"picked":"Backflip+1","floor":44.0},{"not_picked":["Blade Dance","Bane"],"picked":"Malaise","floor":45}],"player_experience":93896,"relics_obtained":[{"floor":7.0,"key":"Bottled Lightning"},{"floor":9.0,"key":"MawBank"},{"floor":11.0,"key":"Bird Faced Urn"},{"floor":13.0,"key":"Whetstone"},{"floor":23.0,"key":"Vajra"},{"floor":24.0,"key":"Nilry\u0027s Codex"},{"floor":26.0,"key":"Frozen Egg 2"},{"floor":27.0,"key":"Red Mask"},{"floor":28.0,"key":"Juzu Bracelet"},{"floor":40.0,"key":"Meat on the Bone"},{"floor":43.0,"key":"Ancient Tea Set"},{"floor":44.0,"key":"Nunchaku"},{"floor":45,"key":"War Paint"}],"event_choices":[{"damage_healed":0.0,"max_hp_gain":0.0,"max_hp_loss":0.0,"gold_gain":0.0,"cards_transformed":["Strike_G"],"event_name":"Living Wall","player_choice":"Change","floor":2.0,"gold_loss":0.0,"damage_taken":0.0,"cards_obtained":["Heel Hook"]},{"damage_healed":0.0,"max_hp_gain":0.0,"max_hp_loss":0.0,"gold_gain":0.0,"event_name":"Scrap Ooze","player_choice":"Success","floor":3.0,"gold_loss":0.0,"damage_taken":18.0,"relics_obtained":["Bronze Scales"]},{"damage_healed":0.0,"max_hp_gain":0.0,"max_hp_loss":0.0,"gold_gain":175.0,"event_name":"Liars Game","player_choice":"AGREE","floor":4.0,"gold_loss":0.0,"damage_taken":0.0,"cards_obtained":["Doubt"]},{"damage_healed":0.0,"max_hp_gain":0.0,"max_hp_loss":0.0,"gold_gain":0.0,"event_name":"The Mausoleum","player_choice":"Opened","floor":20.0,"gold_loss":0.0,"damage_taken":0.0,"relics_obtained":["Gremlin Horn"],"cards_obtained":["Writhe"]},{"damage_healed":0.0,"max_hp_gain":0.0,"max_hp_loss":0.0,"gold_gain":0.0,"event_name":"Cursed Tome","player_choice":"Obtained Book","floor":24.0,"gold_loss":0.0,"damage_taken":16.0},{"damage_healed":0.0,"max_hp_gain":0.0,"max_hp_loss":0.0,"gold_gain":0.0,"event_name":"Masked Bandits","player_choice":"Fought Bandits","floor":27.0,"gold_loss":0.0,"damage_taken":0.0},{"cards_removed":["Tools of the Trade"],"damage_healed":21.0,"max_hp_gain":10.0,"max_hp_loss":0.0,"gold_gain":0.0,"event_name":"Bonfire Elementals","player_choice":"Offered Rare","floor":37.0,"gold_loss":0.0,"damage_taken":0.0},{"damage_healed":0.0,"max_hp_gain":0.0,"max_hp_loss":0.0,"gold_gain":0.0,"event_name":"MindBloom","player_choice":"Upgrade","floor":41.0,"gold_loss":0.0,"damage_taken":0.0,"cards_upgraded":["Defend_G","Defend_G","Defend_G","Defend_G","Defend_G","Survivor","Neutralize","Poisoned Stab","Heel Hook","Deadly Poison","Underhanded Strike","Bouncing Flask","Quick Slash","Deflect","Poisoned Stab","Noxious Fumes","PiercingWail","Bane","All Out Attack","Corpse Explosion","Adrenaline"],"relics_obtained":["Mark of the Bloom"]},{"damage_healed":0.0,"max_hp_gain":0.0,"max_hp_loss":0.0,"gold_gain":0.0,"event_name":"Mysterious Sphere","player_choice":"Fight","floor":44.0,"gold_loss":0.0,"damage_taken":0.0},{"cards_removed":["Caltrops"],"damage_healed":0,"gold_gain":0,"player_choice":"Gave Card","damage_taken":0,"relics_obtained":["Molten Egg 2"],"max_hp_gain":0,"max_hp_loss":0,"event_name":"WeMeetAgain","floor":47,"gold_loss":0}],"is_beta":false,"boss_relics":[{"not_picked":["Astrolabe","Coffee Dripper"],"picked":"Philosopher\u0027s Stone"},{"not_picked":["Tiny House","WristBlade"],"picked":"Empty Cage"}],"items_purged_floors":[12,25,39],"is_endless":false,"potions_floor_spawned":[5,6,8,11,19,21,22,29,30,31,38,40,45],"ascension_level":0}