{"gold_per_floor":[112,112,73,92,92,92,118,129,153,188,188,205,237,237,237,341,341,361,361,286,286,301,301,117,117,117,117,37,54,54,79,79,79],"floor_reached":33,"playtime":760,"items_purged":[],"score":441,"play_id":"8f543413-ca41-4315-af10-a5a2cd7d260c","local_time":"20190224151132","is_ascension_mode":true,"campfire_choices":[{"data":"White Noise","floor":6,"key":"SMITH"},{"floor":11,"key":"REST"},{"floor":15,"key":"REST"},{"floor":23,"key":"REST"},{"data":"Storm","floor":25,"key":"SMITH"},{"data":"Sunder","floor":27,"key":"SMITH"},{"floor":32,"key":"REST"}],"neow_cost":"NONE","seed_source_timestamp":869471491459886,"circlet_count":0,"master_deck":["Strike_B","Strike_B","Defend_B","Defend_B","Defend_B","Zap","Dualcast","Sunder+1","Creative AI+1","Defragment","White Noise+1","Sunder+1","Static Discharge","Leap","Steam+1","Rainbow+1","Turbo+1","Conserve Battery+1","Loop","Storm+1","Double Energy+1","Static Discharge","Self Repair"],"relics":["Cracked Core","NeowsBlessing","Whetstone","Juzu Bracelet","Shuriken","Toxic Egg 2","Lizard Tail","MutagenicStrength","Lantern","Pear","Kunai"],"potions_floor_usage":[13,18,33,33],"damage_taken":[{"damage":0,"enemies":"2 Louse","floor":1,"turns":1},{"damage":0,"enemies":"Cultist","floor":4,"turns":1},{"damage":0,"enemies":"Lagavulin","floor":7,"turns":1},{"damage":12,"enemies":"Jaw Worm","floor":8,"turns":2},{"damage":35,"enemies":"3 Sentries","floor":10,"turns":4},{"damage":16,"enemies":"Lots of Slimes","floor":12,"turns":3},{"damage":23,"enemies":"Gremlin Nob","floor":13,"turns":5},{"damage":53,"enemies":"Hexaghost","floor":16,"turns":8},{"damage":38,"enemies":"2 Thieves","floor":18,"turns":5},{"damage":37,"enemies":"Chosen","floor":22,"turns":5},{"damage":20,"enemies":"Snecko","floor":29,"turns":5},{"damage":5,"enemies":"Gremlin Leader","floor":31,"turns":5},{"damage":62,"enemies":"Collector","floor":33,"turns":6}],"seed_played":"1591232380813995190","potions_obtained":[{"floor":1,"key":"FearPotion"},{"floor":7,"key":"Strength Potion"},{"floor":13,"key":"FairyPotion"},{"floor":16,"key":"AttackPotion"},{"floor":31,"key":"Weak Potion"}],"is_trial":false,"path_per_floor":["M","?","$","M","?","R","E","M","T","E","R","M","E","?","R","B",null,"M","?","?","?","M","R","$","R","T","R","$","M","?","E","R","B"],"character_chosen":"DEFECT","items_purchased":["Defragment","Storm","Lantern","Double Energy+1"],"campfire_rested":4,"item_purchase_floors":[3,24,24,28],"current_hp_per_floor":[68,68,68,68,68,68,68,56,56,21,43,27,4,29,51,7,58,20,20,20,20,22,44,44,44,54,54,54,34,34,29,54,0],"gold":79,"neow_bonus":"THREE_ENEMY_KILL","is_prod":false,"is_daily":false,"chose_seed":false,"campfire_upgraded":3,"win_rate":0,"timestamp":1551031892,"path_taken":["M","?","$","?","?","R","E","M","T","E","R","M","E","?","R","BOSS","M","?","?","?","M","R","?","R","T","R","$","M","?","E","R","BOSS"],"build_version":"2019-01-23","purchased_purges":0,"victory":false,"max_hp_per_floor":[75,75,75,75,75,75,75,75,75,75,75,75,75,75,75,75,75,75,75,75,75,75,75,75,75,85,85,85,85,85,85,85,85],"card_choices":[{"not_picked":["Redo","Cold Snap"],"picked":"Sunder","floor":1},{"not_picked":["Compile Driver","Go for the Eyes"],"picked":"White Noise","floor":4},{"not_picked":["Recycle","Sweeping Beam"],"picked":"Sunder","floor":7},{"not_picked":["Steam","BootSequence"],"picked":"Static Discharge","floor":8},{"not_picked":["Streamline","Doom and Gloom","Go for the Eyes"],"picked":"SKIP","floor":10},{"not_picked":["Streamline","Blizzard"],"picked":"Leap","floor":12},{"not_picked":["Cold Snap","Barrage"],"picked":"Steam","floor":13},{"not_picked":["All For One","Fission+1"],"picked":"Rainbow+1","floor":16},{"not_picked":["Conserve Battery+1","Compile Driver"],"picked":"Turbo+1","floor":18},{"not_picked":["Hologram+1","Compile Driver"],"picked":"Loop","floor":22},{"not_picked":["Redo+1","Melter+1"],"picked":"Static Discharge","floor":29},{"not_picked":["Redo+1","Turbo+1"],"picked":"Self Repair","floor":31}],"player_experience":860597,"relics_obtained":[{"floor":7,"key":"Whetstone"},{"floor":9,"key":"Juzu Bracelet"},{"floor":10,"key":"Shuriken"},{"floor":13,"key":"Toxic Egg 2"},{"floor":26,"key":"Pear"},{"floor":31,"key":"Kunai"}],"event_choices":[{"damage_healed":0,"gold_gain":0,"cards_transformed":["Strike_B"],"player_choice":"Transformed","damage_taken":0,"max_hp_gain":0,"max_hp_loss":0,"event_name":"Transmorgrifier","floor":2,"gold_loss":0,"cards_obtained":["Creative AI"]},{"damage_healed":0,"gold_gain":0,"player_choice":"Upgraded","damage_taken":0,"max_hp_gain":0,"max_hp_loss":0,"event_name":"Upgrade Shrine","floor":5,"gold_loss":0,"cards_upgraded":["Creative AI"]},{"damage_healed":25,"gold_gain":0,"player_choice":"Banana","damage_taken":0,"max_hp_gain":0,"max_hp_loss":0,"event_name":"Big Fish","floor":14,"gold_loss":0},{"damage_healed":0,"gold_gain":0,"player_choice":"Inject Mutagens","damage_taken":0,"relics_obtained":["MutagenicStrength"],"max_hp_gain":0,"max_hp_loss":0,"event_name":"Drug Dealer","floor":19,"gold_loss":0},{"cards_removed":["Defend_B"],"damage_healed":0,"gold_gain":0,"player_choice":"Gave Gold","damage_taken":0,"max_hp_gain":0,"max_hp_loss":0,"event_name":"Beggar","floor":20,"gold_loss":75},{"damage_healed":0,"gold_gain":0,"cards_transformed":["Strike_B"],"player_choice":"Transformed","damage_taken":0,"max_hp_gain":0,"max_hp_loss":0,"event_name":"Transmorgrifier","floor":21,"gold_loss":0,"cards_obtained":["Conserve Battery"]},{"damage_healed":0,"gold_gain":0,"player_choice":"Ignored","damage_taken":0,"max_hp_gain":0,"max_hp_loss":0,"event_name":"Vampires","floor":30,"gold_loss":0}],"is_beta":false,"boss_relics":[{"not_picked":["Velvet Choker","Ectoplasm"],"picked":"Lizard Tail"}],"items_purged_floors":[],"is_endless":false,"potions_floor_spawned":[1,7,13,16,31],"killed_by":"Collector","ascension_level":9}