{"gold_per_floor":[112,128,128,128,148,148,174,186,186,186,361,12,32,49,49,147,147,166,186,18,36,0,0,16,16,87,87,87,104,129,4,4,108,108,128,143,143,38,54,81,81,93,118,20,34,34,51,65,65,65],"floor_reached":50,"playtime":1635,"items_purged":["Doubt","Pain","Writhe"],"score":702,"play_id":"2942603f-451d-48d6-8856-9496a2f5e1fa","local_time":"20190503165430","is_ascension_mode":true,"campfire_choices":[{"data":"Combust","floor":6,"key":"SMITH"},{"data":"Flex","floor":10,"key":"SMITH"},{"data":"Rampage","floor":15,"key":"SMITH"},{"data":"Limit Break","floor":23,"key":"SMITH"},{"data":"Heavy Blade","floor":27,"key":"SMITH"},{"data":"Heavy Blade","floor":32,"key":"SMITH"},{"data":"True Grit","floor":41,"key":"SMITH"},{"floor":46,"key":"REST"},{"floor":49,"key":"RECALL"}],"neow_cost":"NONE","seed_source_timestamp":1817420501604800,"circlet_count":0,"master_deck":["Strike_R","Strike_R","Strike_R","Strike_R","Defend_R","Defend_R","Defend_R","Defend_R","Bash","Flex+1","Wild Strike","Combust+1","Pommel Strike","Evolve","Reckless Charge","Rampage+1","Heavy Blade+1","Pummel","Limit Break+1","Injury","Heavy Blade+1","Fiend Fire","Thunderclap+1","Flex+1","Flame Barrier","Shrug It Off+1","Exhume","Anger+1","Limit Break+1","True Grit+1","Feel No Pain","Warcry+1","Anger+1","Cleave+1","Trip","True Grit+1","Shrug It Off+1"],"relics":["Burning Blood","NeowsBlessing","Bird Faced Urn","Gremlin Horn","Meat on the Bone","Brimstone","Calling Bell","Omamori","Ornamental Fan","Unceasing Top","Mummified Hand","Pantograph","Sozu","Anchor"],"potions_floor_usage":[7,16,18,29,42],"damage_taken":[{"damage":0,"enemies":"Cultist","floor":1,"turns":1},{"damage":0,"enemies":"Small Slimes","floor":2,"turns":1},{"damage":0,"enemies":"Jaw Worm","floor":5,"turns":1},{"damage":33,"enemies":"Lagavulin","floor":7,"turns":4},{"damage":12,"enemies":"Looter","floor":8,"turns":3},{"damage":9,"enemies":"Blue Slaver","floor":13,"turns":2},{"damage":0,"enemies":"Lots of Slimes","floor":14,"turns":1},{"damage":47,"enemies":"The Guardian","floor":16,"turns":6},{"damage":17,"enemies":"Shell Parasite","floor":18,"turns":2},{"damage":40,"enemies":"Spheric Guardian","floor":19,"turns":4},{"damage":14,"enemies":"Cultist and Chosen","floor":21,"turns":3},{"damage":8,"enemies":"Snecko","floor":24,"turns":3},{"damage":27,"enemies":"Snake Plant","floor":29,"turns":2},{"damage":12,"enemies":"Gremlin Leader","floor":30,"turns":3},{"damage":66,"enemies":"Collector","floor":33,"turns":6},{"damage":0,"enemies":"Orb Walker","floor":35,"turns":1},{"damage":8,"enemies":"3 Shapes","floor":36,"turns":2},{"damage":13,"enemies":"Writhing Mass","floor":39,"turns":3},{"damage":21,"enemies":"Giant Head","floor":40,"turns":5},{"damage":43,"enemies":"Maw","floor":42,"turns":5},{"damage":27,"enemies":"3 Darklings","floor":45,"turns":3},{"damage":9,"enemies":"Sphere and 2 Shapes","floor":47,"turns":3},{"damage":43,"enemies":"Transient","floor":48,"turns":5},{"damage":80,"enemies":"Time Eater","floor":50,"turns":4}],"seed_played":"8319974493066429842","potions_obtained":[{"floor":1,"key":"SkillPotion"},{"floor":8,"key":"Swift Potion"},{"floor":16,"key":"Swift Potion"},{"floor":19,"key":"SpeedPotion"},{"floor":24,"key":"Fire Potion"}],"is_trial":false,"path_per_floor":["M","M","?","?","M","R","E","M","T","R","?","$","M","M","R","B",null,"M","M","$","M","?","R","M","$","T","R","?","M","E","$","R","B",null,"M","M","?","$","M","E","R","M","T","$","M","R","M","M","R","B"],"character_chosen":"IRONCLAD","items_purchased":["Brimstone","Rampage","Fiend Fire","True Grit","Feel No Pain","Trip"],"campfire_rested":1,"item_purchase_floors":[12,12,20,38,38,44],"current_hp_per_floor":[78,80,68,68,74,74,49,45,45,45,45,45,56,64,64,39,70,59,39,39,43,43,43,53,53,53,53,53,44,52,52,52,32,68,76,76,76,76,71,62,62,41,41,41,34,58,57,36,36,0],"gold":65,"neow_bonus":"THREE_ENEMY_KILL","is_prod":false,"is_daily":false,"chose_seed":false,"campfire_upgraded":7,"win_rate":0,"timestamp":1556916870,"path_taken":["M","?","?","?","?","R","E","?","T","R","?","$","M","M","R","BOSS","M","M","$","M","?","R","M","$","T","R","?","M","E","$","R","BOSS","M","M","?","$","?","E","R","M","T","$","M","R","M","M","R","BOSS"],"build_version":"2019-01-23","purchased_purges":3,"victory":false,"max_hp_per_floor":[80,80,80,80,80,80,80,80,80,80,80,80,80,80,80,80,80,80,80,80,80,80,80,80,80,80,80,80,80,80,80,80,80,80,80,80,80,80,80,80,80,80,80,80,80,80,80,80,80,80],"card_choices":[{"not_picked":["Battle Trance","Perfected Strike"],"picked":"Flex","floor":1},{"not_picked":["Reckless Charge","Iron Wave"],"picked":"Wild Strike","floor":2},{"not_picked":["Sword Boomerang","Clash"],"picked":"Pommel Strike","floor":5},{"not_picked":["Armaments","Thunderclap"],"picked":"Evolve","floor":7},{"not_picked":["Sword Boomerang","Brutality"],"picked":"Reckless Charge","floor":8},{"not_picked":["Thunderclap","Searing Blow"],"picked":"Heavy Blade","floor":13},{"not_picked":["Rampage","Armaments"],"picked":"Pummel","floor":14},{"not_picked":["Brutality","Fiend Fire"],"picked":"Limit Break","floor":16},{"not_picked":["Rampage","Bloodletting","Warcry"],"picked":"SKIP","floor":18},{"not_picked":["Burning Pact","Sword Boomerang"],"picked":"Heavy Blade","floor":19},{"not_picked":["Flex","Disarm"],"picked":"Thunderclap+1","floor":21},{"not_picked":["Headbutt","Pommel Strike+1"],"picked":"Flex+1","floor":24},{"not_picked":["Cleave","Perfected Strike"],"picked":"Flame Barrier","floor":29},{"not_picked":["Wild Strike+1","Clash+1"],"picked":"Shrug It Off+1","floor":30},{"not_picked":["Feed","Bludgeon"],"picked":"Exhume","floor":33},{"not_picked":["Thunderclap+1","Corruption"],"picked":"Anger+1","floor":35},{"not_picked":["Twin Strike","Sentinel+1","Clothesline+1"],"picked":"SKIP","floor":36},{"not_picked":["Headbutt","Body Slam"],"picked":"Warcry+1","floor":39},{"not_picked":["Headbutt","Warcry+1"],"picked":"Anger+1","floor":40},{"not_picked":["Wild Strike","Bloodletting"],"picked":"Cleave+1","floor":42},{"not_picked":["Clash+1","Flex","Reckless Charge+1"],"picked":"SKIP","floor":45},{"not_picked":["Sword Boomerang+1","Sentinel"],"picked":"True Grit+1","floor":47},{"not_picked":["Dark Embrace","Clash+1"],"picked":"Shrug It Off+1","floor":48}],"player_experience":143807,"relics_obtained":[{"floor":7,"key":"Gremlin Horn"},{"floor":9,"key":"Meat on the Bone"},{"floor":17,"key":"Omamori"},{"floor":17,"key":"Ornamental Fan"},{"floor":17,"key":"Unceasing Top"},{"floor":26,"key":"Mummified Hand"},{"floor":30,"key":"Pantograph"},{"floor":40,"key":"Anchor"}],"event_choices":[{"damage_healed":0,"gold_gain":0,"player_choice":"Success","damage_taken":12,"relics_obtained":["Bird Faced Urn"],"max_hp_gain":0,"max_hp_loss":0,"event_name":"Scrap Ooze","floor":3,"gold_loss":0},{"damage_healed":0,"gold_gain":0,"cards_transformed":["Strike_R"],"player_choice":"Transformed","damage_taken":0,"max_hp_gain":0,"max_hp_loss":0,"event_name":"Transmorgrifier","floor":4,"gold_loss":0,"cards_obtained":["Combust"]},{"damage_healed":0,"gold_gain":175,"player_choice":"AGREE","damage_taken":0,"max_hp_gain":0,"max_hp_loss":0,"event_name":"Liars Game","floor":11,"gold_loss":0,"cards_obtained":["Doubt"]},{"damage_healed":0,"gold_gain":0,"player_choice":"Paid Fearfully","damage_taken":0,"max_hp_gain":0,"max_hp_loss":0,"event_name":"Masked Bandits","floor":22,"gold_loss":36},{"damage_healed":0,"gold_gain":0,"player_choice":"Ignored","damage_taken":0,"max_hp_gain":0,"max_hp_loss":0,"event_name":"Ghosts","floor":28,"gold_loss":0},{"damage_healed":0,"gold_gain":0,"player_choice":"Copied","damage_taken":0,"max_hp_gain":0,"max_hp_loss":0,"event_name":"Duplicator","floor":37,"gold_loss":0,"cards_obtained":["Limit Break"]}],"is_beta":false,"boss_relics":[{"not_picked":["Black Star","Runic Pyramid"],"picked":"Calling Bell"},{"not_picked":["Orrery","Eternal Feather"],"picked":"Sozu"}],"items_purged_floors":[12,20,31],"is_endless":false,"potions_floor_spawned":[1,8,16,19,24,36,45,47],"killed_by":"Time Eater","ascension_level":6}