{"gold_per_floor":[366,366,441,391,4,31,31,31,56,81,81,110,110,141,141,238,238,249,269,304,322,36,64,64,92,119,150,160,160,160,160,160,265,265,276,328,340,7,7,32,52,84,84,84,119,119,148,171,171,171,171,171,21,53,53],"floor_reached":56,"playtime":3648,"items_purged":["Normality","Anger"],"score":1754,"play_id":"968de340-83a2-41a1-a639-562f66d0e605","local_time":"20190511195151","is_ascension_mode":true,"campfire_choices":[{"data":"Apotheosis","floor":8,"key":"SMITH"},{"data":"Evolve","floor":11,"key":"SMITH"},{"data":"Offering","floor":15,"key":"SMITH"},{"data":"Shockwave","floor":24,"key":"SMITH"},{"data":"Inflame","floor":29,"key":"SMITH"},{"data":"Feel No Pain","floor":32,"key":"SMITH"},{"floor":46,"key":"RECALL"},{"floor":49,"key":"REST"},{"data":"J.A.X.","floor":52,"key":"SMITH"}],"neow_cost":"CURSE","seed_source_timestamp":687363463021698,"circlet_count":0,"master_deck":["Bash","Evolve+1","Apotheosis+1","Shockwave+1","Offering+1","True Grit+1","Sword Boomerang","Reaper","Hemokinesis","Carnage","Feed","Whirlwind","Power Through","Fiend Fire","Shrug It Off","Heavy Blade","Anger","Thunderclap","Sword Boomerang+1","Blood for Blood+1","Feel No Pain+1","Exhume","True Grit+1","Spot Weakness+1","Disarm+1","Battle Trance","Inflame+1","J.A.X.+1","Limit Break","Iron Wave+1","True Grit","Shrug It Off","Shrug It Off","Master of Strategy","Inflame","Seeing Red","Offering","Clumsy","Dark Shackles","Mayhem","Discovery","True Grit+1","Doubt","Havoc","Iron Wave+1"],"relics":["Burning Blood","Blood Vial","Membership Card","Shuriken","Blue Candle","Question Card","Boot","Pandora\u0027s Box","Red Mask","Oddly Smooth Stone","Darkstone Periapt","Pen Nib","PreservedInsect","Potion Belt","Cursed Key","Calipers","FossilizedHelix","War Paint","Anchor","Juzu Bracelet","Sundial","Bag of Marbles","Red Skull","Bag of Preparation","Centennial Puzzle"],"potions_floor_usage":[20,23,23,25,36,55,55,55,55,55],"damage_taken":[{"damage":6,"enemies":"2 Louse","floor":1,"turns":2},{"damage":0,"enemies":"Lagavulin","floor":6,"turns":7},{"damage":20,"enemies":"Gremlin Nob","floor":10,"turns":4},{"damage":11,"enemies":"Lagavulin","floor":12,"turns":4},{"damage":6,"enemies":"Gremlin Nob","floor":14,"turns":2},{"damage":40,"enemies":"The Guardian","floor":16,"turns":8},{"damage":15,"enemies":"Chosen","floor":18,"turns":3},{"damage":8,"enemies":"Spheric Guardian","floor":19,"turns":3},{"damage":12,"enemies":"Masked Bandits","floor":20,"turns":2},{"damage":10,"enemies":"3 Cultists","floor":21,"turns":4},{"damage":36,"enemies":"Slavers","floor":23,"turns":5},{"damage":14,"enemies":"Book of Stabbing","floor":25,"turns":3},{"damage":14,"enemies":"Gremlin Leader","floor":27,"turns":4},{"damage":12,"enemies":"Cultist and Chosen","floor":28,"turns":4},{"damage":38,"enemies":"Automaton","floor":33,"turns":5},{"damage":12,"enemies":"Orb Walker","floor":35,"turns":3},{"damage":39,"enemies":"2 Orb Walkers","floor":36,"turns":5},{"damage":21,"enemies":"3 Shapes","floor":37,"turns":8},{"damage":9,"enemies":"Nemesis","floor":40,"turns":5},{"damage":9,"enemies":"Maw","floor":41,"turns":7},{"damage":9,"enemies":"Giant Head","floor":42,"turns":3},{"damage":19,"enemies":"Nemesis","floor":45,"turns":7},{"damage":29,"enemies":"Reptomancer","floor":47,"turns":6},{"damage":33,"enemies":"Awakened One","floor":50,"turns":7},{"damage":18,"enemies":"Shield and Spear","floor":54,"turns":6},{"damage":16,"enemies":"The Heart","floor":55,"turns":6}],"seed_played":"-1116523180091160431","potions_obtained":[{"floor":10,"key":"LiquidBronze"},{"floor":14,"key":"Strength Potion"},{"floor":16,"key":"SkillPotion"},{"floor":19,"key":"EssenceOfSteel"},{"floor":23,"key":"Swift Potion"},{"floor":25,"key":"Fire Potion"},{"floor":33,"key":"Poison Potion"},{"floor":40,"key":"Swift Potion"},{"floor":45,"key":"SpeedPotion"}],"is_trial":false,"path_per_floor":["M","?","?","?","$","E","$","R","T","E","R","E","?","E","R","B",null,"M","M","?","M","$","E","R","E","T","E","M","R","?","?","R","B",null,"M","?","M","$","?","E","M","E","T","?","E","R","E","T","R","B",null,"R","$","E","B",null],"character_chosen":"IRONCLAD","items_purchased":["Membership Card","Apotheosis","Shockwave","Carnage","Feel No Pain","Oddly Smooth Stone","Exhume","True Grit","Fire Potion","FossilizedHelix","Ancient Potion","Shrug It Off","Master of Strategy","Inflame","PowerPotion","Bag of Preparation","LiquidBronze","Havoc"],"campfire_rested":1,"item_purchase_floors":[5,5,5,5,22,22,22,22,22,38,38,38,38,38,53,53,53,53],"current_hp_per_floor":[80,80,69,69,69,77,77,77,77,65,65,62,62,64,64,32,80,82,82,84,84,84,80,80,78,78,82,82,82,82,82,82,52,100,100,75,83,83,83,82,97,96,102,92,93,93,76,82,120,98,130,130,130,134,134],"gold":53,"neow_bonus":"TWO_FIFTY_GOLD","is_prod":false,"is_daily":false,"chose_seed":false,"campfire_upgraded":7,"win_rate":0,"timestamp":1557618711,"path_taken":["M","?","?","?","$","E","$","R","T","E","R","E","?","E","R","BOSS","M","M","?","M","$","E","R","E","T","E","M","R","?","?","R","BOSS","M","?","M","$","?","E","M","E","T","?","E","R","E","?","R","BOSS","R","$","E","BOSS"],"build_version":"2019-05-07","purchased_purges":2,"victory":true,"max_hp_per_floor":[80,80,80,80,80,80,80,80,80,80,80,80,80,80,80,80,80,84,84,84,88,88,92,92,96,96,96,100,100,100,100,100,100,100,100,100,107,107,107,107,111,111,117,117,117,117,121,127,127,130,130,130,130,134,134],"card_choices":[{"not_picked":["Pommel Strike","Wild Strike"],"picked":"Evolve","floor":1},{"not_picked":["Pommel Strike","Wild Strike"],"picked":"Anger","floor":6},{"not_picked":["Perfected Strike","Pommel Strike"],"picked":"Offering","floor":10},{"not_picked":["Body Slam","Headbutt"],"picked":"True Grit","floor":12},{"not_picked":["Berserk","Pommel Strike","Clothesline"],"picked":"Sword Boomerang","floor":14},{"not_picked":["Immolate","Barricade","Impervious"],"picked":"Reaper","floor":16},{"not_picked":["Havoc","Body Slam","Shockwave+1"],"picked":"Thunderclap","floor":18},{"not_picked":["Perfected Strike","Anger","Pommel Strike"],"picked":"Sword Boomerang+1","floor":19},{"not_picked":["Headbutt","Twin Strike+1","Burning Pact"],"picked":"Blood for Blood+1","floor":20},{"not_picked":["Clothesline","Berserk","Heavy Blade"],"picked":"Intimidate","floor":21},{"not_picked":["Warcry","Battle Trance","Searing Blow"],"picked":"Spot Weakness+1","floor":23},{"not_picked":["Sentinel","Perfected Strike","Clash+1"],"picked":"Disarm","floor":25},{"not_picked":["Clothesline","Searing Blow","Clash"],"picked":"Battle Trance","floor":27},{"not_picked":["Iron Wave","Entrench","Wild Strike"],"picked":"Inflame","floor":28},{"not_picked":["Barricade","Berserk","Bludgeon"],"picked":"Limit Break","floor":33},{"not_picked":["Rupture","Whirlwind","Clash"],"picked":"Iron Wave+1","floor":35},{"not_picked":["Shockwave+1","Warcry","Heavy Blade+1"],"picked":"True Grit","floor":36},{"not_picked":["Body Slam","Burning Pact","Dropkick+1"],"picked":"Shrug It Off","floor":37},{"not_picked":["Pommel Strike+1","Spot Weakness+1","Dark Embrace"],"picked":"Seeing Red","floor":40},{"not_picked":["Cleave+1","Whirlwind","Perfected Strike","Twin Strike"],"picked":"SKIP","floor":41},{"not_picked":["Anger","Havoc+1","Clash+1"],"picked":"Offering","floor":42},{"not_picked":["Panacea","Good Instincts","Deep Breath"],"picked":"Dark Shackles","floor":44},{"not_picked":["Good Instincts","Master of Strategy","Dark Shackles"],"picked":"Mayhem","floor":44},{"not_picked":["Madness","Good Instincts","Forethought"],"picked":"Discovery","floor":44},{"not_picked":["Infernal Blade+1","Spot Weakness","Cleave+1","Body Slam+1"],"picked":"SKIP","floor":45},{"not_picked":["Anger","Flex+1","Searing Blow+1"],"picked":"True Grit+1","floor":47},{"not_picked":["Rupture+1","Clash+1","Immolate"],"picked":"Iron Wave+1","floor":54}],"player_experience":5723552,"relics_obtained":[{"floor":6,"key":"Shuriken"},{"floor":10,"key":"Blue Candle"},{"floor":12,"key":"Question Card"},{"floor":14,"key":"Boot"},{"floor":20,"key":"Red Mask"},{"floor":23,"key":"Darkstone Periapt"},{"floor":25,"key":"Pen Nib"},{"floor":26,"key":"PreservedInsect"},{"floor":27,"key":"Potion Belt"},{"floor":36,"key":"Calipers"},{"floor":40,"key":"War Paint"},{"floor":42,"key":"Anchor"},{"floor":43,"key":"Juzu Bracelet"},{"floor":45,"key":"Sundial"},{"floor":47,"key":"Bag of Marbles"},{"floor":48,"key":"Red Skull"},{"floor":54,"key":"Centennial Puzzle"}],"event_choices":[{"damage_healed":0,"gold_gain":0,"player_choice":"Box","damage_taken":0,"relics_obtained":["Blood Vial"],"max_hp_gain":0,"max_hp_loss":0,"event_name":"Big Fish","floor":2,"gold_loss":0,"cards_obtained":["Regret"]},{"damage_healed":0,"gold_gain":75,"player_choice":"Gather Gold","damage_taken":11,"max_hp_gain":0,"max_hp_loss":0,"event_name":"World of Goop","floor":3,"gold_loss":0},{"cards_removed":["Regret"],"damage_healed":0,"gold_gain":0,"player_choice":"Card Removal","damage_taken":0,"max_hp_gain":0,"max_hp_loss":0,"event_name":"The Cleric","floor":4,"gold_loss":50},{"damage_healed":0,"gold_gain":0,"player_choice":"Grow","damage_taken":0,"max_hp_gain":0,"max_hp_loss":0,"event_name":"Living Wall","floor":13,"gold_loss":0,"cards_upgraded":["True Grit"]},{"damage_healed":0,"gold_gain":0,"player_choice":"Fought Bandits","damage_taken":0,"max_hp_gain":0,"max_hp_loss":0,"event_name":"Masked Bandits","floor":20,"gold_loss":0},{"damage_healed":0,"gold_gain":0,"player_choice":"Obtain J.A.X.","damage_taken":0,"max_hp_gain":0,"max_hp_loss":0,"event_name":"Drug Dealer","floor":30,"gold_loss":0,"cards_obtained":["J.A.X."]},{"cards_removed":["Carnage"],"damage_healed":0,"gold_gain":0,"player_choice":"Elegance","damage_taken":0,"max_hp_gain":0,"max_hp_loss":0,"event_name":"Back to Basics","floor":31,"gold_loss":0},{"damage_healed":0,"gold_gain":0,"player_choice":"Fight","damage_taken":0,"max_hp_gain":0,"max_hp_loss":0,"event_name":"Mysterious Sphere","floor":36,"gold_loss":0},{"cards_removed":["Intimidate"],"damage_healed":0,"gold_gain":0,"player_choice":"Removed Skill","damage_taken":0,"max_hp_gain":0,"max_hp_loss":0,"event_name":"Falling","floor":39,"gold_loss":0},{"damage_healed":0,"gold_gain":0,"player_choice":"Memory 3","damage_taken":10,"max_hp_gain":0,"max_hp_loss":0,"event_name":"SensoryStone","floor":44,"gold_loss":0}],"is_beta":true,"boss_relics":[{"not_picked":["Calling Bell","Runic Pyramid"],"picked":"Pandora\u0027s Box"},{"not_picked":["White Beast Statue","Lizard Tail"],"picked":"Cursed Key"}],"items_purged_floors":[5,22],"is_endless":false,"potions_floor_spawned":[10,14,16,19,23,25,33,40,45,47,54],"ascension_level":1}