{"gold_per_floor":[114,125,140,120,130,155,65,93,147,147,58,58,6,19,19,93,93,107,107,107,117,130,130,165,165,165,196,214,214,246,256,256,256],"floor_reached":33,"playtime":1292,"items_purged":[],"score":654,"play_id":"196483c8-bec0-4dd4-a9e8-c24bd9fcaa28","local_time":"20190426011827","is_ascension_mode":true,"campfire_choices":[{"data":"Inflame","floor":10,"key":"SMITH"},{"floor":12,"key":"REST"},{"data":"Inflame","floor":15,"key":"SMITH"},{"data":"Feel No Pain","floor":23,"key":"SMITH"},{"floor":25,"key":"REST"},{"floor":32,"key":"REST"}],"neow_cost":"NONE","seed_source_timestamp":1250198232116827,"circlet_count":0,"master_deck":["AscendersBane","Strike_R+1","Strike_R+1","Strike_R+1","Strike_R+1","Strike_R+1","Defend_R+1","Defend_R+1","Defend_R+1","Defend_R+1","Bash+1","Inflame+1","Feel No Pain","Armaments","Headbutt","Inflame+1","Feel No Pain+1","Heavy Blade","Armaments+1","Sever Soul","Havoc+1","Feed","Double Tap+1","Havoc+1","Ghostly+1","Ghostly+1","Ghostly+1","Havoc+1","Battle Trance+1","Havoc+1","True Grit+1","Warcry+1"],"relics":["Burning Blood","Dodecahedron","Toxic Egg 2","Whetstone","Sozu","Ancient Tea Set","Matryoshka","Vajra","Bottled Lightning"],"potions_floor_usage":[8,8,30],"damage_taken":[{"damage":13,"enemies":"2 Louse","floor":1,"turns":4},{"damage":6,"enemies":"Cultist","floor":2,"turns":3},{"damage":4,"enemies":"Small Slimes","floor":3,"turns":3},{"damage":15,"enemies":"Looter","floor":5,"turns":5},{"damage":32,"enemies":"Gremlin Nob","floor":6,"turns":4},{"damage":15,"enemies":"Lagavulin","floor":8,"turns":7},{"damage":4,"enemies":"2 Fungi Beasts","floor":14,"turns":3},{"damage":39,"enemies":"Hexaghost","floor":16,"turns":9},{"damage":33,"enemies":"Chosen","floor":18,"turns":4},{"damage":0,"enemies":"Spheric Guardian","floor":21,"turns":4},{"damage":8,"enemies":"Shelled Parasite and Fungi","floor":22,"turns":5},{"damage":34,"enemies":"Slavers","floor":24,"turns":5},{"damage":0,"enemies":"Gremlin Leader","floor":27,"turns":7},{"damage":30,"enemies":"Snecko","floor":28,"turns":8},{"damage":2,"enemies":"Colosseum Slavers","floor":29,"turns":3},{"damage":9,"enemies":"Book of Stabbing","floor":30,"turns":5},{"damage":5,"enemies":"Centurion and Healer","floor":31,"turns":5},{"damage":55,"enemies":"Collector","floor":33,"turns":6}],"seed_played":"-4030274633792335656","potions_obtained":[{"floor":1,"key":"PowerPotion"},{"floor":3,"key":"SkillPotion"},{"floor":5,"key":"Weak Potion"},{"floor":14,"key":"Strength Potion"}],"is_trial":false,"path_per_floor":["M","M","M","?","M","E","$","E","T","R","$","R","$","M","R","B",null,"M","?","?","M","M","R","E","R","T","E","M","?","E","M","R","B"],"character_chosen":"IRONCLAD","items_purchased":["Feel No Pain","Armaments+1","Sever Soul","Havoc+1"],"campfire_rested":3,"item_purchase_floors":[7,11,11,13],"current_hp_per_floor":[68,68,70,70,61,35,35,26,26,26,26,50,50,52,52,22,69,42,42,42,42,43,43,18,32,32,42,18,25,22,23,39,0],"gold":256,"neow_bonus":"TEN_PERCENT_HP_BONUS","is_prod":false,"is_daily":false,"chose_seed":false,"campfire_upgraded":3,"win_rate":0,"timestamp":1556252307,"path_taken":["M","M","M","?","M","E","$","E","T","R","$","R","?","M","R","BOSS","M","?","?","M","M","R","E","R","T","E","M","?","E","M","R","BOSS"],"build_version":"2019-01-23","purchased_purges":0,"victory":false,"max_hp_per_floor":[82,82,82,82,82,82,82,82,82,82,82,82,82,82,82,85,85,85,42,42,42,45,45,48,48,48,52,52,55,55,55,55,55],"card_choices":[{"not_picked":["Battle Trance","Headbutt"],"picked":"Inflame","floor":1},{"not_picked":["True Grit","Bloodletting"],"picked":"Feel No Pain","floor":2},{"not_picked":["Twin Strike","Combust"],"picked":"Armaments","floor":3},{"not_picked":["Pommel Strike","Warcry"],"picked":"Headbutt","floor":5},{"not_picked":["Dropkick","Rage"],"picked":"Inflame","floor":6},{"not_picked":["Searing Blow","Body Slam"],"picked":"Heavy Blade","floor":8},{"not_picked":["Combust","Searing Blow"],"picked":"Feed","floor":14},{"not_picked":["Brutality","Fiend Fire"],"picked":"Double Tap+1","floor":16},{"not_picked":["Burning Pact+1","Body Slam"],"picked":"Havoc+1","floor":18},{"not_picked":["Searing Blow","True Grit+1"],"picked":"Havoc+1","floor":21},{"not_picked":["Searing Blow","Perfected Strike"],"picked":"Battle Trance+1","floor":22},{"not_picked":["Ghostly Armor+1","Searing Blow+1"],"picked":"Havoc+1","floor":24},{"not_picked":["Reckless Charge","Searing Blow","Clash"],"picked":"SKIP","floor":27},{"not_picked":["Twin Strike+1","Clash"],"picked":"True Grit+1","floor":28},{"not_picked":["Iron Wave","Dropkick","Anger+1"],"picked":"SKIP","floor":30},{"not_picked":["Combust","Warcry+1","Wild Strike"],"picked":"SKIP","floor":31},{"not_picked":["Combust","Wild Strike"],"picked":"Warcry+1","floor":31}],"player_experience":1225246,"relics_obtained":[{"floor":6,"key":"Dodecahedron"},{"floor":8,"key":"Toxic Egg 2"},{"floor":9,"key":"Whetstone"},{"floor":24,"key":"Ancient Tea Set"},{"floor":26,"key":"Matryoshka"},{"floor":27,"key":"Vajra"},{"floor":30,"key":"Bottled Lightning"}],"event_choices":[{"damage_healed":0,"gold_gain":0,"player_choice":"Bought 1 Potion","damage_taken":0,"max_hp_gain":0,"max_hp_loss":0,"event_name":"The Woman in Blue","floor":4,"gold_loss":0},{"damage_healed":0,"gold_gain":0,"player_choice":"Became a Ghost","damage_taken":0,"max_hp_gain":0,"max_hp_loss":43,"event_name":"Ghosts","floor":19,"gold_loss":0,"cards_obtained":["Ghostly","Ghostly","Ghostly"]},{"damage_healed":0,"gold_gain":0,"player_choice":"Simplicity","damage_taken":0,"max_hp_gain":0,"max_hp_loss":0,"event_name":"Back to Basics","floor":20,"gold_loss":0,"cards_upgraded":["Strike_R","Strike_R","Strike_R","Strike_R","Defend_R","Defend_R","Defend_R","Defend_R"]},{"damage_healed":0,"gold_gain":0,"player_choice":"Fight","damage_taken":0,"max_hp_gain":0,"max_hp_loss":0,"event_name":"Colosseum","floor":29,"gold_loss":0},{"damage_healed":0,"gold_gain":0,"player_choice":"Fled From Nobs","damage_taken":0,"max_hp_gain":0,"max_hp_loss":0,"event_name":"Colosseum","floor":29,"gold_loss":0}],"is_beta":false,"boss_relics":[{"not_picked":["Ectoplasm","Runic Cube"],"picked":"Sozu"}],"items_purged_floors":[],"is_endless":false,"potions_floor_spawned":[1,3,5,14,18,21,27,28],"killed_by":"Collector","ascension_level":17}