{"gold_per_floor":[113,113,123,123,123,155,155,184,184,195,206,240,240,35,35,135,135,150,162,173,173,4,4],"floor_reached":23,"playtime":857,"items_purged":[],"score":304,"play_id":"b183ee26-4588-4bac-8487-d0db5bf0217e","local_time":"20190503133518","is_ascension_mode":true,"campfire_choices":[{"data":"Rampage","floor":7.0,"key":"SMITH"},{"data":"Armaments","floor":15,"key":"SMITH"}],"neow_cost":"NONE","seed_source_timestamp":0,"circlet_count":0,"master_deck":["Strike_R","Strike_R","Strike_R","Strike_R","Strike_R","Defend_R","Defend_R","Defend_R","Defend_R","Bash","Rampage+1","Sword Boomerang","Flex","Battle Trance","Thunderclap","Wild Strike","Pummel","Armaments+1","Double Tap","Heavy Blade+1","Warcry+1","Power Through","Bandage Up","Ghostly Armor"],"special_seed":0,"relics":["Burning Blood","NeowsBlessing","Kunai","Omamori","Bag of Preparation","Shuriken","Lantern","Shovel","Orichalcum","Black Star"],"potions_floor_usage":[12,16,23,23],"damage_taken":[{"damage":0.0,"enemies":"2 Louse","floor":1.0,"turns":1.0},{"damage":0.0,"enemies":"Small Slimes","floor":3.0,"turns":1.0},{"damage":0.0,"enemies":"Gremlin Nob","floor":6.0,"turns":1.0},{"damage":34.0,"enemies":"3 Sentries","floor":8.0,"turns":8.0},{"damage":0,"enemies":"Jaw Worm","floor":10,"turns":3},{"damage":14,"enemies":"Lots of Slimes","floor":11,"turns":2},{"damage":15,"enemies":"Lagavulin","floor":12,"turns":3},{"damage":19,"enemies":"The Guardian","floor":16,"turns":10},{"damage":18,"enemies":"Shell Parasite","floor":18,"turns":4},{"damage":3,"enemies":"3 Byrds","floor":19,"turns":4},{"damage":23,"enemies":"Sentry and Sphere","floor":20,"turns":4},{"damage":56,"enemies":"Book of Stabbing","floor":23,"turns":7}],"seed_played":"-1555804389351085531","potions_obtained":[{"floor":3.0,"key":"Weak Potion"},{"floor":12,"key":"Regen Potion"},{"floor":18,"key":"Weak Potion"},{"floor":20,"key":"SneckoOil"}],"is_trial":false,"path_per_floor":["M","?","M","?","T","E","R","E","T","M","M","E","?","$","R","B",null,"M","M","M","?","$","E"],"character_chosen":"IRONCLAD","items_purchased":["Armaments","Orichalcum","Bandage Up","Ghostly Armor"],"campfire_rested":0,"item_purchase_floors":[14,14,22,22],"current_hp_per_floor":[78,83,85,73,73,79,79,51,51,57,49,40,40,40,40,42,74,62,65,48,48,48,0],"gold":4,"neow_bonus":"THREE_ENEMY_KILL","is_prod":false,"is_daily":false,"chose_seed":false,"campfire_upgraded":2,"win_rate":0,"timestamp":1556904918,"path_taken":["M","?","M","?","?","E","R","E","T","M","?","E","?","?","R","BOSS","M","?","M","?","$","E"],"build_version":"2019-01-23","purchased_purges":0,"victory":false,"max_hp_per_floor":[80,85,85,85,85,85,85,85,85,85,85,85,85,85,85,85,85,85,85,85,85,85,85],"card_choices":[{"not_picked":["Clash","Heavy Blade"],"picked":"Rampage","floor":1.0},{"not_picked":["Heavy Blade","Body Slam"],"picked":"Sword Boomerang","floor":3.0},{"not_picked":["Anger","True Grit"],"picked":"Flex","floor":6.0},{"not_picked":["Reckless Charge","Metallicize"],"picked":"Battle Trance","floor":8.0},{"not_picked":["Barricade","Blood for Blood"],"picked":"Thunderclap","floor":10},{"not_picked":["Iron Wave","Perfected Strike"],"picked":"Wild Strike","floor":11},{"not_picked":["Clothesline","Headbutt"],"picked":"Pummel","floor":12},{"not_picked":["Juggernaut","Reaper"],"picked":"Double Tap","floor":16},{"not_picked":["Cleave","Uppercut"],"picked":"Heavy Blade+1","floor":18},{"not_picked":["Perfected Strike","Intimidate"],"picked":"Warcry+1","floor":19},{"not_picked":["Combust+1","Searing Blow"],"picked":"Power Through","floor":20}],"player_experience":139533,"relics_obtained":[{"floor":5.0,"key":"Omamori"},{"floor":6.0,"key":"Bag of Preparation"},{"floor":8.0,"key":"Shuriken"},{"floor":9.0,"key":"Lantern"},{"floor":12,"key":"Shovel"}],"event_choices":[{"damage_healed":0.0,"max_hp_gain":5.0,"max_hp_loss":0.0,"gold_gain":0.0,"event_name":"Big Fish","player_choice":"Donut","floor":2.0,"gold_loss":0.0,"damage_taken":0.0},{"damage_healed":0.0,"max_hp_gain":0.0,"max_hp_loss":0.0,"gold_gain":0.0,"event_name":"Scrap Ooze","player_choice":"Success","floor":4.0,"gold_loss":0.0,"damage_taken":12.0,"relics_obtained":["Kunai"]},{"damage_healed":0,"gold_gain":0,"player_choice":"Ignored","damage_taken":0,"max_hp_gain":0,"max_hp_loss":0,"event_name":"Liars Game","floor":13,"gold_loss":0},{"damage_healed":0,"gold_gain":0,"player_choice":"Bought 0 Potions","damage_taken":0,"max_hp_gain":0,"max_hp_loss":0,"event_name":"The Woman in Blue","floor":21,"gold_loss":0}],"is_beta":false,"boss_relics":[{"not_picked":["Coffee Dripper","Runic Dome"],"picked":"Black Star"}],"items_purged_floors":[],"is_endless":false,"potions_floor_spawned":[3,12,18,20],"killed_by":"Book of Stabbing","ascension_level":6}