{"gold_per_floor":[109,127,145,160,171,200,200,233,233,246,281,356,381,381,381,381],"floor_reached":16,"playtime":809,"items_purged":[],"score":190,"play_id":"9ce98aab-c834-450d-9303-95f9e5170f55","local_time":"20190425100327","is_ascension_mode":true,"campfire_choices":[{"data":"Whirlwind","floor":7,"key":"SMITH"},{"data":"Perfected Strike","floor":15,"key":"SMITH"}],"neow_cost":"PERCENT_DAMAGE","seed_source_timestamp":3856380724261245,"circlet_count":0,"master_deck":["Strike_R","Strike_R+1","Strike_R+1","Strike_R","Strike_R","Defend_R","Defend_R","Defend_R","Defend_R","Bash","Iron Wave","Thunderclap","Whirlwind+1","Seeing Red","Shrug It Off","Intimidate","Ghostly Armor","Perfected Strike+1","Rage","Clash"],"relics":["Burning Blood","FossilizedHelix","Centennial Puzzle","Ornamental Fan","Whetstone","Ice Cream","Golden Idol"],"potions_floor_usage":[8,13,16,16,16],"damage_taken":[{"damage":1,"enemies":"Cultist","floor":1,"turns":3},{"damage":7,"enemies":"Jaw Worm","floor":2,"turns":5},{"damage":0,"enemies":"Small Slimes","floor":3,"turns":3},{"damage":5,"enemies":"Looter","floor":4,"turns":3},{"damage":19,"enemies":"Exordium Wildlife","floor":5,"turns":4},{"damage":23,"enemies":"3 Sentries","floor":6,"turns":6},{"damage":24,"enemies":"Lagavulin","floor":8,"turns":8},{"damage":0,"enemies":"2 Fungi Beasts","floor":10,"turns":3},{"damage":9,"enemies":"3 Sentries","floor":11,"turns":4},{"damage":0,"enemies":"Lagavulin","floor":13,"turns":6},{"damage":29,"enemies":"Hexaghost","floor":16,"turns":9}],"seed_played":"-9075719030797234673","potions_obtained":[{"floor":1,"key":"Regen Potion"},{"floor":2,"key":"Regen Potion"},{"floor":8,"key":"Swift Potion"},{"floor":11,"key":"EssenceOfSteel"},{"floor":13,"key":"FearPotion"}],"is_trial":false,"path_per_floor":["M","M","M","M","M","E","R","E","T","M","E","?","E","?","R","B"],"character_chosen":"IRONCLAD","items_purchased":[],"campfire_rested":0,"item_purchase_floors":[],"current_hp_per_floor":[77,76,82,83,70,53,53,50,50,56,53,42,48,24,24,0],"gold":381,"neow_bonus":"TWENTY_PERCENT_HP_BONUS","is_prod":false,"is_daily":false,"chose_seed":false,"campfire_upgraded":2,"win_rate":0,"timestamp":1556201007,"path_taken":["M","M","?","M","M","E","R","E","T","M","E","?","E","?","R","BOSS"],"build_version":"2019-04-23","purchased_purges":0,"victory":false,"max_hp_per_floor":[96,96,96,96,96,96,96,96,96,96,96,96,96,96,96,96],"card_choices":[{"not_picked":["Blood for Blood","Dropkick"],"picked":"Iron Wave","floor":1},{"not_picked":["Sentinel","Shrug It Off"],"picked":"Thunderclap","floor":2},{"not_picked":["Wild Strike","Shrug It Off"],"picked":"Whirlwind","floor":3},{"not_picked":["Iron Wave","Sentinel"],"picked":"Seeing Red","floor":4},{"not_picked":["Twin Strike","Pommel Strike"],"picked":"Shrug It Off","floor":5},{"not_picked":["Wild Strike","Thunderclap"],"picked":"Intimidate","floor":6},{"not_picked":["Twin Strike","Exhume"],"picked":"Ghostly Armor","floor":8},{"not_picked":["Searing Blow","Sever Soul"],"picked":"Perfected Strike","floor":10},{"not_picked":["Entrench","Flex"],"picked":"Rage","floor":11},{"not_picked":["Shrug It Off","Thunderclap"],"picked":"Clash","floor":13}],"player_experience":5486529,"relics_obtained":[{"floor":6,"key":"FossilizedHelix"},{"floor":8,"key":"Centennial Puzzle"},{"floor":9,"key":"Ornamental Fan"},{"floor":11,"key":"Whetstone"},{"floor":13,"key":"Ice Cream"}],"event_choices":[{"damage_healed":0,"gold_gain":75,"player_choice":"Gather Gold","damage_taken":11,"max_hp_gain":0,"max_hp_loss":0,"event_name":"World of Goop","floor":12,"gold_loss":0},{"damage_healed":0,"gold_gain":0,"player_choice":"Take Damage","damage_taken":24,"relics_obtained":["Golden Idol"],"max_hp_gain":0,"max_hp_loss":0,"event_name":"Golden Idol","floor":14,"gold_loss":0}],"is_beta":true,"boss_relics":[],"items_purged_floors":[],"is_endless":false,"potions_floor_spawned":[1,2,8,11,13],"killed_by":"Hexaghost","ascension_level":1}