{"gold_per_floor":[215,215,215,57,67,99,99,127,127,154,154,168,93,128,128,228,228,239,149,0,15,25,52,52,68,93,93,128,128,161,178,178,280,280,298,298,317,317,334,367,367,396,478,506,506,541,560,575,575,575,575,575,135,163,163],"floor_reached":56,"playtime":3427,"items_purged":["Strike_B","Strike_B"],"score":1534,"play_id":"1b743629-99fa-4567-a066-08b55d8397b8","local_time":"20190401190914","is_ascension_mode":true,"campfire_choices":[{"data":"Consume","floor":11,"key":"SMITH"},{"data":"Hello World","floor":15,"key":"SMITH"},{"data":"Rainbow","floor":24,"key":"SMITH"},{"data":"Coolheaded","floor":27,"key":"SMITH"},{"data":"Sunder","floor":29,"key":"SMITH"},{"data":"Go for the Eyes","floor":32,"key":"SMITH"},{"data":"Discovery","floor":45,"key":"SMITH"},{"floor":49,"key":"RECALL"},{"data":"Turbo","floor":52,"key":"SMITH"}],"neow_cost":"NONE","seed_source_timestamp":1812860963706648,"circlet_count":0,"master_deck":["Strike_B+1","Defend_B","Defend_B","Defend_B+1","Defend_B+1","Zap+1","Dualcast","Leap","Hello World+1","Consume+1","Leap","Conserve Battery","Sunder+1","Conserve Battery","Meteor Strike+1","Cold Snap+1","Ball Lightning","Rainbow+1","Melter+1","Tempest+1","Go for the Eyes+1","Coolheaded+1","Conserve Battery","Conserve Battery","Defragment+1","Electrodynamics+1","Doom and Gloom+1","Panache+1","Discovery+1","Master of Strategy","Hologram+1","Echo Form+1","Glacier+1","Skim","Coolheaded+1","Turbo+1","Turbo+1","Go for the Eyes+1","Biased Cognition+1"],"relics":["Cracked Core","Turnip","Symbiotic Virus","Letter Opener","Ice Cream","Meat on the Bone","Bag of Preparation","Coffee Dripper","DataDisk","Ornamental Fan","Dream Catcher","Frozen Egg 2","Inserter","Cables","Oddly Smooth Stone","Question Card","PreservedInsect","Bottled Tornado","Unceasing Top","Whetstone"],"potions_floor_usage":[14,18,33,33,44,46,50,55,55,55],"damage_taken":[{"damage":1,"enemies":"Jaw Worm","floor":1,"turns":3},{"damage":0,"enemies":"Small Slimes","floor":5,"turns":3},{"damage":4,"enemies":"Lagavulin","floor":6,"turns":7},{"damage":14,"enemies":"3 Sentries","floor":8,"turns":6},{"damage":0,"enemies":"Lagavulin","floor":10,"turns":4},{"damage":0,"enemies":"2 Louse","floor":12,"turns":2},{"damage":0,"enemies":"3 Sentries","floor":14,"turns":6},{"damage":24,"enemies":"Hexaghost","floor":16,"turns":7},{"damage":0,"enemies":"3 Byrds","floor":18,"turns":3},{"damage":0,"enemies":"Spheric Guardian","floor":21,"turns":1},{"damage":15,"enemies":"Centurion and Healer","floor":22,"turns":5},{"damage":5,"enemies":"Book of Stabbing","floor":23,"turns":5},{"damage":0,"enemies":"3 Cultists","floor":25,"turns":4},{"damage":0,"enemies":"Gremlin Leader","floor":28,"turns":6},{"damage":0,"enemies":"Book of Stabbing","floor":30,"turns":3},{"damage":0,"enemies":"Sentry and Sphere","floor":31,"turns":2},{"damage":12,"enemies":"Collector","floor":33,"turns":7},{"damage":5,"enemies":"3 Darklings","floor":35,"turns":2},{"damage":2,"enemies":"Orb Walker","floor":37,"turns":3},{"damage":1,"enemies":"Transient","floor":39,"turns":5},{"damage":26,"enemies":"Giant Head","floor":40,"turns":8},{"damage":0,"enemies":"Nemesis","floor":42,"turns":5},{"damage":1,"enemies":"Giant Head","floor":44,"turns":7},{"damage":1,"enemies":"Reptomancer","floor":46,"turns":3},{"damage":0,"enemies":"3 Darklings","floor":47,"turns":3},{"damage":0,"enemies":"Maw","floor":48,"turns":5},{"damage":26,"enemies":"Donu and Deca","floor":50,"turns":6},{"damage":30,"enemies":"Shield and Spear","floor":54,"turns":3},{"damage":16,"enemies":"The Heart","floor":55,"turns":7}],"seed_played":"2974956025178400139","potions_obtained":[{"floor":6,"key":"Fire Potion"},{"floor":10,"key":"SkillPotion"},{"floor":12,"key":"Poison Potion"},{"floor":18,"key":"Poison Potion"},{"floor":21,"key":"AttackPotion"},{"floor":28,"key":"Weak Potion"},{"floor":33,"key":"Dexterity Potion"},{"floor":39,"key":"PowerPotion"},{"floor":40,"key":"Block Potion"},{"floor":44,"key":"Fire Potion"},{"floor":48,"key":"Regen Potion"}],"is_trial":false,"path_per_floor":["M","?","?","$","M","E","?","E","T","E","R","M","$","E","R","B",null,"M","?","$","M","M","E","R","M","T","R","E","R","E","M","R","B",null,"M","?","M","?","M","E","?","E","T","E","R","E","M","M","R","B",null,"R","$","E","B",null],"character_chosen":"DEFECT","items_purchased":["Hello World","Consume","Leap","DataDisk","Unceasing Top","Swift Potion"],"campfire_rested":0,"item_purchase_floors":[4,4,4,20,53,53],"current_hp_per_floor":[74,74,59,59,59,55,48,34,34,34,34,46,46,46,46,34,75,75,75,75,75,60,55,55,55,55,55,55,55,55,55,55,43,75,70,60,58,58,57,43,43,43,43,42,42,41,41,41,41,27,75,75,75,45,44],"gold":163,"neow_bonus":"HUNDRED_GOLD","is_prod":false,"is_daily":false,"chose_seed":false,"campfire_upgraded":8,"win_rate":0,"timestamp":1554160154,"path_taken":["M","?","?","$","M","E","?","E","T","E","R","?","$","E","R","BOSS","M","?","$","M","?","E","R","M","T","R","E","R","E","M","R","BOSS","M","?","M","?","M","E","?","E","T","E","R","E","?","M","R","BOSS","R","$","E","BOSS"],"build_version":"2019-03-15","purchased_purges":2,"victory":true,"max_hp_per_floor":[75,75,75,75,75,75,75,75,75,75,75,75,75,75,75,75,75,75,75,75,75,75,75,75,75,75,75,75,75,75,75,75,75,75,75,75,75,75,75,75,75,75,75,75,75,75,75,75,75,75,75,75,75,75,75],"card_choices":[{"not_picked":["Barrage","Turbo"],"picked":"Leap","floor":1},{"not_picked":["Steam","Hologram"],"picked":"Conserve Battery","floor":5},{"not_picked":["Stack","Streamline"],"picked":"Sunder","floor":6},{"not_picked":["Barrage","Hyperbeam"],"picked":"Conserve Battery","floor":8},{"not_picked":["Buffer","Reinforced Body"],"picked":"Meteor Strike","floor":10},{"not_picked":["Beam Cell","Barrage"],"picked":"Cold Snap","floor":12},{"not_picked":["Reprogram","Hello World"],"picked":"Ball Lightning","floor":14},{"not_picked":["Amplify","Creative AI"],"picked":"Rainbow","floor":16},{"not_picked":["Redo","Leap"],"picked":"Melter+1","floor":18},{"not_picked":["Go for the Eyes","Gash"],"picked":"Tempest+1","floor":21},{"not_picked":["Stack","Steam"],"picked":"Go for the Eyes","floor":22},{"not_picked":["Scrape","Ball Lightning"],"picked":"Coolheaded","floor":23},{"not_picked":["Sunder","Rip and Tear+1"],"picked":"Conserve Battery","floor":25},{"not_picked":["Rebound","Cold Snap"],"picked":"Conserve Battery","floor":28},{"not_picked":["Rebound","All For One","Streamline"],"picked":"SKIP","floor":30},{"not_picked":["Beam Cell","Auto Shields"],"picked":"Defragment+1","floor":31},{"not_picked":["All For One","Rainbow"],"picked":"Electrodynamics+1","floor":33},{"not_picked":["Hologram","Steam"],"picked":"Doom and Gloom+1","floor":35},{"not_picked":["Good Instincts","Jack Of All Trades"],"picked":"Panache+1","floor":36},{"not_picked":["Deep Breath","Forethought"],"picked":"Discovery","floor":36},{"not_picked":["Swift Strike","Transmutation"],"picked":"Master of Strategy","floor":36},{"not_picked":["Ball Lightning","Beam Cell+1"],"picked":"Hologram+1","floor":37},{"not_picked":["Fusion","Stack+1"],"picked":"Echo Form+1","floor":39},{"not_picked":["Ball Lightning+1","Recycle"],"picked":"Glacier+1","floor":40},{"not_picked":["Sweeping Beam","Sunder+1"],"picked":"Skim","floor":42},{"not_picked":["Gash+1","Beam Cell","Leap+1"],"picked":"Coolheaded+1","floor":44},{"not_picked":["Cold Snap","Leap","Hello World+1"],"picked":"Turbo","floor":46},{"not_picked":["Hologram+1","Glacier+1","Sunder+1"],"picked":"Turbo+1","floor":47},{"not_picked":["FTL+1","Leap","Redo"],"picked":"Go for the Eyes+1","floor":48},{"not_picked":["Steam","Steam Power","Coolheaded+1"],"picked":"Biased Cognition+1","floor":54}],"player_experience":5110747,"relics_obtained":[{"floor":6,"key":"Turnip"},{"floor":8,"key":"Letter Opener"},{"floor":9,"key":"Ice Cream"},{"floor":10,"key":"Meat on the Bone"},{"floor":14,"key":"Bag of Preparation"},{"floor":23,"key":"Ornamental Fan"},{"floor":28,"key":"Dream Catcher"},{"floor":30,"key":"Frozen Egg 2"},{"floor":40,"key":"Cables"},{"floor":42,"key":"Oddly Smooth Stone"},{"floor":43,"key":"Question Card"},{"floor":44,"key":"PreservedInsect"},{"floor":46,"key":"Bottled Tornado"},{"floor":54,"key":"Whetstone"}],"event_choices":[{"damage_healed":0,"gold_gain":0,"player_choice":"Grow","damage_taken":0,"max_hp_gain":0,"max_hp_loss":0,"event_name":"Living Wall","floor":2,"gold_loss":0,"cards_upgraded":["Zap"]},{"damage_healed":0,"gold_gain":0,"player_choice":"Entered Light","damage_taken":15,"max_hp_gain":0,"max_hp_loss":0,"event_name":"Shining Light","floor":3,"gold_loss":0,"cards_upgraded":["Strike_B","Defend_B"]},{"damage_healed":0,"gold_gain":0,"player_choice":"Success","damage_taken":7,"relics_obtained":["Symbiotic Virus"],"max_hp_gain":0,"max_hp_loss":0,"event_name":"Scrap Ooze","floor":7,"gold_loss":0},{"cards_removed":["Strike_B"],"damage_healed":0,"gold_gain":0,"player_choice":"Upgrade and Remove","damage_taken":0,"max_hp_gain":0,"max_hp_loss":0,"event_name":"Designer","floor":19,"gold_loss":90,"cards_upgraded":["Defend_B"]},{"damage_healed":0,"gold_gain":0,"player_choice":"Memory 3","damage_taken":10,"max_hp_gain":0,"max_hp_loss":0,"event_name":"SensoryStone","floor":36,"gold_loss":0},{"damage_healed":0,"gold_gain":0,"player_choice":"Ignored","damage_taken":0,"max_hp_gain":0,"max_hp_loss":0,"event_name":"Mysterious Sphere","floor":38,"gold_loss":0},{"damage_healed":0,"gold_gain":0,"player_choice":"Ignored","damage_taken":0,"max_hp_gain":0,"max_hp_loss":0,"event_name":"Tomb of Lord Red Mask","floor":41,"gold_loss":0}],"is_beta":true,"boss_relics":[{"not_picked":["Astrolabe","Philosopher\u0027s Stone"],"picked":"Coffee Dripper"},{"not_picked":["Busted Crown","Empty Cage"],"picked":"Inserter"}],"items_purged_floors":[13,53],"is_endless":false,"potions_floor_spawned":[6,10,12,18,21,28,31,33,39,40,42,44,48,54],"ascension_level":1}