{"gold_per_floor":[359,132,142,157,157,157,170,199,199,230,405,405,435,451,451,554,554,572,572,572,592,546,565,565,264,264,282,282,311,331,393,393,393],"floor_reached":33,"playtime":1750,"items_purged":[],"score":380,"play_id":"e2699fd9-f621-49c1-ab9f-066cc5375e99","local_time":"20180712165318","is_ascension_mode":true,"campfire_choices":[{"floor":6,"key":"REST"},{"floor":12,"key":"REST"},{"data":"Inflame","floor":15,"key":"SMITH"},{"floor":24,"key":"REST"},{"floor":28,"key":"REST"},{"floor":32,"key":"REST"}],"neow_cost":"FIFTY_PERCENT_DAMAGE","seed_source_timestamp":1029364831049094,"circlet_count":0,"master_deck":["Strike_R","Strike_R","Strike_R","Strike_R","Strike_R","Defend_R","Defend_R","Defend_R","Defend_R","Bash","Heavy Blade","Apotheosis+1","Spot Weakness","Flex","Metallicize","Shrug It Off","Flex","Inflame+1","Clash","Barricade","Pommel Strike","Twin Strike","Whirlwind+1","Seeing Red+1","Spot Weakness+1","Pummel"],"relics":["Burning Blood","Orichalcum","Question Card","Turnip","Happy Flower","Black Star","Spirit Poop","Oddly Smooth Stone","Anchor","Omamori","Toxic Egg 2","Bottled Flame","Ancient Tea Set","Tiny Chest"],"potions_floor_usage":[13,27,29,31,33],"damage_taken":[{"damage":0,"enemies":"Cultist","floor":1,"turns":4},{"damage":4,"enemies":"Small Slimes","floor":3,"turns":4},{"damage":4,"enemies":"Jaw Worm","floor":4,"turns":3},{"damage":1,"enemies":"3 Louse","floor":7,"turns":4},{"damage":32,"enemies":"Gremlin Nob","floor":8,"turns":4},{"damage":7,"enemies":"3 Sentries","floor":10,"turns":6},{"damage":15,"enemies":"Gremlin Nob","floor":13,"turns":5},{"damage":0,"enemies":"Exordium Wildlife","floor":14,"turns":5},{"damage":46,"enemies":"Hexaghost","floor":16,"turns":9},{"damage":28,"enemies":"Spheric Guardian","floor":18,"turns":6},{"damage":4,"enemies":"Chosen","floor":21,"turns":3},{"damage":32,"enemies":"Slaver and Parasite","floor":23,"turns":4},{"damage":18,"enemies":"Snecko","floor":27,"turns":4},{"damage":28,"enemies":"Book of Stabbing","floor":29,"turns":5},{"damage":12,"enemies":"Snake Plant","floor":30,"turns":5},{"damage":21,"enemies":"Slavers","floor":31,"turns":4},{"damage":44,"enemies":"Champ","floor":33,"turns":8}],"seed_played":"-7186059563609385425","potions_obtained":[{"floor":7,"key":"Poison Potion"},{"floor":10,"key":"Strength Potion"},{"floor":13,"key":"GamblersBrew"},{"floor":16,"key":"Energy Potion"},{"floor":18,"key":"Block Potion"},{"floor":31,"key":"FearPotion"}],"is_trial":false,"path_per_floor":["M","$","M","M","?","R","M","E","T","E","?","R","E","M","R","B",null,"M","$","?","M","$","M","R","$","T","M","R","E","M","E","R"],"character_chosen":"IRONCLAD","items_purchased":["Apotheosis","Spot Weakness","Twin Strike","Oddly Smooth Stone","Anchor"],"campfire_rested":5,"item_purchase_floors":[2,2,22,25,25],"current_hp_per_floor":[46,46,48,50,50,74,79,53,53,52,52,76,67,73,73,33,68,46,46,46,48,48,22,46,46,46,34,58,36,30,15,39,0],"gold":393,"neow_bonus":"TWO_FIFTY_GOLD","is_prod":false,"is_daily":false,"chose_seed":false,"campfire_upgraded":1,"win_rate":0,"timestamp":1531425198,"path_taken":["M","$","M","?","?","R","M","E","T","E","?","R","E","M","R","BOSS","M","$","?","M","$","M","R","$","T","M","R","E","?","E","R","BOSS"],"build_version":"2018-07-05","purchased_purges":0,"victory":false,"max_hp_per_floor":[80,80,80,80,80,80,80,80,80,80,80,80,80,80,80,80,80,80,80,80,80,80,80,80,80,80,80,80,80,80,80,80,80],"card_choices":[{"not_picked":["Sever Soul","Carnage"],"picked":"Heavy Blade","floor":1},{"not_picked":["Power Through","Entrench"],"picked":"Flex","floor":3},{"not_picked":["Flame Barrier","Dropkick"],"picked":"Metallicize","floor":4},{"not_picked":["Reckless Charge","Headbutt"],"picked":"Shrug It Off","floor":7},{"not_picked":["Anger","Headbutt"],"picked":"Flex","floor":8},{"not_picked":["Rampage","Evolve","Dark Embrace","Infernal Blade"],"picked":"SKIP","floor":10},{"not_picked":["Uppercut","Havoc","Body Slam"],"picked":"Inflame","floor":13},{"not_picked":["Warcry","Uppercut","Clothesline"],"picked":"Clash","floor":14},{"not_picked":["Dark Embrace","Exhume","Brutality"],"picked":"Barricade","floor":16},{"not_picked":["Sentinel","Hemokinesis+1","Rupture+1","Reckless Charge"],"picked":"SKIP","floor":18},{"not_picked":["Dropkick","Carnage","Dual Wield"],"picked":"Pommel Strike","floor":21},{"not_picked":["Shockwave","Uppercut+1","Searing Blow","Hemokinesis"],"picked":"SKIP","floor":23},{"not_picked":["Warcry+1","Shrug It Off","Body Slam"],"picked":"Whirlwind+1","floor":27},{"not_picked":["Brutality","Second Wind","Searing Blow"],"picked":"Seeing Red","floor":29},{"not_picked":["Wild Strike","Searing Blow","Pummel+1"],"picked":"Spot Weakness+1","floor":30},{"not_picked":["Immolate","Iron Wave","Havoc+1"],"picked":"Pummel","floor":31}],"player_experience":446068,"relics_obtained":[{"floor":8,"key":"Orichalcum"},{"floor":9,"key":"Question Card"},{"floor":10,"key":"Turnip"},{"floor":13,"key":"Happy Flower"},{"floor":26,"key":"Omamori"},{"floor":29,"key":"Toxic Egg 2"},{"floor":29,"key":"Bottled Flame"},{"floor":31,"key":"Ancient Tea Set"},{"floor":31,"key":"Tiny Chest"}],"event_choices":[{"event_name":"Living Wall","player_choice":"Grow","floor":5,"damage_taken":0},{"event_name":"Liars Game","player_choice":"agreed","floor":11,"damage_taken":0},{"event_name":"Bonfire Elementals","player_choice":"CURSE","floor":20,"damage_taken":0}],"boss_relics":[{"not_picked":["Busted Crown","Tiny House"],"picked":"Black Star"}],"items_purged_floors":[],"is_endless":false,"potions_floor_spawned":[7,10,13,16,18,31],"killed_by":"Champ","ascension_level":5}