{"gold_per_floor":[113,0,0,0,15,15,32,32,32,48,48,68,102,121,121,225,225,244,264,264,264],"floor_reached":21,"playtime":640,"items_purged":[],"score":199,"play_id":"1122db25-bbaf-45d8-a1a9-9cc4df165329","local_time":"20190409103855","is_ascension_mode":true,"campfire_choices":[{"data":"Searing Blow+1","floor":6,"key":"SMITH"},{"data":"Searing Blow+2","floor":8,"key":"SMITH"},{"data":"Searing Blow+3","floor":11,"key":"SMITH"},{"data":"Armaments","floor":15,"key":"SMITH"}],"neow_cost":"NONE","seed_source_timestamp":1472112200153900,"circlet_count":0,"master_deck":["Strike_R","Strike_R","Strike_R","Strike_R","Strike_R","Defend_R","Defend_R","Defend_R","Defend_R","Bash","Cleave","Searing Blow+4","Dual Wield","Iron Wave","Anger","Clothesline","Armaments+1","Feed","Flex","Double Tap","Battle Trance","Thunderclap+1"],"relics":["Burning Blood","Bag of Marbles","Letter Opener","Happy Flower","Black Star","Pantograph"],"potions_floor_usage":[21,21],"damage_taken":[{"damage":4,"enemies":"Small Slimes","floor":1,"turns":4},{"damage":1,"enemies":"Cultist","floor":5,"turns":3},{"damage":4,"enemies":"Jaw Worm","floor":7,"turns":4},{"damage":8,"enemies":"Red Slaver","floor":10,"turns":3},{"damage":2,"enemies":"2 Fungi Beasts","floor":12,"turns":3},{"damage":11,"enemies":"Gremlin Nob","floor":13,"turns":3},{"damage":13,"enemies":"Large Slime","floor":14,"turns":4},{"damage":39,"enemies":"Hexaghost","floor":16,"turns":8},{"damage":37,"enemies":"3 Byrds","floor":18,"turns":6},{"damage":30,"enemies":"Shell Parasite","floor":19,"turns":4},{"damage":33,"enemies":"Snake Plant","floor":21,"turns":2}],"seed_played":"-8021230579195113579","potions_obtained":[{"floor":1,"key":"PowerPotion"},{"floor":12,"key":"Swift Potion"},{"floor":13,"key":"LiquidBronze"}],"is_trial":false,"path_per_floor":["M","$","?","?","M","R","M","R","T","M","R","M","E","M","R","B",null,"M","M","?","M"],"character_chosen":"IRONCLAD","items_purchased":["Searing Blow","Dual Wield"],"campfire_rested":0,"item_purchase_floors":[2,2],"current_hp_per_floor":[80,80,80,80,80,80,80,80,80,78,78,80,75,71,71,38,83,52,28,28,0],"gold":264,"neow_bonus":"RANDOM_COMMON_RELIC","is_prod":false,"is_daily":false,"chose_seed":false,"campfire_upgraded":4,"win_rate":0,"timestamp":1554820735,"path_taken":["M","$","?","?","?","R","M","R","T","M","R","M","E","M","R","BOSS","M","M","?","?"],"build_version":"2019-01-23","purchased_purges":0,"victory":false,"max_hp_per_floor":[80,80,80,80,80,80,80,80,80,80,80,80,80,83,83,83,83,83,83,83,83],"card_choices":[{"not_picked":["Flex","Clash"],"picked":"Cleave","floor":1},{"not_picked":["True Grit","Wild Strike"],"picked":"Iron Wave","floor":5},{"not_picked":["Sword Boomerang","Twin Strike"],"picked":"Anger","floor":7},{"not_picked":["Havoc","Heavy Blade"],"picked":"Clothesline","floor":10},{"not_picked":["Hemokinesis","Cleave"],"picked":"Armaments","floor":12},{"not_picked":["Pummel","Feel No Pain"],"picked":"Feed","floor":13},{"not_picked":["Cleave","Thunderclap"],"picked":"Flex","floor":14},{"not_picked":["Bludgeon","Barricade"],"picked":"Double Tap","floor":16},{"not_picked":["Sword Boomerang","Intimidate"],"picked":"Battle Trance","floor":18},{"not_picked":["Clash+1","Rampage"],"picked":"Thunderclap+1","floor":19}],"player_experience":85145,"relics_obtained":[{"floor":9,"key":"Letter Opener"},{"floor":13,"key":"Happy Flower"}],"event_choices":[{"damage_healed":0,"gold_gain":0,"player_choice":"Ignored","damage_taken":0,"max_hp_gain":0,"max_hp_loss":0,"event_name":"Liars Game","floor":3,"gold_loss":0},{"damage_healed":0,"gold_gain":0,"player_choice":"Forge","damage_taken":0,"max_hp_gain":0,"max_hp_loss":0,"event_name":"Accursed Blacksmith","floor":4,"gold_loss":0,"cards_upgraded":["Searing Blow"]},{"damage_healed":0,"gold_gain":0,"player_choice":"Gave Potion","damage_taken":0,"relics_obtained":["Pantograph"],"max_hp_gain":0,"max_hp_loss":0,"event_name":"WeMeetAgain","floor":20,"gold_loss":0}],"is_beta":false,"boss_relics":[{"not_picked":["Lizard Tail","Runic Dome"],"picked":"Black Star"}],"items_purged_floors":[],"is_endless":false,"potions_floor_spawned":[1,12,13,19],"killed_by":"Snake Plant","ascension_level":2}