{"gold_per_floor":[20,35,35,35,55,55,94,114,114,127,127,167,167,180,180,306,306,324,324,173,196,196,236,256,355,355,398,398,436,436,457,457,576,639,653,671,421,546,570,601,676,676,701,745,758,799,799,799,799,799,799,799,77,120,120],"floor_reached":56,"playtime":2308,"items_purged":["Strike_R","Strike_R+1","Strike_R+1"],"score":1403,"play_id":"d91ebe54-7ee1-40aa-afcc-41b1d77ef0f3","local_time":"20190328225913","is_ascension_mode":false,"campfire_choices":[{"data":"Cleave","floor":6,"key":"SMITH"},{"data":"Flex","floor":15,"key":"SMITH"},{"data":"Armaments","floor":32,"key":"SMITH"},{"floor":49,"key":"RECALL"},{"data":"Burning Pact","floor":52,"key":"SMITH"}],"neow_cost":"NO_GOLD","seed_source_timestamp":649763128597295,"circlet_count":0,"master_deck":["Strike_R+1","Defend_R+1","Defend_R+1","Defend_R+1","Defend_R+1","Bash+1","Iron Wave+1","Pummel","Cleave+1","Burning Pact+1","Demon Form+1","Iron Wave","Disarm","Offering","Uppercut+1","Armaments+1","Searing Blow","Dual Wield","Flame Barrier+1","Necronomicurse","Shrug It Off","Reaper","Burning Pact+1","Reaper","Feel No Pain+1","Whirlwind+1","Writhe","Pummel+1"],"relics":["Burning Blood","Du-Vu Doll","Golden Idol","Juzu Bracelet","Lantern","Self Forming Clay","Snecko Eye","Pantograph","Bottled Flame","Vajra","Necronomicon","Incense Burner","Tiny House","Orichalcum","Champion Belt","Dream Catcher","Blood Vial","Magic Flower","Ornamental Fan","Sling","Red Skull","Pen Nib"],"potions_floor_usage":[10,27,29,29,40,50,55],"damage_taken":[{"damage":5,"enemies":"2 Louse","floor":1,"turns":3},{"damage":6,"enemies":"Jaw Worm","floor":2,"turns":5},{"damage":0,"enemies":"Small Slimes","floor":5,"turns":3},{"damage":30,"enemies":"3 Sentries","floor":7,"turns":7},{"damage":0,"enemies":"Gremlin Gang","floor":8,"turns":2},{"damage":13,"enemies":"Large Slime","floor":10,"turns":4},{"damage":13,"enemies":"Lagavulin","floor":12,"turns":5},{"damage":3,"enemies":"2 Fungi Beasts","floor":14,"turns":3},{"damage":2,"enemies":"The Guardian","floor":16,"turns":8},{"damage":22,"enemies":"2 Thieves","floor":18,"turns":4},{"damage":6,"enemies":"Spheric Guardian","floor":21,"turns":3},{"damage":14,"enemies":"Gremlin Leader","floor":23,"turns":4},{"damage":6,"enemies":"3 Cultists","floor":24,"turns":3},{"damage":11,"enemies":"Slavers","floor":27,"turns":4},{"damage":9,"enemies":"Book of Stabbing","floor":29,"turns":3},{"damage":0,"enemies":"Centurion and Healer","floor":31,"turns":3},{"damage":1,"enemies":"Automaton","floor":33,"turns":6},{"damage":19,"enemies":"3 Shapes","floor":35,"turns":6},{"damage":0,"enemies":"Orb Walker","floor":36,"turns":3},{"damage":6,"enemies":"Mind Bloom Boss Battle","floor":38,"turns":5},{"damage":11,"enemies":"Spire Growth","floor":39,"turns":5},{"damage":45,"enemies":"Giant Head","floor":40,"turns":7},{"damage":5,"enemies":"Nemesis","floor":44,"turns":7},{"damage":16,"enemies":"4 Shapes","floor":45,"turns":2},{"damage":8,"enemies":"Giant Head","floor":46,"turns":5},{"damage":42,"enemies":"Awakened One","floor":50,"turns":9},{"damage":6,"enemies":"Shield and Spear","floor":54,"turns":5},{"damage":68,"enemies":"The Heart","floor":55,"turns":7}],"seed_played":"-1538634693573077560","potions_obtained":[{"floor":2,"key":"FairyPotion"},{"floor":7,"key":"Poison Potion"},{"floor":8,"key":"Ancient Potion"},{"floor":16,"key":"EssenceOfSteel"},{"floor":23,"key":"LiquidBronze"},{"floor":27,"key":"AttackPotion"},{"floor":33,"key":"SpeedPotion"},{"floor":34,"key":"AttackPotion"},{"floor":35,"key":"LiquidBronze"},{"floor":44,"key":"Fire Potion"}],"is_trial":false,"path_per_floor":["M","M","?","?","M","R","E","M","T","M","?","E","?","M","R","B",null,"M","?","$","M","?","E","M","?","T","E","?","E","?","M","R","B",null,"M","M","$","?","M","E","?","?","T","E","M","E","?","?","R","B",null,"R","$","E","B",null],"character_chosen":"IRONCLAD","items_purchased":["Dual Wield","Orichalcum","Ornamental Fan","Sling","Red Skull"],"campfire_rested":0,"item_purchase_floors":[20,37,53,53,53],"current_hp_per_floor":[80,80,80,60,66,66,42,48,48,41,41,34,34,37,37,41,80,64,64,64,64,64,56,56,56,56,51,35,32,32,38,38,68,85,84,85,85,85,85,66,58,48,48,49,81,85,85,85,85,85,85,85,85,85,60],"gold":120,"neow_bonus":"ONE_RARE_RELIC","is_prod":false,"is_daily":false,"chose_seed":false,"campfire_upgraded":4,"win_rate":0,"timestamp":1553813953,"path_taken":["M","M","?","?","M","R","E","M","T","M","?","E","?","M","R","BOSS","M","?","$","M","?","E","M","?","T","E","?","E","?","M","R","BOSS","M","M","$","?","M","E","?","?","T","E","M","E","?","?","R","BOSS","R","$","E","BOSS"],"build_version":"2019-03-15","purchased_purges":3,"victory":true,"max_hp_per_floor":[80,80,80,80,80,80,80,80,80,80,80,80,80,80,80,80,80,80,80,80,80,80,80,80,80,80,80,80,80,80,80,80,80,85,85,85,85,85,85,85,85,85,85,85,85,85,85,85,85,85,85,85,85,85,85],"card_choices":[{"not_picked":["Body Slam","Anger"],"picked":"Iron Wave","floor":1},{"not_picked":["Warcry","Infernal Blade"],"picked":"Pummel","floor":2},{"not_picked":["Twin Strike","Warcry"],"picked":"Cleave","floor":5},{"not_picked":["Intimidate","True Grit"],"picked":"Flex","floor":7},{"not_picked":["Flex","Corruption"],"picked":"Burning Pact","floor":8},{"not_picked":["Anger","Warcry"],"picked":"Demon Form","floor":10},{"not_picked":["Wild Strike","Armaments"],"picked":"Iron Wave","floor":12},{"not_picked":["Shrug It Off","Sword Boomerang"],"picked":"Disarm","floor":14},{"not_picked":["Demon Form","Limit Break"],"picked":"Offering","floor":16},{"not_picked":["Heavy Blade","Carnage+1"],"picked":"Uppercut+1","floor":18},{"not_picked":["Anger+1","Headbutt"],"picked":"Flame Barrier+1","floor":21},{"not_picked":["Cleave","Battle Trance","Combust"],"picked":"SKIP","floor":23},{"not_picked":["Headbutt","Armaments+1","Combust+1"],"picked":"SKIP","floor":24},{"not_picked":["Ghostly Armor","Thunderclap","Twin Strike+1"],"picked":"SKIP","floor":27},{"not_picked":["Infernal Blade","Hemokinesis","Headbutt"],"picked":"SKIP","floor":29},{"not_picked":["Havoc+1","Uppercut+1"],"picked":"Shrug It Off","floor":31},{"not_picked":["Berserk","Immolate"],"picked":"Reaper","floor":33},{"not_picked":["Anger+1","Intimidate+1"],"picked":"Burning Pact+1","floor":35},{"not_picked":["Rage","Inflame","Burning Pact+1"],"picked":"SKIP","floor":36},{"not_picked":["Wild Strike+1","Heavy Blade","Flex+1"],"picked":"SKIP","floor":39},{"not_picked":["Iron Wave+1","Pummel","Body Slam+1"],"picked":"SKIP","floor":40},{"not_picked":["Sword Boomerang+1","Flex"],"picked":"Reaper","floor":44},{"not_picked":["Thunderclap","Metallicize"],"picked":"Feel No Pain+1","floor":45},{"not_picked":["Iron Wave+1","Flex+1"],"picked":"Whirlwind+1","floor":46},{"not_picked":["Searing Blow+1","Battle Trance"],"picked":"Pummel+1","floor":54}],"player_experience":1168676,"relics_obtained":[{"floor":7,"key":"Juzu Bracelet"},{"floor":9,"key":"Lantern"},{"floor":12,"key":"Self Forming Clay"},{"floor":23,"key":"Pantograph"},{"floor":26,"key":"Bottled Flame"},{"floor":27,"key":"Vajra"},{"floor":28,"key":"Necronomicon"},{"floor":29,"key":"Incense Burner"},{"floor":38,"key":"Champion Belt"},{"floor":40,"key":"Dream Catcher"},{"floor":44,"key":"Blood Vial"},{"floor":46,"key":"Magic Flower"},{"floor":54,"key":"Pen Nib"}],"event_choices":[{"damage_healed":0,"gold_gain":0,"player_choice":"Leave","damage_taken":0,"max_hp_gain":0,"max_hp_loss":0,"event_name":"The Cleric","floor":3,"gold_loss":0},{"damage_healed":0,"gold_gain":0,"player_choice":"Take Damage","damage_taken":20,"relics_obtained":["Golden Idol"],"max_hp_gain":0,"max_hp_loss":0,"event_name":"Golden Idol","floor":4,"gold_loss":0},{"damage_healed":0,"gold_gain":0,"player_choice":"Grow","damage_taken":0,"max_hp_gain":0,"max_hp_loss":0,"event_name":"Living Wall","floor":11,"gold_loss":0,"cards_upgraded":["Demon Form"]},{"damage_healed":0,"gold_gain":0,"player_choice":"Upgraded","damage_taken":0,"max_hp_gain":0,"max_hp_loss":0,"event_name":"Upgrade Shrine","floor":13,"gold_loss":0,"cards_upgraded":["Bash"]},{"damage_healed":0,"gold_gain":0,"cards_transformed":["Flex","Strike_R"],"player_choice":"Became Test Subject","damage_taken":0,"max_hp_gain":0,"max_hp_loss":0,"event_name":"Drug Dealer","floor":19,"gold_loss":0,"cards_obtained":["Armaments","Searing Blow"]},{"damage_healed":0,"gold_gain":0,"player_choice":"Ignored","damage_taken":0,"max_hp_gain":0,"max_hp_loss":0,"event_name":"Ghosts","floor":22,"gold_loss":0},{"damage_healed":0,"gold_gain":99,"player_choice":"Stole From Cult","damage_taken":0,"max_hp_gain":0,"max_hp_loss":0,"event_name":"Nest","floor":25,"gold_loss":0},{"damage_healed":0,"gold_gain":0,"player_choice":"Obtained Book","damage_taken":16,"max_hp_gain":0,"max_hp_loss":0,"event_name":"Cursed Tome","floor":28,"gold_loss":0},{"damage_healed":0,"gold_gain":0,"player_choice":"Simplicity","damage_taken":0,"max_hp_gain":0,"max_hp_loss":0,"event_name":"Back to Basics","floor":30,"gold_loss":0,"cards_upgraded":["Strike_R","Strike_R","Strike_R","Defend_R","Defend_R","Defend_R","Defend_R"]},{"damage_healed":0,"gold_gain":0,"player_choice":"Fight","damage_taken":0,"max_hp_gain":0,"max_hp_loss":0,"event_name":"MindBloom","floor":38,"gold_loss":0},{"damage_healed":0,"gold_gain":75,"player_choice":"Touch","damage_taken":8,"max_hp_gain":0,"max_hp_loss":0,"event_name":"FaceTrader","floor":41,"gold_loss":0},{"damage_healed":0,"gold_gain":0,"player_choice":"Memory 3","damage_taken":10,"max_hp_gain":0,"max_hp_loss":0,"event_name":"SensoryStone","floor":42,"gold_loss":0},{"damage_healed":21,"gold_gain":0,"player_choice":"Writhe","damage_taken":0,"max_hp_gain":0,"max_hp_loss":0,"event_name":"Winding Halls","floor":47,"gold_loss":0,"cards_obtained":["Writhe"]},{"damage_healed":0,"gold_gain":0,"player_choice":"Ignored","damage_taken":0,"max_hp_gain":0,"max_hp_loss":0,"event_name":"Tomb of Lord Red Mask","floor":48,"gold_loss":0}],"is_beta":true,"boss_relics":[{"not_picked":["Sozu","Philosopher\u0027s Stone"],"picked":"Snecko Eye"},{"not_picked":["Empty Cage","Pandora\u0027s Box"],"picked":"Tiny House"}],"items_purged_floors":[20,37,53],"is_endless":false,"potions_floor_spawned":[2,7,8,16,23,27,33,35,39,44],"ascension_level":0}