{"gold_per_floor":[363,288,288,102,102,128,128,157,157,188,188,203,278,278,278,353,353,373,373,373,388,388],"floor_reached":22,"playtime":687,"items_purged":["Strike_R"],"score":376,"play_id":"782e4a7e-db0f-4706-b0c4-fa71645559be","local_time":"20190506115055","is_ascension_mode":true,"campfire_choices":[{"floor":7,"key":"REST"},{"floor":11,"key":"REST"},{"floor":15,"key":"REST"}],"neow_cost":"CURSE","seed_source_timestamp":129229877015900,"circlet_count":0,"master_deck":["AscendersBane","Strike_R+1","Strike_R+1","Defend_R","Defend_R","Defend_R","Bash+1","Shrug It Off","Cleave","Clothesline","Evolve+1","Anger+1","Reckless Charge","Feed","Shrug It Off","Decay","Pommel Strike+1"],"relics":["Burning Blood","Frozen Egg 2","Smiling Mask","Kunai","Pen Nib","Empty Cage"],"potions_floor_usage":[6,8,22],"damage_taken":[{"damage":2,"enemies":"2 Louse","floor":1,"turns":3},{"damage":20,"enemies":"3 Sentries","floor":6,"turns":8},{"damage":31,"enemies":"Lagavulin","floor":8,"turns":8},{"damage":24,"enemies":"3 Sentries","floor":10,"turns":8},{"damage":9,"enemies":"Small Slimes","floor":12,"turns":3},{"damage":14,"enemies":"Slime Boss","floor":16,"turns":8},{"damage":43,"enemies":"Spheric Guardian","floor":18,"turns":6},{"damage":16,"enemies":"Chosen","floor":21,"turns":4},{"damage":22,"enemies":"Snake Plant","floor":22,"turns":4}],"seed_played":"-4102257203674446309","potions_obtained":[{"floor":1,"key":"Explosive Potion"},{"floor":8,"key":"SpeedPotion"},{"floor":16,"key":"Weak Potion"}],"is_trial":false,"path_per_floor":["M","?","?","$","?","E","R","E","T","E","R","M","?","?","R","B",null,"M","?","?","M","M"],"character_chosen":"IRONCLAD","items_purchased":["Cleave","Block Potion"],"campfire_rested":3,"item_purchase_floors":[4,4],"current_hp_per_floor":[72,72,49,49,42,28,50,25,25,7,29,26,15,15,37,29,64,27,27,27,20,0],"gold":388,"neow_bonus":"TWO_FIFTY_GOLD","is_prod":false,"is_daily":false,"chose_seed":false,"campfire_upgraded":0,"win_rate":0,"timestamp":1557136255,"path_taken":["M","?","?","$","?","E","R","E","T","E","R","M","?","?","R","BOSS","M","?","?","?","M"],"build_version":"2019-01-23","purchased_purges":1,"victory":false,"max_hp_per_floor":[75,75,75,75,75,75,75,75,75,75,75,75,75,75,75,75,75,75,75,75,78,78],"card_choices":[{"not_picked":["Pommel Strike","Armaments"],"picked":"Shrug It Off","floor":1},{"not_picked":["Limit Break","Clash"],"picked":"Clothesline","floor":6},{"not_picked":["Burning Pact","Corruption+1"],"picked":"Evolve+1","floor":8},{"not_picked":["Twin Strike","True Grit"],"picked":"Anger","floor":10},{"not_picked":["Hemokinesis","Clothesline"],"picked":"Reckless Charge","floor":12},{"not_picked":["Bludgeon","Dark Embrace+1"],"picked":"Feed","floor":16},{"not_picked":["Dropkick+1","Clash"],"picked":"Shrug It Off","floor":18},{"not_picked":["Flex","Clash"],"picked":"Pommel Strike+1","floor":21}],"player_experience":662609,"relics_obtained":[{"floor":6,"key":"Frozen Egg 2"},{"floor":8,"key":"Smiling Mask"},{"floor":9,"key":"Kunai"},{"floor":10,"key":"Pen Nib"}],"event_choices":[{"cards_removed":["Injury"],"damage_healed":0,"gold_gain":0,"player_choice":"Card Removal","damage_taken":0,"max_hp_gain":0,"max_hp_loss":0,"event_name":"The Cleric","floor":2,"gold_loss":75},{"damage_healed":0,"gold_gain":0,"player_choice":"Entered Light","damage_taken":23,"max_hp_gain":0,"max_hp_loss":0,"event_name":"Shining Light","floor":3,"gold_loss":0,"cards_upgraded":["Strike_R","Strike_R"]},{"cards_removed":["Strike_R"],"damage_healed":0,"gold_gain":0,"player_choice":"Card Removal","damage_taken":7,"max_hp_gain":0,"max_hp_loss":0,"event_name":"Golden Wing","floor":5,"gold_loss":0},{"damage_healed":0,"gold_gain":75,"player_choice":"Gather Gold","damage_taken":11,"max_hp_gain":0,"max_hp_loss":0,"event_name":"World of Goop","floor":13,"gold_loss":0},{"damage_healed":0,"gold_gain":0,"player_choice":"Grow","damage_taken":0,"max_hp_gain":0,"max_hp_loss":0,"event_name":"Living Wall","floor":14,"gold_loss":0,"cards_upgraded":["Bash"]},{"damage_healed":0,"gold_gain":0,"player_choice":"Smashed Altar","damage_taken":0,"max_hp_gain":0,"max_hp_loss":0,"event_name":"Forgotten Altar","floor":19,"gold_loss":0,"cards_obtained":["Decay"]},{"damage_healed":0,"gold_gain":0,"player_choice":"Forge","damage_taken":0,"max_hp_gain":0,"max_hp_loss":0,"event_name":"Accursed Blacksmith","floor":20,"gold_loss":0,"cards_upgraded":["Anger"]}],"is_beta":false,"boss_relics":[{"not_picked":["Coffee Dripper","Velvet Choker"],"picked":"Empty Cage"}],"items_purged_floors":[4],"is_endless":false,"potions_floor_spawned":[1,8,16,18],"killed_by":"Snake Plant","ascension_level":18}