{"gold_per_floor":[15,25,25,44,44,79,79,94,94,64,64,77,77,152,152,271,271,290,290,315,315,41,41,41,41,96,111,111,127,146,71,71,71],"floor_reached":33,"playtime":16833,"items_purged":["Strike_G"],"score":294,"play_id":"06a72a6b-90ca-4eb4-95b9-1b2753963897","local_time":"20190505001109","is_ascension_mode":true,"campfire_choices":[{"floor":7.0,"key":"REST"},{"data":"Leg Sweep","floor":11.0,"key":"SMITH"},{"floor":13,"key":"REST"},{"data":"Caltrops","floor":15,"key":"SMITH"},{"data":"After Image","floor":23,"key":"SMITH"},{"data":"Crippling Poison","floor":28,"key":"SMITH"},{"floor":32,"key":"REST"}],"neow_cost":"NO_GOLD","seed_source_timestamp":174792329092849,"circlet_count":0,"master_deck":["Defend_G","Defend_G","Defend_G","Defend_G","Defend_G","Survivor","Neutralize","Deadly Poison","Deflect","Leg Sweep+1","Dodge and Roll","Caltrops+1","After Image+1","Crippling Poison+1","Deadly Poison","Footwork+1"],"special_seed":0,"relics":["Ring of the Snake","Ginger","Bloody Idol","Ice Cream","Turnip","Empty Cage","Lee\u0027s Waffle","Tiny Chest"],"potions_floor_usage":[16,33],"damage_taken":[{"damage":2.0,"enemies":"Cultist","floor":1.0,"turns":5.0},{"damage":7.0,"enemies":"Small Slimes","floor":2.0,"turns":4.0},{"damage":3.0,"enemies":"2 Louse","floor":4.0,"turns":3.0},{"damage":19.0,"enemies":"3 Sentries","floor":6.0,"turns":14.0},{"damage":1.0,"enemies":"Blue Slaver","floor":8.0,"turns":5.0},{"damage":0.0,"enemies":"Looter","floor":10.0,"turns":4.0},{"damage":10,"enemies":"2 Fungi Beasts","floor":12,"turns":6},{"damage":24,"enemies":"Hexaghost","floor":16,"turns":16},{"damage":9,"enemies":"Shell Parasite","floor":18,"turns":6},{"damage":8,"enemies":"Spheric Guardian","floor":20,"turns":7},{"damage":13,"enemies":"Chosen and Byrds","floor":27,"turns":9},{"damage":14,"enemies":"Snake Plant","floor":29,"turns":6},{"damage":41,"enemies":"Cultist and Chosen","floor":30,"turns":11},{"damage":46,"enemies":"Automaton","floor":33,"turns":6}],"seed_played":"-3687516331266352828","potions_obtained":[{"floor":4.0,"key":"Explosive Potion"},{"floor":12,"key":"Ancient Potion"},{"floor":20,"key":"SmokeBomb"},{"floor":27,"key":"SpeedPotion"},{"floor":30,"key":"Strength Potion"}],"is_trial":false,"path_per_floor":["M","M","?","M","?","E","R","M","T","M","R","M","R","?","R","B",null,"M","?","M","?","$","R","?","$","T","M","R","M","M","?","R","B"],"character_chosen":"THE_SILENT","items_purchased":["Lee\u0027s Waffle"],"campfire_rested":3,"item_purchase_floors":[22],"current_hp_per_floor":[68,61,61,58,58,39,58,57,57,57,57,47,65,54,54,30,65,56,56,48,48,72,72,72,72,72,64,64,55,19,19,40,0],"gold":71,"neow_bonus":"ONE_RARE_RELIC","is_prod":false,"is_daily":false,"chose_seed":false,"campfire_upgraded":4,"win_rate":0,"timestamp":1557033069,"path_taken":["M","M","?","M","?","E","R","M","T","?","R","M","R","?","R","BOSS","M","?","M","?","$","R","?","$","T","M","R","M","M","?","R","BOSS"],"build_version":"2019-01-23","purchased_purges":1,"victory":false,"max_hp_per_floor":[70,70,65,65,65,65,65,65,65,65,65,65,65,65,65,65,65,65,65,65,65,72,72,72,72,72,72,72,72,72,72,72,72],"card_choices":[{"not_picked":["Sucker Punch","Underhanded Strike"],"picked":"Deadly Poison","floor":1.0},{"not_picked":["Endless Agony","All Out Attack"],"picked":"Deflect","floor":2.0},{"not_picked":["Infinite Blades","Calculated Gamble","Dagger Spray"],"picked":"SKIP","floor":4.0},{"not_picked":["Expertise","Dagger Throw"],"picked":"Leg Sweep","floor":6.0},{"not_picked":["Dagger Spray","Endless Agony","Predator"],"picked":"SKIP","floor":8.0},{"not_picked":["Masterful Stab","Poisoned Stab"],"picked":"Dodge and Roll","floor":10.0},{"not_picked":["Accuracy","Choke"],"picked":"Caltrops","floor":12},{"not_picked":["Phantasmal Killer","Unload"],"picked":"After Image","floor":16},{"not_picked":["Prepared","Backflip"],"picked":"Crippling Poison","floor":18},{"not_picked":["Sucker Punch","Flying Knee"],"picked":"Deadly Poison","floor":20},{"not_picked":["Riddle With Holes+1","Outmaneuver"],"picked":"Footwork+1","floor":27},{"not_picked":["Blade Dance","PiercingWail","Reflex"],"picked":"SKIP","floor":29},{"not_picked":["Prepared","Escape Plan+1","A Thousand Cuts"],"picked":"SKIP","floor":30}],"player_experience":492103,"relics_obtained":[{"floor":6.0,"key":"Ice Cream"},{"floor":9.0,"key":"Turnip"},{"floor":26,"key":"Tiny Chest"}],"event_choices":[{"damage_healed":0.0,"max_hp_gain":0.0,"max_hp_loss":5.0,"gold_gain":0.0,"event_name":"Golden Idol","player_choice":"Lose Max HP","floor":3.0,"gold_loss":0.0,"damage_taken":0.0,"relics_obtained":["Golden Idol"]},{"cards_removed":["Strike_G"],"damage_healed":0.0,"max_hp_gain":0.0,"max_hp_loss":0.0,"gold_gain":0.0,"event_name":"Purifier","player_choice":"Purged","floor":5.0,"gold_loss":0.0,"damage_taken":0.0},{"damage_healed":0,"gold_gain":75,"player_choice":"Gather Gold","damage_taken":11,"max_hp_gain":0,"max_hp_loss":0,"event_name":"World of Goop","floor":14,"gold_loss":0},{"damage_healed":0,"gold_gain":0,"player_choice":"Ignored","damage_taken":0,"max_hp_gain":0,"max_hp_loss":0,"event_name":"The Mausoleum","floor":19,"gold_loss":0},{"damage_healed":0,"gold_gain":0,"player_choice":"Ignored","damage_taken":0,"max_hp_gain":0,"max_hp_loss":0,"event_name":"Cursed Tome","floor":21,"gold_loss":0},{"damage_healed":0,"gold_gain":0,"player_choice":"Gave Idol","damage_taken":0,"relics_obtained":["Bloody Idol"],"max_hp_gain":0,"max_hp_loss":0,"event_name":"Forgotten Altar","floor":24,"relics_lost":["Golden Idol"],"gold_loss":0},{"cards_removed":["Strike_G"],"damage_healed":0,"gold_gain":0,"player_choice":"Gave Gold","damage_taken":0,"max_hp_gain":0,"max_hp_loss":0,"event_name":"Beggar","floor":31,"gold_loss":75}],"is_beta":false,"boss_relics":[{"not_picked":["Ectoplasm","Astrolabe"],"picked":"Empty Cage"}],"items_purged_floors":[22],"is_endless":false,"potions_floor_spawned":[4,12,20,27,30],"killed_by":"Automaton","ascension_level":4}