{"gold_per_floor":[114,114,125,141,160,185,185,185],"floor_reached":8,"playtime":1109,"items_purged":[],"score":86,"play_id":"3fa913c7-4060-494e-a1b9-afa2518084a8","local_time":"20190515063444","is_ascension_mode":true,"campfire_choices":[],"neow_cost":"PERCENT_DAMAGE","seed_source_timestamp":492871449386059,"circlet_count":0,"master_deck":["Strike_R","Strike_R","Strike_R","Strike_R","Defend_R","Defend_R","Defend_R","Defend_R","Bash","Entrench","True Grit","Shrug It Off","Battle Trance","Dark Embrace"],"relics":["Burning Blood","Red Skull"],"potions_floor_usage":[3,6],"damage_taken":[{"damage":5,"enemies":"Jaw Worm","floor":1,"turns":4},{"damage":7,"enemies":"Small Slimes","floor":3,"turns":4},{"damage":0,"enemies":"2 Louse","floor":4,"turns":4},{"damage":25,"enemies":"Gremlin Gang","floor":5,"turns":10},{"damage":54,"enemies":"Gremlin Nob","floor":6,"turns":6},{"damage":17,"enemies":"Lagavulin","floor":8,"turns":6}],"seed_played":"396972791305184753","potions_obtained":[{"floor":1,"key":"Energy Potion"},{"floor":5,"key":"Strength Potion"}],"is_trial":false,"path_per_floor":["M","?","M","M","M","E","?","E"],"character_chosen":"IRONCLAD","items_purchased":[],"campfire_rested":0,"item_purchase_floors":[],"current_hp_per_floor":[73,78,77,83,64,16,16,0],"gold":185,"neow_bonus":"TWENTY_PERCENT_HP_BONUS","is_prod":false,"is_daily":false,"chose_seed":false,"campfire_upgraded":0,"win_rate":0,"timestamp":1557882284,"path_taken":["M","?","M","M","M","E","?","E"],"build_version":"2019-01-23","purchased_purges":0,"victory":false,"max_hp_per_floor":[96,101,101,101,101,101,101,101],"card_choices":[{"not_picked":["Infernal Blade","Flex"],"picked":"Entrench","floor":1},{"not_picked":["Warcry","Bloodletting"],"picked":"True Grit","floor":3},{"not_picked":["Combust","Perfected Strike"],"picked":"Shrug It Off","floor":4},{"not_picked":["Twin Strike","Perfected Strike","Cleave"],"picked":"SKIP","floor":5},{"not_picked":["Rage","Iron Wave"],"picked":"Battle Trance","floor":6}],"player_experience":300263,"relics_obtained":[{"floor":6,"key":"Red Skull"}],"event_choices":[{"damage_healed":0,"gold_gain":0,"player_choice":"Donut","damage_taken":0,"max_hp_gain":5,"max_hp_loss":0,"event_name":"Big Fish","floor":2,"gold_loss":0},{"damage_healed":0,"gold_gain":0,"cards_transformed":["Strike_R"],"player_choice":"Change","damage_taken":0,"max_hp_gain":0,"max_hp_loss":0,"event_name":"Living Wall","floor":7,"gold_loss":0,"cards_obtained":["Dark Embrace"]}],"is_beta":false,"boss_relics":[],"items_purged_floors":[],"is_endless":false,"potions_floor_spawned":[1,5],"killed_by":"Lagavulin","ascension_level":1}