{"gold_per_floor":[113,133,133,133,133,133,148,148,221,221,241,251,277,296,296,398,398,418,431,356,39,52,113,113,38,38,38,55,55,71,99,99,197,197,211,225,225,242,258,288,388,388,388,95,114,146,146,173,173,173],"floor_reached":51,"playtime":2288,"items_purged":["Defend_B","Strike_B"],"score":927,"play_id":"ce4f75be-5499-425a-ab7b-d81131bd16d0","local_time":"20190301112347","is_ascension_mode":false,"campfire_choices":[{"data":"Zap","floor":6.0,"key":"SMITH"},{"data":"Compile Driver","floor":8.0,"key":"SMITH"},{"data":"Conserve Battery","floor":10.0,"key":"SMITH"},{"data":"Capacitor","floor":15.0,"key":"SMITH"},{"data":"Coolheaded","floor":27.0,"key":"SMITH"},{"data":"Coolheaded","floor":29.0,"key":"SMITH"},{"data":"Master of Strategy","floor":32.0,"key":"SMITH"},{"data":"Defragment","floor":47.0,"key":"SMITH"},{"floor":49.0,"key":"RECALL"}],"neow_cost":"NONE","seed_source_timestamp":0,"circlet_count":0,"master_deck":["Defend_B","Defend_B","Defend_B","Zap+1","Dualcast","Thunder Strike+1","Compile Driver+1","Turbo+1","Conserve Battery+1","Tempest","Coolheaded+1","Coolheaded+1","Capacitor+1","Electrodynamics","Ball Lightning+1","Double Energy","Master of Strategy+1","Fusion+1","Leap+1","Amplify","Skim+1","Hologram","Thunder Strike+1","Go for the Eyes+1","Defragment+1","Compile Driver"],"special_seed":0,"relics":["Cracked Core","Pantograph","Thread and Needle","Empty Cage","Lantern","Tiny Chest","StoneCalendar","Letter Opener","Snecko Eye","Question Card","Prayer Wheel","The Courier","DollysMirror","Peace Pipe","Bottled Tornado"],"potions_floor_usage":[],"damage_taken":[{"damage":6.0,"enemies":"2 Louse","floor":1.0,"turns":2.0},{"damage":2.0,"enemies":"Small Slimes","floor":2.0,"turns":3.0},{"damage":6.0,"enemies":"Jaw Worm","floor":7.0,"turns":2.0},{"damage":8.0,"enemies":"Red Slaver","floor":11.0,"turns":2.0},{"damage":2.0,"enemies":"Blue Slaver","floor":12.0,"turns":3.0},{"damage":10.0,"enemies":"Gremlin Nob","floor":13.0,"turns":3.0},{"damage":0.0,"enemies":"Large Slime","floor":14.0,"turns":3.0},{"damage":0.0,"enemies":"Hexaghost","floor":16.0,"turns":9.0},{"damage":9.0,"enemies":"Shell Parasite","floor":18.0,"turns":6.0},{"damage":0.0,"enemies":"Chosen","floor":19.0,"turns":3.0},{"damage":6.0,"enemies":"3 Cultists","floor":22.0,"turns":4.0},{"damage":0.0,"enemies":"Gremlin Leader","floor":23.0,"turns":5.0},{"damage":6.0,"enemies":"Centurion and Healer","floor":28.0,"turns":5.0},{"damage":2.0,"enemies":"Snecko","floor":30.0,"turns":4.0},{"damage":6.0,"enemies":"Slavers","floor":31.0,"turns":4.0},{"damage":0.0,"enemies":"Collector","floor":33.0,"turns":3.0},{"damage":3.0,"enemies":"3 Darklings","floor":35.0,"turns":2.0},{"damage":0.0,"enemies":"Orb Walker","floor":36.0,"turns":2.0},{"damage":0.0,"enemies":"4 Shapes","floor":38.0,"turns":2.0},{"damage":0.0,"enemies":"3 Darklings","floor":39.0,"turns":2.0},{"damage":12.0,"enemies":"Nemesis","floor":40.0,"turns":5.0},{"damage":1.0,"enemies":"Mind Bloom Boss Battle","floor":41.0,"turns":4.0},{"damage":12.0,"enemies":"Writhing Mass","floor":45.0,"turns":4.0},{"damage":0.0,"enemies":"Giant Head","floor":46.0,"turns":7.0},{"damage":9.0,"enemies":"Reptomancer","floor":48.0,"turns":6.0},{"damage":44.0,"enemies":"Time Eater","floor":50.0,"turns":7.0}],"seed_played":"200539011245971484","potions_obtained":[{"floor":1.0,"key":"Fire Potion"},{"floor":7.0,"key":"FocusPotion"},{"floor":11.0,"key":"FocusPotion"},{"floor":18.0,"key":"Ancient Potion"},{"floor":22.0,"key":"PowerPotion"},{"floor":31.0,"key":"AttackPotion"},{"floor":36.0,"key":"Weak Potion"},{"floor":39.0,"key":"Block Potion"},{"floor":46.0,"key":"EssenceOfSteel"},{"floor":48.0,"key":"SteroidPotion"}],"is_trial":false,"path_per_floor":["M","M","?","?","T","R","M","R","T","R","M","M","E","M","R","B",null,"M","M","?","$","M","E","?","$","T","R","M","R","M","E","R","B",null,"M","M","?","M","M","E","?","?","T","$","M","E","R","E","R","B",null],"character_chosen":"DEFECT","items_purchased":["Master of Strategy","Lantern","FocusPotion","DollysMirror"],"campfire_rested":0,"item_purchase_floors":[21,21,44,44],"current_hp_per_floor":[69,67,72,56,56,56,50,50,50,50,42,40,30,30,30,55,80,71,71,71,71,65,65,65,65,65,65,59,59,57,51,51,76,80,77,77,77,77,77,65,79,79,79,79,67,67,67,58,58,36],"gold":173,"neow_bonus":"ONE_RANDOM_RARE_CARD","is_prod":false,"is_daily":false,"chose_seed":false,"campfire_upgraded":8,"win_rate":0,"timestamp":1551439427,"path_taken":["M","M","?","?","?","R","M","R","T","R","M","M","E","?","R","BOSS","M","M","?","$","M","E","?","$","T","R","?","R","M","E","R","BOSS","M","M","?","M","M","E","?","?","T","$","?","E","R","E","R","BOSS"],"build_version":"2019-02-06","purchased_purges":2,"victory":true,"max_hp_per_floor":[75,75,80,80,80,80,80,80,80,80,80,80,80,80,80,80,80,80,80,80,80,80,80,80,80,80,80,80,80,80,80,80,80,80,80,80,80,80,80,80,80,80,80,80,80,80,80,80,80,80],"card_choices":[{"not_picked":["Auto Shields","Reprogram"],"picked":"Compile Driver","floor":1.0},{"not_picked":["Barrage","Darkness"],"picked":"Turbo","floor":2.0},{"not_picked":["Reinforced Body","Auto Shields"],"picked":"Conserve Battery","floor":7.0},{"not_picked":["Stack","Defragment"],"picked":"Tempest","floor":11.0},{"not_picked":["Rebound","Redo"],"picked":"Coolheaded","floor":12.0},{"not_picked":["Reboot","Compile Driver"],"picked":"Coolheaded","floor":13.0},{"not_picked":["Scrape","Streamline"],"picked":"Capacitor","floor":14.0},{"not_picked":["Machine Learning","Fission"],"picked":"Electrodynamics","floor":16.0},{"not_picked":["Loop","Steam"],"picked":"Ball Lightning+1","floor":18.0},{"not_picked":["Steam","Force Field"],"picked":"Double Energy","floor":19.0},{"not_picked":["Redo+1","Genetic Algorithm","Auto Shields+1"],"picked":"SKIP","floor":22.0},{"not_picked":["Hologram","Static Discharge"],"picked":"Fusion+1","floor":23.0},{"not_picked":["Coolheaded","Reboot","Sunder"],"picked":"SKIP","floor":28.0},{"not_picked":["Go for the Eyes+1","Gash"],"picked":"Leap+1","floor":30.0},{"not_picked":["Chaos","Undo","Redo+1"],"picked":"SKIP","floor":31.0},{"not_picked":["Multi-Cast","Core Surge"],"picked":"Amplify","floor":33.0},{"not_picked":["Beam Cell","Sweeping Beam+1","Blizzard"],"picked":"SKIP","floor":35.0},{"not_picked":["Rebound+1","Rip and Tear+1","Turbo"],"picked":"SKIP","floor":36.0},{"not_picked":["Ball Lightning","Blizzard","Rainbow"],"picked":"SKIP","floor":38.0},{"not_picked":["Redo+1","Undo+1"],"picked":"Skim+1","floor":39.0},{"not_picked":["Scrape","Barrage","Machine Learning"],"picked":"SKIP","floor":40.0},{"not_picked":["Recycle+1","Darkness","Coolheaded+1"],"picked":"Hologram","floor":41.0},{"not_picked":["Machine Learning","White Noise","Darkness+1"],"picked":"Go for the Eyes+1","floor":45.0},{"not_picked":["Beam Cell","Go for the Eyes","Redo","Turbo"],"picked":"SKIP","floor":45.0},{"not_picked":["Sweeping Beam+1","Cold Snap","Leap+1"],"picked":"Defragment","floor":46.0},{"not_picked":["Conserve Battery+1","Streamline","Rebound+1"],"picked":"Compile Driver","floor":48.0}],"player_experience":975434,"relics_obtained":[{"floor":9.0,"key":"Pantograph"},{"floor":13.0,"key":"Thread and Needle"},{"floor":23.0,"key":"Tiny Chest"},{"floor":26.0,"key":"StoneCalendar"},{"floor":31.0,"key":"Letter Opener"},{"floor":40.0,"key":"Question Card"},{"floor":41.0,"key":"Prayer Wheel"},{"floor":43.0,"key":"The Courier"},{"floor":46.0,"key":"Peace Pipe"},{"floor":48.0,"key":"Bottled Tornado"}],"event_choices":[{"damage_healed":0.0,"max_hp_gain":5.0,"max_hp_loss":0.0,"gold_gain":0.0,"event_name":"Big Fish","player_choice":"Donut","floor":3.0,"gold_loss":0.0,"damage_taken":0.0},{"damage_healed":0.0,"max_hp_gain":0.0,"max_hp_loss":0.0,"gold_gain":0.0,"event_name":"Shining Light","player_choice":"Entered Light","floor":4.0,"gold_loss":0.0,"damage_taken":16.0,"cards_upgraded":["Thunder Strike","Turbo"]},{"cards_removed":["Strike_B"],"damage_healed":0.0,"max_hp_gain":0.0,"max_hp_loss":0.0,"gold_gain":0.0,"event_name":"Beggar","player_choice":"Gave Gold","floor":20.0,"gold_loss":75.0,"damage_taken":0.0},{"damage_healed":0.0,"max_hp_gain":0.0,"max_hp_loss":0.0,"gold_gain":0.0,"event_name":"NoteForYourself","player_choice":"Ignored","floor":24.0,"gold_loss":0.0,"damage_taken":0.0},{"damage_healed":0.0,"max_hp_gain":0.0,"max_hp_loss":0.0,"gold_gain":0.0,"event_name":"Tomb of Lord Red Mask","player_choice":"Ignored","floor":37.0,"gold_loss":0.0,"damage_taken":0.0},{"damage_healed":0.0,"max_hp_gain":0.0,"max_hp_loss":0.0,"gold_gain":0.0,"event_name":"MindBloom","player_choice":"Fight","floor":41.0,"gold_loss":0.0,"damage_taken":0.0},{"damage_healed":0.0,"max_hp_gain":0.0,"max_hp_loss":0.0,"gold_gain":0.0,"event_name":"SecretPortal","player_choice":"Ignored","floor":42.0,"gold_loss":0.0,"damage_taken":0.0}],"is_beta":true,"boss_relics":[{"not_picked":["White Beast Statue","Velvet Choker"],"picked":"Empty Cage"},{"not_picked":["Lizard Tail","Black Star"],"picked":"Snecko Eye"}],"items_purged_floors":[25,44],"is_endless":false,"potions_floor_spawned":[1,7,11,18,22,31,36,38,39,46,48],"ascension_level":0}