{"gold_per_floor":[117,117,134,145,155,155,172,201,201,201,221,221,255,271,271,373,373,391,405,437,112,211,211,245,170,194,226,226,47,47,63,63,162,162,179,195,249,77,77,77,106,106,106,106,131,143,177,187,187,187,187,187,37,71,71],"floor_reached":56,"playtime":2956,"items_purged":["Strike_R","Defend_R","Infernal Blade","Defend_R"],"score":1408,"play_id":"87f015ea-a36a-4658-bb76-824291d9dc1d","local_time":"20190209011435","is_ascension_mode":false,"campfire_choices":[{"data":"True Grit","floor":6.0,"key":"SMITH"},{"data":"Body Slam","floor":10.0,"key":"SMITH"},{"data":"Flame Barrier","floor":15.0,"key":"SMITH"},{"data":"Bash","floor":23.0,"key":"SMITH"},{"data":"Shockwave","floor":32.0,"key":"SMITH"},{"data":"True Grit","floor":40,"key":"SMITH"},{"data":"Feel No Pain","floor":42,"key":"SMITH"},{"data":"Infernal Blade","floor":44,"key":"SMITH"},{"floor":49,"key":"RECALL"},{"data":"Pommel Strike","floor":52,"key":"SMITH"}],"neow_cost":"NONE","seed_source_timestamp":0,"circlet_count":0,"master_deck":["Defend_R","Defend_R","Bash+1","Shockwave+1","Iron Wave","True Grit+1","Dropkick","Iron Wave","Body Slam+1","Flame Barrier+1","Shrug It Off","Impervious","Battle Trance","Pommel Strike+1","Feel No Pain+1","Infernal Blade+1","Dropkick","Inflame+1","True Grit+1","Entrench+1","Impervious","Metallicize+1"],"special_seed":0,"relics":["Burning Blood","Oddly Smooth Stone","Blood Vial","Mercury Hourglass","Centennial Puzzle","Busted Crown","Red Mask","Bronze Scales","Turnip","Omamori","Bag of Preparation","Enchiridion","Runic Pyramid","Mango","Frozen Egg 2","Thread and Needle","Letter Opener","Bag of Marbles"],"potions_floor_usage":[55,55,55],"damage_taken":[{"damage":0.0,"enemies":"2 Louse","floor":1.0,"turns":3.0},{"damage":4.0,"enemies":"Cultist","floor":3.0,"turns":3.0},{"damage":0.0,"enemies":"Small Slimes","floor":4.0,"turns":3.0},{"damage":5.0,"enemies":"3 Louse","floor":5.0,"turns":4.0},{"damage":4.0,"enemies":"Looter","floor":7.0,"turns":4.0},{"damage":14.0,"enemies":"Gremlin Nob","floor":8.0,"turns":5.0},{"damage":0.0,"enemies":"Large Slime","floor":11.0,"turns":4.0},{"damage":9.0,"enemies":"3 Sentries","floor":13.0,"turns":6.0},{"damage":0.0,"enemies":"Exordium Wildlife","floor":14.0,"turns":3.0},{"damage":49.0,"enemies":"Hexaghost","floor":16.0,"turns":14.0},{"damage":2.0,"enemies":"Spheric Guardian","floor":18.0,"turns":6.0},{"damage":0.0,"enemies":"Shell Parasite","floor":19.0,"turns":5.0},{"damage":11.0,"enemies":"Masked Bandits","floor":20.0,"turns":3.0},{"damage":0.0,"enemies":"Book of Stabbing","floor":24.0,"turns":4.0},{"damage":9.0,"enemies":"Slavers","floor":27.0,"turns":5.0},{"damage":0.0,"enemies":"3 Cultists","floor":31.0,"turns":3.0},{"damage":23.0,"enemies":"Champ","floor":33.0,"turns":9.0},{"damage":0,"enemies":"3 Shapes","floor":35,"turns":2},{"damage":3,"enemies":"3 Darklings","floor":36,"turns":3},{"damage":6,"enemies":"2 Orb Walkers","floor":37,"turns":4},{"damage":0,"enemies":"Reptomancer","floor":41,"turns":5},{"damage":6,"enemies":"Giant Head","floor":45,"turns":5},{"damage":0,"enemies":"Jaw Worm Horde","floor":46,"turns":3},{"damage":2,"enemies":"Reptomancer","floor":47,"turns":4},{"damage":0,"enemies":"Transient","floor":48,"turns":5},{"damage":0,"enemies":"Awakened One","floor":50,"turns":10},{"damage":34,"enemies":"Shield and Spear","floor":54,"turns":7},{"damage":1,"enemies":"The Heart","floor":55,"turns":8}],"seed_played":"1723267201177432974","potions_obtained":[{"floor":1.0,"key":"LiquidBronze"},{"floor":7.0,"key":"Weak Potion"},{"floor":13.0,"key":"PowerPotion"},{"floor":16.0,"key":"Fruit Juice"},{"floor":20.0,"key":"Regen Potion"},{"floor":27.0,"key":"SkillPotion"},{"floor":41,"key":"Dexterity Potion"}],"is_trial":false,"path_per_floor":["M","?","M","M","M","R","M","E","T","R","M","?","E","M","R","B",null,"M","M","?","$","?","R","E","?","T","E","?","$","?","M","R","B",null,"M","M","?","$","?","R","E","R","T","R","E","M","E","M","R","B",null,"R","$","E","B",null],"character_chosen":"IRONCLAD","items_purchased":["Battle Trance","Pommel Strike","Bronze Scales","Dropkick","True Grit"],"campfire_rested":0,"item_purchase_floors":[21,21,21,29,38],"current_hp_per_floor":[80,72,74,80,80,80,80,72,72,72,80,80,77,80,80,42,85,85,85,80,80,80,80,85,85,85,82,82,82,66,74,74,59,85,85,85,99,99,99,99,99,99,99,99,99,99,99,99,99,99,99,99,99,71,93],"gold":71,"neow_bonus":"RANDOM_COMMON_RELIC","is_prod":false,"is_daily":false,"chose_seed":false,"campfire_upgraded":9,"win_rate":0,"timestamp":1549674875,"path_taken":["M","?","M","M","?","R","M","E","T","R","M","?","E","M","R","BOSS","M","M","?","$","?","R","E","?","T","E","?","$","?","M","R","BOSS","M","M","?","$","?","R","E","R","T","R","E","?","E","M","R","BOSS","R","$","E","BOSS"],"build_version":"2019-02-06","purchased_purges":4,"victory":true,"max_hp_per_floor":[80,80,80,80,80,80,80,80,80,80,80,80,80,80,80,85,85,85,85,85,85,85,85,85,85,85,85,85,85,85,85,85,85,85,85,85,99,99,99,99,99,99,99,99,99,99,99,99,99,99,99,99,99,99,99],"card_choices":[{"not_picked":["Cleave","Havoc"],"picked":"Shockwave","floor":1.0},{"not_picked":["Body Slam","Metallicize"],"picked":"Iron Wave","floor":3.0},{"not_picked":["Anger","Iron Wave"],"picked":"True Grit","floor":4.0},{"not_picked":["Evolve","Perfected Strike"],"picked":"Dropkick","floor":5.0},{"not_picked":["Sever Soul","Reckless Charge"],"picked":"Iron Wave","floor":7.0},{"not_picked":["Battle Trance","Clash"],"picked":"Body Slam","floor":8.0},{"not_picked":["Anger","Sword Boomerang","Flex"],"picked":"SKIP","floor":11.0},{"not_picked":["Heavy Blade","True Grit"],"picked":"Flame Barrier","floor":13.0},{"not_picked":["Rampage","Anger"],"picked":"Shrug It Off","floor":14.0},{"not_picked":["Reaper","Dark Embrace"],"picked":"Impervious","floor":16.0},{"not_picked":["True Grit"],"picked":"SKIP","floor":18.0},{"not_picked":["Perfected Strike"],"picked":"SKIP","floor":19.0},{"not_picked":["Corruption+1"],"picked":"SKIP","floor":24.0},{"not_picked":[],"picked":"Feel No Pain","floor":27.0},{"not_picked":[],"picked":"Inflame+1","floor":31.0},{"not_picked":["Rupture"],"picked":"SKIP","floor":35},{"not_picked":["Flex"],"picked":"SKIP","floor":36},{"not_picked":["Wild Strike+1"],"picked":"SKIP","floor":41},{"not_picked":[],"picked":"Entrench+1","floor":45},{"not_picked":["Power Through+1"],"picked":"SKIP","floor":46},{"not_picked":[],"picked":"Impervious","floor":47},{"not_picked":["Clothesline"],"picked":"SKIP","floor":48},{"not_picked":[],"picked":"Metallicize+1","floor":54}],"player_experience":867224,"relics_obtained":[{"floor":8.0,"key":"Blood Vial"},{"floor":9.0,"key":"Mercury Hourglass"},{"floor":13.0,"key":"Centennial Puzzle"},{"floor":20.0,"key":"Red Mask"},{"floor":24.0,"key":"Turnip"},{"floor":26.0,"key":"Omamori"},{"floor":27.0,"key":"Bag of Preparation"},{"floor":30.0,"key":"Enchiridion"},{"floor":37,"key":"Mango"},{"floor":41,"key":"Frozen Egg 2"},{"floor":45,"key":"Thread and Needle"},{"floor":47,"key":"Letter Opener"},{"floor":54,"key":"Bag of Marbles"}],"event_choices":[{"damage_healed":0.0,"max_hp_gain":0.0,"max_hp_loss":0.0,"gold_gain":0.0,"event_name":"Wheel of Change","player_choice":"Damaged","floor":2.0,"gold_loss":0.0,"damage_taken":8.0},{"cards_removed":["Strike_R"],"damage_healed":0.0,"max_hp_gain":0.0,"max_hp_loss":0.0,"gold_gain":0.0,"event_name":"Living Wall","player_choice":"Forget","floor":12.0,"gold_loss":0.0,"damage_taken":0.0},{"damage_healed":0.0,"max_hp_gain":0.0,"max_hp_loss":0.0,"gold_gain":0.0,"event_name":"Masked Bandits","player_choice":"Fought Bandits","floor":20.0,"gold_loss":0.0,"damage_taken":0.0},{"damage_healed":0.0,"max_hp_gain":0.0,"max_hp_loss":0.0,"gold_gain":99.0,"event_name":"Nest","player_choice":"Stole From Cult","floor":22.0,"gold_loss":0.0,"damage_taken":0.0},{"cards_removed":["Strike_R"],"damage_healed":0.0,"max_hp_gain":0.0,"max_hp_loss":0.0,"gold_gain":0.0,"event_name":"Beggar","player_choice":"Gave Gold","floor":25.0,"gold_loss":75.0,"damage_taken":0.0},{"damage_healed":0.0,"max_hp_gain":0.0,"max_hp_loss":0.0,"gold_gain":0.0,"cards_transformed":["Strike_R","Strike_R"],"event_name":"Drug Dealer","player_choice":"Became Test Subject","floor":28.0,"gold_loss":0.0,"damage_taken":0.0,"cards_obtained":["Infernal Blade","Infernal Blade"]},{"damage_healed":0.0,"max_hp_gain":0.0,"max_hp_loss":0.0,"gold_gain":0.0,"event_name":"Cursed Tome","player_choice":"Obtained Book","floor":30.0,"gold_loss":0.0,"damage_taken":16.0},{"damage_healed":0,"gold_gain":0,"player_choice":"Fight","damage_taken":0,"max_hp_gain":0,"max_hp_loss":0,"event_name":"Mysterious Sphere","floor":37,"gold_loss":0},{"damage_healed":0,"gold_gain":0,"player_choice":"0 cards matched","damage_taken":0,"max_hp_gain":0,"max_hp_loss":0,"event_name":"Match and Keep!","floor":39,"gold_loss":0,"cards_obtained":[]}],"is_beta":true,"boss_relics":[{"not_picked":["Lizard Tail","Eternal Feather"],"picked":"Busted Crown"},{"not_picked":["Sozu","Cursed Key"],"picked":"Runic Pyramid"}],"items_purged_floors":[21,29,38,53],"is_endless":false,"potions_floor_spawned":[1,7,13,16,20,27,31,41,45,47,48,54],"ascension_level":0}