{"gold_per_floor":[119,130,205,205,205,205,280,298,298,322,19,33,33,74,74,74],"floor_reached":16,"playtime":907,"items_purged":[],"score":150,"play_id":"e49d97c4-a77f-4e9b-9c4e-12f6b24a4705","local_time":"20180713092446","is_ascension_mode":false,"campfire_choices":[{"floor":6,"key":"REST"},{"floor":13,"key":"REST"},{"floor":15,"key":"REST"}],"neow_cost":"","seed_source_timestamp":0,"circlet_count":0,"master_deck":["Strike_R","Strike_R","Strike_R","Strike_R","Strike_R","Defend_R","Defend_R","Defend_R","Defend_R","Bash","Perfected Strike","Flex","Regret","Rampage","Whirlwind","Heavy Blade","Wild Strike","Armaments"],"relics":["Burning Blood","Mummified Hand","Golden Idol","Singing Bowl","Matryoshka","Meat on the Bone"],"potions_floor_usage":[16,16],"damage_taken":[{"damage":5,"enemies":"Cultist","floor":1,"turns":4},{"damage":3,"enemies":"2 Louse","floor":2,"turns":2},{"damage":7,"enemies":"Small Slimes","floor":8,"turns":3},{"damage":13,"enemies":"3 Louse","floor":10,"turns":3},{"damage":27,"enemies":"Large Slime","floor":12,"turns":5},{"damage":29,"enemies":"3 Sentries","floor":14,"turns":6},{"damage":52,"enemies":"Hexaghost","floor":16,"turns":9}],"seed_played":"-8363885080688205075","potions_obtained":[{"floor":12,"key":"Dexterity Potion"},{"floor":14,"key":"Swift Potion"}],"is_trial":true,"path_per_floor":["M","M","?","?","?","R","?","M","T","M","$","M","R","E","R"],"character_chosen":"IRONCLAD","items_purchased":["Matryoshka","Heavy Blade"],"campfire_rested":3,"item_purchase_floors":[11,11],"current_hp_per_floor":[80,80,69,69,49,73,65,64,64,57,57,36,60,37,61,9],"gold":74,"neow_bonus":"","is_prod":false,"is_daily":false,"chose_seed":false,"campfire_upgraded":0,"win_rate":0,"timestamp":1531484686,"path_taken":["M","M","?","?","?","R","?","M","T","M","$","?","R","E","R","BOSS"],"build_version":"2018-07-12","purchased_purges":0,"victory":false,"max_hp_per_floor":[80,80,80,80,80,80,80,80,80,80,80,80,80,80,80,80],"card_choices":[{"not_picked":["Body Slam","Clothesline"],"picked":"Perfected Strike","floor":1},{"not_picked":["Feel No Pain","Cleave"],"picked":"Flex","floor":2},{"not_picked":["Anger","Dropkick"],"picked":"Rampage","floor":8},{"not_picked":["Clash","Seeing Red"],"picked":"Whirlwind","floor":10},{"not_picked":["Shockwave","Inflame"],"picked":"Wild Strike","floor":12},{"not_picked":["Heavy Blade","Thunderclap"],"picked":"Armaments","floor":14}],"player_experience":459419,"relics_obtained":[{"floor":9,"key":"Singing Bowl"},{"floor":14,"key":"Meat on the Bone"}],"event_choices":[{"event_name":"World of Goop","player_choice":"Gather Gold","floor":3,"damage_taken":0},{"event_name":"Big Fish","player_choice":"Box","floor":4,"damage_taken":0},{"event_name":"Golden Idol","player_choice":"Take Damage","floor":5,"damage_taken":0},{"event_name":"FaceTrader","player_choice":"Touch","floor":7,"damage_taken":0}],"boss_relics":[],"items_purged_floors":[],"is_endless":true,"potions_floor_spawned":[12,14],"killed_by":"Hexaghost","ascension_level":0}