{"gold_per_floor":[109,284,29,48,62,94,111,111,111,140,195,226,243,243,243,342,342,357,357,371,383,383,383,417,417,462,487,499,517,517,62,62,165,165,182,202,202,219,238,238,268,278,278,311,311,342,14,27,27,27,27,27,27,56,56],"floor_reached":56,"playtime":4227,"items_purged":["Doubt","Strike_R"],"score":1503,"play_id":"c30cf623-a14b-4b47-9b2f-c560ee932a8f","local_time":"20190306230209","is_ascension_mode":true,"campfire_choices":[{"data":"Bash","floor":8,"key":"SMITH"},{"data":"Barricade","floor":15,"key":"SMITH"},{"data":"Inflame","floor":23,"key":"SMITH"},{"data":"Impervious","floor":25,"key":"SMITH"},{"data":"Uppercut","floor":30,"key":"SMITH"},{"data":"Armaments","floor":32,"key":"SMITH"},{"data":"Offering","floor":40,"key":"SMITH"},{"floor":49,"key":"RECALL"},{"data":"True Grit","floor":52,"key":"SMITH"}],"neow_cost":"NONE","seed_source_timestamp":456745364843015,"circlet_count":0,"master_deck":["Bash+1","Clothesline","Rage","Cleave","Hemokinesis","Feel No Pain","Warcry","Clash","Inflame+1","Ghostly Armor","Barricade+1","Rupture","Impervious+1","Disarm","Battle Trance","Seeing Red","Uppercut+1","Havoc","Impervious","Havoc+1","Anger+1","Armaments+1","Shrug It Off","Offering+1","Rage","Fire Breathing","Thunderclap","Pommel Strike","Iron Wave","Havoc","Reaper","Offering","Evolve+1","Body Slam+1","Metallicize","PanicButton","Secret Technique","Madness","Rage+1","Body Slam+1","Havoc","Feel No Pain","Combust","True Grit+1","Shrug It Off+1"],"relics":["Burning Blood","PreservedInsect","Sundial","Mercury Hourglass","Pen Nib","Prayer Wheel","Oddly Smooth Stone","Bronze Scales","Busted Crown","Mango","Dream Catcher","Kunai","Pandora\u0027s Box","Mummified Hand","Centennial Puzzle","Juzu Bracelet","Bottled Lightning","DollysMirror","Gremlin Horn"],"potions_floor_usage":[38,55,55,55],"damage_taken":[{"damage":5,"enemies":"Small Slimes","floor":1,"turns":4},{"damage":5,"enemies":"Jaw Worm","floor":4,"turns":2},{"damage":1,"enemies":"Cultist","floor":5,"turns":3},{"damage":16,"enemies":"Lagavulin","floor":6,"turns":6},{"damage":13,"enemies":"Blue Slaver","floor":7,"turns":5},{"damage":6,"enemies":"Gremlin Nob","floor":10,"turns":3},{"damage":10,"enemies":"Gremlin Nob","floor":11,"turns":3},{"damage":12,"enemies":"3 Sentries","floor":12,"turns":3},{"damage":8,"enemies":"Exordium Thugs","floor":13,"turns":4},{"damage":18,"enemies":"Hexaghost","floor":16,"turns":7},{"damage":3,"enemies":"Chosen","floor":18,"turns":3},{"damage":0,"enemies":"3 Byrds","floor":20,"turns":3},{"damage":14,"enemies":"Snecko","floor":21,"turns":5},{"damage":9,"enemies":"Book of Stabbing","floor":24,"turns":5},{"damage":25,"enemies":"Slavers","floor":27,"turns":3},{"damage":9,"enemies":"Shelled Parasite and Fungi","floor":28,"turns":6},{"damage":6,"enemies":"Centurion and Healer","floor":29,"turns":7},{"damage":9,"enemies":"Collector","floor":33,"turns":12},{"damage":15,"enemies":"3 Darklings","floor":35,"turns":3},{"damage":6,"enemies":"Orb Walker","floor":36,"turns":5},{"damage":12,"enemies":"Writhing Mass","floor":38,"turns":7},{"damage":29,"enemies":"4 Shapes","floor":39,"turns":6},{"damage":12,"enemies":"Reptomancer","floor":41,"turns":1},{"damage":6,"enemies":"Jaw Worm Horde","floor":42,"turns":2},{"damage":12,"enemies":"Giant Head","floor":44,"turns":2},{"damage":30,"enemies":"Reptomancer","floor":46,"turns":5},{"damage":11,"enemies":"Transient","floor":48,"turns":5},{"damage":31,"enemies":"Donu and Deca","floor":50,"turns":7},{"damage":14,"enemies":"Shield and Spear","floor":54,"turns":4},{"damage":25,"enemies":"The Heart","floor":55,"turns":8}],"seed_played":"8798555911020647415","potions_obtained":[{"floor":5,"key":"Swift Potion"},{"floor":7,"key":"Ancient Potion"},{"floor":12,"key":"Swift Potion"},{"floor":20,"key":"Weak Potion"},{"floor":38,"key":"FearPotion"},{"floor":39,"key":"LiquidBronze"}],"is_trial":false,"path_per_floor":["M","?","$","M","M","E","M","R","T","E","?","E","M","T","R","B",null,"M","?","M","M","?","R","E","R","T","E","M","M","R","$","R","B",null,"M","M","?","M","M","R","E","M","T","E","?","E","$","M","R","B",null,"R","$","E","B",null],"character_chosen":"IRONCLAD","items_purchased":["PreservedInsect","Rage","Kunai","Armaments","Shrug It Off","DollysMirror","Combust","True Grit"],"campfire_rested":0,"item_purchase_floors":[3,3,31,31,31,47,47,47],"current_hp_per_floor":[88,88,88,88,88,78,71,71,71,71,67,61,59,59,59,47,88,88,88,88,80,80,80,91,91,91,72,69,69,69,69,69,66,102,102,102,92,92,102,102,96,102,102,102,102,92,92,97,97,89,102,102,102,94,102],"gold":56,"neow_bonus":"TEN_PERCENT_HP_BONUS","is_prod":false,"is_daily":false,"chose_seed":false,"campfire_upgraded":8,"win_rate":0,"timestamp":1551931329,"path_taken":["M","?","?","M","M","E","M","R","T","E","?","E","M","?","R","BOSS","M","?","?","M","?","R","E","R","T","E","?","M","R","$","R","BOSS","M","?","?","M","M","R","E","M","T","E","?","E","?","M","R","BOSS","R","$","E","BOSS"],"build_version":"2019-02-06","purchased_purges":2,"victory":true,"max_hp_per_floor":[88,88,88,88,88,88,88,88,88,88,88,88,88,88,88,88,88,88,88,88,88,88,88,102,102,102,102,102,102,102,102,102,102,102,102,102,102,102,102,102,102,102,102,102,102,102,102,102,102,102,102,102,102,102,102],"card_choices":[{"not_picked":["Headbutt","Searing Blow"],"picked":"Clothesline","floor":1},{"not_picked":["Havoc","Seeing Red"],"picked":"Cleave","floor":4},{"not_picked":["Cleave","Blood for Blood"],"picked":"Hemokinesis","floor":5},{"not_picked":["Iron Wave","Headbutt"],"picked":"Feel No Pain","floor":6},{"not_picked":["Wild Strike","Dual Wield"],"picked":"Warcry","floor":7},{"not_picked":["Dark Embrace","Dual Wield"],"picked":"Clash","floor":10},{"not_picked":["Iron Wave","Headbutt"],"picked":"Inflame","floor":11},{"not_picked":["Pommel Strike","Perfected Strike"],"picked":"Ghostly Armor","floor":12},{"not_picked":["Pommel Strike","Corruption"],"picked":"Barricade","floor":13},{"not_picked":["Flex","Thunderclap"],"picked":"Rupture","floor":13},{"not_picked":["Barricade","Exhume"],"picked":"Impervious","floor":16},{"not_picked":[],"picked":"Disarm","floor":18},{"not_picked":[],"picked":"Battle Trance","floor":18},{"not_picked":[],"picked":"Seeing Red","floor":20},{"not_picked":[],"picked":"Uppercut","floor":20},{"not_picked":[],"picked":"Havoc","floor":21},{"not_picked":["Bloodletting"],"picked":"SKIP","floor":21},{"not_picked":["Clothesline"],"picked":"SKIP","floor":24},{"not_picked":["Clothesline+1"],"picked":"SKIP","floor":27},{"not_picked":["Wild Strike"],"picked":"SKIP","floor":28},{"not_picked":["Bloodletting"],"picked":"SKIP","floor":28},{"not_picked":[],"picked":"Havoc+1","floor":29},{"not_picked":[],"picked":"Anger+1","floor":29},{"not_picked":[],"picked":"Offering","floor":33},{"not_picked":[],"picked":"Evolve+1","floor":35},{"not_picked":["Pommel Strike+1"],"picked":"SKIP","floor":35},{"not_picked":[],"picked":"Body Slam+1","floor":36},{"not_picked":[],"picked":"Metallicize","floor":36},{"not_picked":[],"picked":"PanicButton","floor":37},{"not_picked":[],"picked":"Secret Technique","floor":37},{"not_picked":[],"picked":"Madness","floor":37},{"not_picked":[],"picked":"Rage+1","floor":38},{"not_picked":["Pommel Strike+1"],"picked":"SKIP","floor":38},{"not_picked":[],"picked":"Body Slam+1","floor":39},{"not_picked":["Whirlwind+1"],"picked":"SKIP","floor":39},{"not_picked":["Thunderclap+1"],"picked":"SKIP","floor":41},{"not_picked":[],"picked":"Havoc","floor":42},{"not_picked":["Second Wind+1"],"picked":"SKIP","floor":42},{"not_picked":["Spot Weakness+1"],"picked":"SKIP","floor":44},{"not_picked":["Clash"],"picked":"SKIP","floor":46},{"not_picked":[],"picked":"Shrug It Off+1","floor":48},{"not_picked":["Hemokinesis+1"],"picked":"SKIP","floor":48},{"not_picked":["Dropkick"],"picked":"SKIP","floor":54}],"player_experience":4834830,"relics_obtained":[{"floor":6,"key":"Sundial"},{"floor":9,"key":"Mercury Hourglass"},{"floor":10,"key":"Pen Nib"},{"floor":11,"key":"Prayer Wheel"},{"floor":12,"key":"Oddly Smooth Stone"},{"floor":14,"key":"Bronze Scales"},{"floor":24,"key":"Mango"},{"floor":27,"key":"Dream Catcher"},{"floor":41,"key":"Mummified Hand"},{"floor":43,"key":"Centennial Puzzle"},{"floor":44,"key":"Juzu Bracelet"},{"floor":46,"key":"Bottled Lightning"},{"floor":54,"key":"Gremlin Horn"}],"event_choices":[{"damage_healed":0,"gold_gain":175,"player_choice":"AGREE","damage_taken":0,"max_hp_gain":0,"max_hp_loss":0,"event_name":"Liars Game","floor":2,"gold_loss":0,"cards_obtained":["Doubt"]},{"damage_healed":0,"gold_gain":0,"player_choice":"Searched \u00271\u0027 times","damage_taken":0,"max_hp_gain":0,"max_hp_loss":0,"event_name":"Dead Adventurer","floor":11,"gold_loss":0},{"damage_healed":0,"gold_gain":0,"player_choice":"Ignored","damage_taken":0,"max_hp_gain":0,"max_hp_loss":0,"event_name":"N\u0027loth","floor":19,"gold_loss":0},{"damage_healed":0,"gold_gain":0,"player_choice":"Copied","damage_taken":0,"max_hp_gain":0,"max_hp_loss":0,"event_name":"Duplicator","floor":22,"gold_loss":0,"cards_obtained":["Impervious"]},{"damage_healed":0,"gold_gain":0,"player_choice":"Memory 3","damage_taken":10,"max_hp_gain":0,"max_hp_loss":0,"event_name":"SensoryStone","floor":37,"gold_loss":0},{"damage_healed":0,"gold_gain":0,"player_choice":"Ignored","damage_taken":0,"max_hp_gain":0,"max_hp_loss":0,"event_name":"Tomb of Lord Red Mask","floor":45,"gold_loss":0}],"is_beta":true,"boss_relics":[{"not_picked":["Calling Bell","Black Star"],"picked":"Busted Crown"},{"not_picked":["Tiny House","Eternal Feather"],"picked":"Pandora\u0027s Box"}],"items_purged_floors":[3,31],"is_endless":false,"potions_floor_spawned":[5,7,12,18,20,27,38,39,41,44,46],"ascension_level":1}