{"gold_per_floor":[114,134,146,146,162,178,193,193,193,228,255,330,330,346,346,448,448,462,204,219,219],"floor_reached":21,"playtime":779,"items_purged":[],"score":247,"play_id":"00a95f59-275f-48c3-add5-7b08989b561e","local_time":"20181227175420","is_ascension_mode":true,"campfire_choices":[{"data":"White Noise","floor":8,"key":"SMITH"},{"floor":15,"key":"REST"}],"neow_cost":"NONE","seed_source_timestamp":509042783983090,"circlet_count":0,"master_deck":["Strike_B","Strike_B","Strike_B","Strike_B","Defend_B","Defend_B","Defend_B","Defend_B","Zap","Dualcast","Hologram","Conserve Battery","Leap","White Noise+1","Ball Lightning","Defragment+1","Barrage","Buffer","Thunder Strike","Storm","Sunder","Defragment","Rebound"],"relics":["Cracked Core","NeowsBlessing","DataDisk","Meat on the Bone","Ancient Tea Set","Eternal Feather","Lantern"],"potions_floor_usage":[14,14,18,21],"damage_taken":[{"damage":0,"enemies":"2 Louse","floor":1,"turns":1},{"damage":0,"enemies":"Cultist","floor":2,"turns":1},{"damage":0,"enemies":"Jaw Worm","floor":3,"turns":1},{"damage":3,"enemies":"2 Fungi Beasts","floor":5,"turns":6},{"damage":0,"enemies":"3 Louse","floor":6,"turns":4},{"damage":11,"enemies":"Lots of Slimes","floor":7,"turns":3},{"damage":11,"enemies":"3 Sentries","floor":10,"turns":4},{"damage":2,"enemies":"2 Fungi Beasts","floor":14,"turns":3},{"damage":44,"enemies":"Hexaghost","floor":16,"turns":8},{"damage":29,"enemies":"3 Byrds","floor":18,"turns":5},{"damage":44,"enemies":"2 Thieves","floor":20,"turns":4},{"damage":29,"enemies":"Snecko","floor":21,"turns":4}],"seed_played":"5910616197923280507","potions_obtained":[{"floor":2,"key":"GamblersBrew"},{"floor":7,"key":"Regen Potion"},{"floor":10,"key":"Explosive Potion"},{"floor":14,"key":"Dexterity Potion"},{"floor":16,"key":"Explosive Potion"},{"floor":20,"key":"Dexterity Potion"}],"is_trial":false,"path_per_floor":["M","M","M","?","M","M","M","R","T","E","T","?","?","M","R","B",null,"M","$","M","M"],"character_chosen":"DEFECT","items_purchased":["Lantern","Sunder","Defragment"],"campfire_rested":1,"item_purchase_floors":[19,19,19],"current_hp_per_floor":[68,68,68,68,65,65,54,54,54,43,43,32,32,39,61,29,64,47,47,15,0],"gold":219,"neow_bonus":"THREE_ENEMY_KILL","is_prod":false,"is_daily":false,"chose_seed":false,"campfire_upgraded":1,"win_rate":0,"timestamp":1545944060,"path_taken":["M","M","M","?","?","M","M","R","T","E","?","?","?","M","R","BOSS","M","$","M","M"],"build_version":"2018-12-20","purchased_purges":0,"victory":false,"max_hp_per_floor":[75,75,75,75,75,75,75,75,75,75,75,75,75,75,75,75,75,75,75,75,75],"card_choices":[{"not_picked":["Stack","Beam Cell"],"picked":"Hologram","floor":1},{"not_picked":["Chill","Ball Lightning"],"picked":"Conserve Battery","floor":2},{"not_picked":["Coolheaded","Ball Lightning"],"picked":"Leap","floor":3},{"not_picked":["Gash","Blizzard"],"picked":"White Noise","floor":5},{"not_picked":["Barrage","Beam Cell"],"picked":"Ball Lightning","floor":6},{"not_picked":["Turbo","Redo"],"picked":"Defragment","floor":7},{"not_picked":["Turbo","Consume"],"picked":"Barrage","floor":10},{"not_picked":["Coolheaded","Gash"],"picked":"Buffer","floor":14},{"not_picked":["Machine Learning","Meteor Strike"],"picked":"Thunder Strike","floor":16},{"not_picked":["Self Repair","Auto Shields"],"picked":"Storm","floor":18},{"not_picked":["Gash+1","Aggregate"],"picked":"Rebound","floor":20}],"player_experience":548367,"relics_obtained":[{"floor":9,"key":"DataDisk"},{"floor":10,"key":"Meat on the Bone"},{"floor":11,"key":"Ancient Tea Set"}],"event_choices":[{"damage_healed":0,"gold_gain":0,"player_choice":"Ignored","damage_taken":0,"max_hp_gain":0,"max_hp_loss":0,"event_name":"Purifier","floor":4,"gold_loss":0},{"damage_healed":0,"gold_gain":75,"player_choice":"Gather Gold","damage_taken":11,"max_hp_gain":0,"max_hp_loss":0,"event_name":"World of Goop","floor":12,"gold_loss":0},{"damage_healed":0,"gold_gain":0,"player_choice":"Grow","damage_taken":0,"max_hp_gain":0,"max_hp_loss":0,"event_name":"Living Wall","floor":13,"gold_loss":0,"cards_upgraded":["Defragment"]}],"is_beta":false,"boss_relics":[{"not_picked":["Coffee Dripper","Snecko Eye"],"picked":"Eternal Feather"}],"items_purged_floors":[],"is_endless":false,"potions_floor_spawned":[2,7,10,14,16,20],"killed_by":"Snecko","ascension_level":7}