{"gold_per_floor":[109,109,124,144,294,294,2,2,25,89,106,124,139,92,92,92],"floor_reached":16,"playtime":548,"items_purged":["Doubt"],"score":179,"play_id":"591e0b97-ceae-4d69-9115-8716ea4f13e9","local_time":"20190510002722","is_ascension_mode":true,"campfire_choices":[{"data":"Fusion","floor":6,"key":"SMITH"},{"data":"Mayhem","floor":8,"key":"SMITH"},{"floor":15,"key":"REST"}],"neow_cost":"NONE","seed_source_timestamp":2457574259829637,"circlet_count":0,"master_deck":["AscendersBane","Strike_B","Strike_B","Strike_B","Strike_B","Defend_B","Defend_B","Defend_B","Defend_B","Zap","Dualcast","Fusion+1","Cold Snap","Mayhem+1","FTL","Streamline","Glacier","Seek","Cold Snap","Conserve Battery"],"relics":["Cracked Core","NeowsBlessing","Lantern","Tiny Chest"],"potions_floor_usage":[10,11,16],"damage_taken":[{"damage":0,"enemies":"Small Slimes","floor":1,"turns":1},{"damage":0,"enemies":"Cultist","floor":3,"turns":1},{"damage":0,"enemies":"Jaw Worm","floor":4,"turns":1},{"damage":20,"enemies":"Lagavulin","floor":10,"turns":7},{"damage":12,"enemies":"Exordium Thugs","floor":11,"turns":5},{"damage":6,"enemies":"Lots of Slimes","floor":12,"turns":5},{"damage":7,"enemies":"Blue Slaver","floor":13,"turns":4},{"damage":47,"enemies":"The Guardian","floor":16,"turns":8}],"seed_played":"8370168154958084054","potions_obtained":[{"floor":2,"key":"Energy Potion"},{"floor":2,"key":"Swift Potion"},{"floor":13,"key":"GamblersBrew"}],"is_trial":false,"path_per_floor":["M","?","M","M","?","R","$","R","T","E","M","M","M","$","R","B"],"character_chosen":"DEFECT","items_purchased":["Mayhem","FTL","Conserve Battery"],"campfire_rested":1,"item_purchase_floors":[7,7,14],"current_hp_per_floor":[64,64,64,64,64,64,64,64,64,44,32,26,19,19,40,0],"gold":92,"neow_bonus":"THREE_ENEMY_KILL","is_prod":false,"is_daily":false,"chose_seed":false,"campfire_upgraded":2,"win_rate":0,"timestamp":1557458842,"path_taken":["M","?","?","M","?","R","?","R","T","E","?","M","M","$","R","BOSS"],"build_version":"2019-01-23","purchased_purges":1,"victory":false,"max_hp_per_floor":[71,71,71,71,71,71,71,71,71,71,71,71,71,71,71,71],"card_choices":[{"not_picked":["Sweeping Beam","Undo"],"picked":"Fusion","floor":1},{"not_picked":["Sweeping Beam","Barrage"],"picked":"Cold Snap","floor":3},{"not_picked":["Turbo","Gash","Rebound"],"picked":"SKIP","floor":4},{"not_picked":["White Noise","Leap"],"picked":"Streamline","floor":10},{"not_picked":["Rebound","Fusion"],"picked":"Glacier","floor":11},{"not_picked":["Barrage","Darkness"],"picked":"Seek","floor":12},{"not_picked":["Stack","Compile Driver"],"picked":"Cold Snap","floor":13}],"player_experience":1323120,"relics_obtained":[{"floor":9,"key":"Lantern"},{"floor":10,"key":"Tiny Chest"}],"event_choices":[{"damage_healed":0,"gold_gain":0,"player_choice":"Got Potions","damage_taken":0,"max_hp_gain":0,"max_hp_loss":0,"event_name":"Lab","floor":2,"gold_loss":0},{"damage_healed":0,"gold_gain":150,"player_choice":"AGREE","damage_taken":0,"max_hp_gain":0,"max_hp_loss":0,"event_name":"Liars Game","floor":5,"gold_loss":0,"cards_obtained":["Doubt"]}],"is_beta":false,"boss_relics":[],"items_purged_floors":[7],"is_endless":false,"potions_floor_spawned":[3,4,13],"killed_by":"The Guardian","ascension_level":15}