{"gold_per_floor":[18,18,93,107,118,150,150,181,205,219,219,232,242,271,271,374,374,386,386,405,405,330,360,360,389,443,453,488,488,521,88,88,202,214,240,272,300,324,336,376,388,428,440,452,492,515,156,185,185,185,185,185,19,48,48],"floor_reached":56,"playtime":3465,"items_purged":["Strike_R+1","Decay"],"score":1784,"play_id":"053fb237-382f-424e-9bc5-133b711b3d7a","local_time":"20190514101310","is_ascension_mode":true,"campfire_choices":[{"data":"Bash","floor":7,"key":"SMITH"},{"data":"Clothesline","floor":11,"key":"SMITH"},{"data":"Armaments","floor":15,"key":"SMITH"},{"data":"Barricade","floor":24,"key":"SMITH"},{"data":"True Grit","floor":29,"key":"SMITH"},{"floor":32,"key":"DIG"},{"floor":41,"key":"RECALL"},{"data":"Entrench","floor":44,"key":"SMITH"},{"floor":49,"key":"DIG"},{"data":"Offering","floor":52,"key":"SMITH"}],"neow_cost":"NO_GOLD","seed_source_timestamp":912032150445899,"circlet_count":0,"master_deck":["Strike_R+1","Strike_R+1","Defend_R+1","Defend_R+1","Defend_R+1","Bash+1","Iron Wave+1","Clash+1","Clothesline+1","Thunderclap+1","Warcry+1","Rupture","Intimidate+1","Offering+1","Armaments+1","Barricade+1","Rampage+1","Headbutt+1","Shrug It Off","True Grit+1","Offering","Body Slam","Juggernaut","True Grit+1","Shockwave","Entrench+1","Power Through+1","Shrug It Off","Shrug It Off+1","Impervious+1","Discovery+1","Disarm+1","Havoc+1"],"relics":["Burning Blood","Pen Nib","Blood Vial","Anchor","Self Forming Clay","Sozu","Matryoshka","Paper Frog","War Paint","Ancient Tea Set","Shovel","Dead Branch","MawBank","Cursed Key","Gambling Chip","Whetstone","Bag of Preparation","Du-Vu Doll","Lantern","Toxic Egg 2","Charon\u0027s Ashes","PreservedInsect","Bottled Lightning"],"potions_floor_usage":[6,8,18,55],"damage_taken":[{"damage":10,"enemies":"Small Slimes","floor":1,"turns":5},{"damage":0,"enemies":"Jaw Worm","floor":4,"turns":4},{"damage":0,"enemies":"Cultist","floor":5,"turns":3},{"damage":15,"enemies":"3 Sentries","floor":6,"turns":6},{"damage":8,"enemies":"Lagavulin","floor":8,"turns":5},{"damage":0,"enemies":"3 Louse","floor":10,"turns":2},{"damage":0,"enemies":"Large Slime","floor":12,"turns":5},{"damage":2,"enemies":"Blue Slaver","floor":13,"turns":3},{"damage":15,"enemies":"3 Sentries","floor":14,"turns":4},{"damage":24,"enemies":"Hexaghost","floor":16,"turns":9},{"damage":10,"enemies":"Shell Parasite","floor":18,"turns":5},{"damage":6,"enemies":"Chosen","floor":20,"turns":3},{"damage":9,"enemies":"Slavers","floor":23,"turns":5},{"damage":6,"enemies":"Gremlin Leader","floor":25,"turns":7},{"damage":5,"enemies":"Centurion and Healer","floor":27,"turns":5},{"damage":6,"enemies":"Book of Stabbing","floor":28,"turns":5},{"damage":8,"enemies":"Slavers","floor":30,"turns":5},{"damage":12,"enemies":"Collector","floor":33,"turns":5},{"damage":6,"enemies":"Orb Walker","floor":35,"turns":2},{"damage":18,"enemies":"3 Darklings","floor":36,"turns":6},{"damage":19,"enemies":"4 Shapes","floor":37,"turns":5},{"damage":0,"enemies":"Transient","floor":38,"turns":5},{"damage":18,"enemies":"Nemesis","floor":40,"turns":7},{"damage":6,"enemies":"Reptomancer","floor":42,"turns":6},{"damage":6,"enemies":"Nemesis","floor":45,"turns":13},{"damage":0,"enemies":"Jaw Worm Horde","floor":46,"turns":5},{"damage":0,"enemies":"Giant Head","floor":48,"turns":6},{"damage":18,"enemies":"Time Eater","floor":50,"turns":10},{"damage":6,"enemies":"Shield and Spear","floor":54,"turns":1},{"damage":24,"enemies":"The Heart","floor":55,"turns":7}],"seed_played":"7875584362510513909","potions_obtained":[{"floor":5,"key":"Strength Potion"},{"floor":6,"key":"PowerPotion"},{"floor":13,"key":"EntropicBrew"},{"floor":14,"key":"Explosive Potion"}],"is_trial":false,"path_per_floor":["M","?","?","M","M","E","R","E","T","M","R","M","M","E","R","B",null,"M","?","M","?","?","E","R","E","T","M","E","R","E","$","R","B",null,"M","M","M","M","?","E","R","E","T","R","E","M","$","E","R","B",null,"R","$","E","B",null],"character_chosen":"IRONCLAD","items_purchased":["Dead Branch","Body Slam","Toxic Egg 2","Shrug It Off+1","Discovery+1","Disarm+1"],"campfire_rested":0,"item_purchase_floors":[31,31,47,47,53,53],"current_hp_per_floor":[76,60,49,55,61,52,52,50,50,58,58,66,72,65,65,49,80,76,76,78,78,78,77,77,79,79,80,80,80,78,78,78,74,80,80,68,57,65,65,55,55,57,57,57,59,67,67,75,75,64,76,76,76,76,58],"gold":48,"neow_bonus":"REMOVE_TWO","is_prod":false,"is_daily":false,"chose_seed":false,"campfire_upgraded":7,"win_rate":0,"timestamp":1557843190,"path_taken":["M","?","?","M","M","E","R","E","T","M","R","M","M","E","R","BOSS","M","?","?","?","?","E","R","E","T","M","E","R","E","?","R","BOSS","M","M","M","M","?","E","R","E","T","R","E","M","$","E","R","BOSS","R","$","E","BOSS"],"build_version":"2019-05-07","purchased_purges":2,"victory":true,"max_hp_per_floor":[80,80,80,80,80,80,80,80,80,80,80,80,80,80,80,80,80,80,80,80,80,80,80,80,80,80,80,80,80,80,80,80,80,80,80,80,80,80,76,76,76,76,76,76,76,76,76,76,76,76,76,76,76,76,76],"card_choices":[{"not_picked":["Headbutt","Body Slam"],"picked":"Iron Wave","floor":1},{"not_picked":["Havoc","Reckless Charge"],"picked":"Clash","floor":4},{"not_picked":["Pommel Strike","True Grit"],"picked":"Clothesline","floor":5},{"not_picked":["True Grit","Second Wind"],"picked":"Thunderclap","floor":6},{"not_picked":["Wild Strike","Twin Strike"],"picked":"Warcry","floor":8},{"not_picked":["Pommel Strike","Cleave"],"picked":"Rupture","floor":10},{"not_picked":["Rampage","Headbutt"],"picked":"Intimidate","floor":12},{"not_picked":["Shrug It Off","Warcry"],"picked":"Offering","floor":13},{"not_picked":["Pummel","Body Slam"],"picked":"Armaments","floor":14},{"not_picked":["Offering","Exhume"],"picked":"Barricade","floor":16},{"not_picked":["Anger","Armaments","Thunderclap"],"picked":"SKIP","floor":18},{"not_picked":["Flex+1","Warcry"],"picked":"Rampage+1","floor":20},{"not_picked":["Flex","Shockwave","Reckless Charge"],"picked":"SKIP","floor":23},{"not_picked":["Flame Barrier","Reckless Charge"],"picked":"Headbutt+1","floor":25},{"not_picked":["Rupture","Perfected Strike"],"picked":"Shrug It Off","floor":27},{"not_picked":["Shrug It Off","Twin Strike+1"],"picked":"True Grit","floor":28},{"not_picked":["Feel No Pain","Headbutt"],"picked":"Offering","floor":30},{"not_picked":["Berserk","Barricade"],"picked":"Juggernaut","floor":33},{"not_picked":["Blood for Blood","Whirlwind","Clothesline"],"picked":"SKIP","floor":35},{"not_picked":["Flame Barrier","Clash"],"picked":"True Grit+1","floor":36},{"not_picked":["Cleave+1","Clash","Wild Strike+1"],"picked":"SKIP","floor":37},{"not_picked":["Armaments","Body Slam"],"picked":"Shockwave","floor":38},{"not_picked":["Seeing Red","Feel No Pain"],"picked":"Entrench","floor":40},{"not_picked":["Brutality","Body Slam+1"],"picked":"Power Through+1","floor":42},{"not_picked":["Power Through+1","Havoc"],"picked":"Shrug It Off","floor":45},{"not_picked":["Pummel+1","Sword Boomerang+1","Rage+1"],"picked":"SKIP","floor":46},{"not_picked":["Havoc+1","Sentinel+1"],"picked":"Impervious+1","floor":48},{"not_picked":["Pommel Strike","Blood for Blood+1"],"picked":"Havoc+1","floor":54}],"player_experience":5755497,"relics_obtained":[{"floor":6,"key":"Pen Nib"},{"floor":8,"key":"Blood Vial"},{"floor":9,"key":"Anchor"},{"floor":14,"key":"Self Forming Clay"},{"floor":23,"key":"Matryoshka"},{"floor":25,"key":"Paper Frog"},{"floor":26,"key":"War Paint"},{"floor":28,"key":"Ancient Tea Set"},{"floor":30,"key":"Shovel"},{"floor":32,"key":"MawBank"},{"floor":40,"key":"Gambling Chip"},{"floor":42,"key":"Whetstone"},{"floor":43,"key":"Bag of Preparation"},{"floor":43,"key":"Du-Vu Doll"},{"floor":45,"key":"Lantern"},{"floor":48,"key":"Charon\u0027s Ashes"},{"floor":49,"key":"PreservedInsect"},{"floor":54,"key":"Bottled Lightning"}],"event_choices":[{"damage_healed":0,"gold_gain":0,"player_choice":"Entered Light","damage_taken":16,"max_hp_gain":0,"max_hp_loss":0,"event_name":"Shining Light","floor":2,"gold_loss":0,"cards_upgraded":["Iron Wave","Strike_R"]},{"damage_healed":0,"gold_gain":75,"player_choice":"Gather Gold","damage_taken":11,"max_hp_gain":0,"max_hp_loss":0,"event_name":"World of Goop","floor":3,"gold_loss":0},{"damage_healed":0,"gold_gain":0,"player_choice":"Ignored","damage_taken":0,"max_hp_gain":0,"max_hp_loss":0,"event_name":"NoteForYourself","floor":19,"gold_loss":0},{"damage_healed":0,"gold_gain":0,"player_choice":"Simplicity","damage_taken":0,"max_hp_gain":0,"max_hp_loss":0,"event_name":"Back to Basics","floor":21,"gold_loss":0,"cards_upgraded":["Strike_R","Strike_R","Strike_R","Defend_R","Defend_R","Defend_R"]},{"cards_removed":["Strike_R"],"damage_healed":0,"gold_gain":0,"player_choice":"Gave Gold","damage_taken":0,"max_hp_gain":0,"max_hp_loss":0,"event_name":"Beggar","floor":22,"gold_loss":75},{"damage_healed":0,"gold_gain":0,"player_choice":"Max HP","damage_taken":0,"max_hp_gain":0,"max_hp_loss":4,"event_name":"Winding Halls","floor":39,"gold_loss":0}],"is_beta":true,"boss_relics":[{"not_picked":["Black Star","Astrolabe"],"picked":"Sozu"},{"not_picked":["Calling Bell","Empty Cage"],"picked":"Cursed Key"}],"items_purged_floors":[31,47],"is_endless":false,"potions_floor_spawned":[5,6,13,14,18,20,23,33,36,37,45,46,48],"ascension_level":1}