{"path_per_floor":["M","M","?","?","M","R","?","M","T","?","E","T","M","T","R","B",null,"M","?","$"],"character_chosen":"DEFECT","items_purchased":["Stack+1","Conserve Battery+1","Secret Weapon+1"],"gold_per_floor":[112,128,228,228,247,247,227,240,265,265,304,304,324,324,324,449,449,467,503,238,238],"floor_reached":21,"campfire_rested":1,"playtime":1941,"item_purchase_floors":[20,20,20],"current_hp_per_floor":[71,65,65,65,65,65,65,62,62,62,43,43,42,42,62,28,69,31,8,8,0],"items_purged":[],"gold":238,"score":186,"play_id":"6b843713-09d0-4eb9-8059-1cfa55eb8cee","local_time":"20180603015839","is_prod":false,"is_daily":false,"chose_seed":false,"is_ascension_mode":true,"campfire_upgraded":1,"win_rate":0.0,"timestamp":1528001919,"campfire_choices":[{"data":"Static Discharge","floor":6,"key":"SMITH"},{"floor":15,"key":"REST"}],"path_taken":["M","M","?","?","M","R","?","M","T","?","E","?","?","?","R","BOSS","M","?","$","M"],"build_version":"2018-05-31","seed_source_timestamp":1133345486769862,"purchased_purges":0,"victory":false,"master_deck":["Strike_B","Strike_B","Strike_B","Defend_B","Defend_B","Defend_B","Defend_B","Zap","Dualcast","Sweeping Beam","Sweeping Beam","Static Discharge+1","Consume+1","Electrodynamics","Lockon+1","Compile Driver+1","Steam+1","Redo+1","Redo+1","Stack+1","Conserve Battery+1","Secret Weapon+1"],"max_hp_per_floor":[75,75,75,75,75,75,75,75,75,69,69,69,69,69,69,69,69,69,69,69,69],"relics":["Cracked Core","Potion Belt","Golden Idol","Vajra","Toxic Egg 2","Singing Bowl","Astrolabe","Red Mask"],"card_choices":[{"not_picked":["Tempest","Capacitor"],"picked":"Sweeping Beam","floor":1},{"not_picked":["Gash","Lockon"],"picked":"Sweeping Beam","floor":2},{"not_picked":["Go for the Eyes","Redo"],"picked":"Static Discharge","floor":5},{"not_picked":["Barrage","Cold Snap"],"picked":"Loop","floor":8},{"not_picked":["Consume","Static Discharge"],"picked":"Steam","floor":11},{"not_picked":["Beam Cell","Melter"],"picked":"Consume+1","floor":13},{"not_picked":["Creative AI","All For One"],"picked":"Electrodynamics","floor":16},{"not_picked":["Conserve Battery+1","Hologram+1"],"picked":"Redo+1","floor":18},{"not_picked":["Leap+1","Loop"],"picked":"Redo+1","floor":19}],"player_experience":264525,"potions_floor_usage":[16,18,19],"damage_taken":[{"damage":4,"enemies":"Cultist","floor":1,"turns":4},{"damage":6,"enemies":"Jaw Worm","floor":2,"turns":3},{"damage":0,"enemies":"2 Louse","floor":5,"turns":2},{"damage":3,"enemies":"Exordium Wildlife","floor":8,"turns":3},{"damage":19,"enemies":"3 Sentries","floor":11,"turns":4},{"damage":1,"enemies":"Blue Slaver","floor":13,"turns":3},{"damage":34,"enemies":"The Guardian","floor":16,"turns":8},{"damage":38,"enemies":"2 Thieves","floor":18,"turns":4},{"damage":23,"enemies":"Masked Bandits","floor":19,"turns":3},{"damage":14,"enemies":"Shell Parasite","floor":21,"turns":5}],"relics_obtained":[{"floor":9,"key":"Potion Belt"},{"floor":11,"key":"Vajra"},{"floor":12,"key":"Toxic Egg 2"},{"floor":14,"key":"Singing Bowl"},{"floor":19,"key":"Red Mask"}],"event_choices":[{"event_name":"Golden Shrine","player_choice":"Pray","floor":3,"damage_taken":0},{"event_name":"Golden Wing","player_choice":"Ignored","floor":4,"damage_taken":0},{"event_name":"The Woman in Blue","player_choice":"Bought 1 Potion","floor":7,"damage_taken":0},{"event_name":"Golden Idol","player_choice":"Lose Max HP","floor":10,"damage_taken":0},{"event_name":"Masked Bandits","player_choice":"Fought over 467 gold","floor":19,"damage_taken":0}],"boss_relics":[{"not_picked":["Lizard Tail","Eternal Feather"],"picked":"Astrolabe"}],"items_purged_floors":[],"potions_floor_spawned":[1,5,8,13],"seed_played":"-4384942056664761856","killed_by":"Shell Parasite","ascension_level":1,"potions_obtained":[{"floor":1,"key":"Ancient Potion"},{"floor":5,"key":"PowerPotion"},{"floor":7,"key":"PowerPotion"},{"floor":13,"key":"AttackPotion"}],"is_trial":false}