{"path_per_floor":["M","?","$","M","M","R","E","R","T","E","R","?","M","M","R"],"character_chosen":"THE_SILENT","items_purchased":["Well Laid Plans"],"gold_per_floor":[119,119,51,63,75,75,109,109,109,144,144,144,154,170,170,170],"floor_reached":16,"campfire_rested":2,"playtime":1195,"item_purchase_floors":[3],"current_hp_per_floor":[70,56,56,55,55,55,49,70,70,54,54,54,46,41,62,0],"items_purged":[],"gold":170,"score":121,"play_id":"a107ec3a-1e00-4998-a794-8fe4be23b070","local_time":"20180610173227","is_prod":false,"is_daily":false,"chose_seed":false,"is_ascension_mode":true,"campfire_upgraded":2,"win_rate":0,"timestamp":1528662747,"campfire_choices":[{"data":"Bouncing Flask","floor":6,"key":"SMITH"},{"floor":8,"key":"REST"},{"data":"Finisher","floor":11,"key":"SMITH"},{"floor":15,"key":"REST"}],"path_taken":["M","?","$","M","M","R","E","R","T","E","R","?","?","M","R","BOSS"],"build_version":"2018-06-07v3","seed_source_timestamp":506227494816203,"purchased_purges":0,"victory":false,"master_deck":["Defend_G+1","Defend_G","Defend_G","Defend_G","Defend_G","Strike_G","Strike_G","Strike_G","Survivor","Neutralize+1","Bullet Time","Finisher+1","Well Laid Plans","Bouncing Flask+1","Slice","Glass Knife","Prepared","Dodge and Roll","Dagger Spray"],"max_hp_per_floor":[70,70,70,70,70,70,70,70,70,70,70,70,70,70,70,70],"relics":["Ring of the Snake","Bird Faced Urn","Ice Cream","Meat on the Bone"],"card_choices":[{"not_picked":["PiercingWail","Underhanded Strike"],"picked":"Finisher","floor":1},{"not_picked":["Bane","Backflip"],"picked":"Bouncing Flask","floor":4},{"not_picked":["Heel Hook","Cloak And Dagger"],"picked":"Slice","floor":5},{"not_picked":["Wraith Form v2","Outmaneuver"],"picked":"Glass Knife","floor":7},{"not_picked":["Outmaneuver","Cloak And Dagger"],"picked":"Prepared","floor":10},{"not_picked":["Concentrate","Dagger Throw"],"picked":"Dodge and Roll","floor":13},{"not_picked":["Flying Knee","Noxious Fumes"],"picked":"Dagger Spray","floor":14}],"player_experience":323501,"potions_floor_usage":[16],"damage_taken":[{"damage":0,"enemies":"2 Louse","floor":1,"turns":4},{"damage":1,"enemies":"Small Slimes","floor":4,"turns":4},{"damage":0,"enemies":"Cultist","floor":5,"turns":3},{"damage":6,"enemies":"3 Sentries","floor":7,"turns":7},{"damage":16,"enemies":"Gremlin Nob","floor":10,"turns":3},{"damage":10,"enemies":"Red Slaver","floor":13,"turns":2},{"damage":7,"enemies":"Lots of Slimes","floor":14,"turns":5},{"damage":66,"enemies":"Slime Boss","floor":16,"turns":11}],"relics_obtained":[{"floor":7,"key":"Bird Faced Urn"},{"floor":9,"key":"Ice Cream"},{"floor":10,"key":"Meat on the Bone"}],"event_choices":[{"event_name":"Shining Light","player_choice":"Entered Light","floor":2,"damage_taken":0},{"event_name":"Bonfire Elementals","player_choice":"BASIC","floor":12,"damage_taken":0}],"boss_relics":[],"items_purged_floors":[],"potions_floor_spawned":[5,13,14],"seed_played":"-7274505655568879775","killed_by":"Slime Boss","ascension_level":2,"potions_obtained":[{"floor":5,"key":"Ancient Potion"},{"floor":13,"key":"SpeedPotion"},{"floor":14,"key":"Weak Potion"}],"is_trial":false}