{"gold_per_floor":[119,136,311,69,69,97,112,122,122,122,82,82,82,113,113,217,217,234,234,29,47,47,79,79,91,117,117,147,97,113,124,124,229,229,247,21,21,35,55,88,98,98,98,98,130,130,144,65,65,65,65,65,13,42,42],"floor_reached":55,"playtime":2395,"items_purged":["Doubt"],"score":1072,"play_id":"45cf1f54-9f8e-4f62-bba7-0c6a0e3b4b5c","local_time":"20190203220645","is_ascension_mode":true,"campfire_choices":[{"data":"Noxious Fumes","floor":10,"key":"SMITH"},{"floor":13,"key":"REST"},{"data":"Caltrops","floor":15,"key":"SMITH"},{"floor":24,"key":"REST"},{"floor":27,"key":"REST"},{"floor":32,"key":"REST"},{"floor":46,"key":"REST"},{"floor":49,"key":"RECALL"},{"floor":52,"key":"REST"}],"neow_cost":"NONE","seed_source_timestamp":420704867400205,"circlet_count":0,"master_deck":["Defend_G","Defend_G","Defend_G","Defend_G","Defend_G","Strike_G","Strike_G","Strike_G","Strike_G","Survivor","Neutralize","Noxious Fumes+1","PiercingWail","Backflip","Sucker Punch","Quick Slash","Bouncing Flask","Caltrops+1","Poisoned Stab","After Image","Masterful Stab","Noxious Fumes","Blade Dance+1","Poisoned Stab+1","Noxious Fumes","Deflect+1","Backflip","Concentrate+1","Sucker Punch+1","Die Die Die","Acrobatics+1","Noxious Fumes","Caltrops","Noxious Fumes+1","Concentrate+1","Dodge and Roll+1","Cloak And Dagger+1","Blur+1","Dodge and Roll","Poisoned Stab+1","Cloak And Dagger+1","Infinite Blades","Sucker Punch+1","Slice"],"relics":["Ring of the Snake","NeowsBlessing","Orichalcum","Ornamental Fan","FossilizedHelix","Prayer Wheel","Ancient Tea Set","Runic Pyramid","Lee\u0027s Waffle","Dream Catcher","Singing Bowl","Fusion Hammer","PreservedInsect","Ice Cream","Pantograph","Incense Burner","Vajra"],"potions_floor_usage":[14,19,28,33,33,45,47,50,55],"damage_taken":[{"damage":0,"enemies":"2 Louse","floor":1,"turns":1},{"damage":0,"enemies":"Jaw Worm","floor":2,"turns":1},{"damage":0,"enemies":"Lagavulin","floor":6,"turns":1},{"damage":0,"enemies":"Cultist","floor":7,"turns":4},{"damage":0,"enemies":"Large Slime","floor":8,"turns":5},{"damage":4,"enemies":"Gremlin Nob","floor":14,"turns":4},{"damage":15,"enemies":"The Guardian","floor":16,"turns":9},{"damage":17,"enemies":"Spheric Guardian","floor":18,"turns":5},{"damage":1,"enemies":"Shell Parasite","floor":21,"turns":5},{"damage":77,"enemies":"Slavers","floor":23,"turns":6},{"damage":0,"enemies":"Snecko","floor":25,"turns":5},{"damage":19,"enemies":"Book of Stabbing","floor":28,"turns":5},{"damage":16,"enemies":"Sentry and Sphere","floor":30,"turns":7},{"damage":0,"enemies":"Cultist and Chosen","floor":31,"turns":6},{"damage":27,"enemies":"Collector","floor":33,"turns":9},{"damage":0,"enemies":"Orb Walker","floor":35,"turns":4},{"damage":0,"enemies":"3 Shapes","floor":38,"turns":6},{"damage":0,"enemies":"Maw","floor":39,"turns":8},{"damage":4,"enemies":"Nemesis","floor":40,"turns":7},{"damage":4,"enemies":"Sphere and 2 Shapes","floor":41,"turns":6},{"damage":28,"enemies":"Giant Head","floor":45,"turns":9},{"damage":32,"enemies":"Transient","floor":47,"turns":5},{"damage":48,"enemies":"Donu and Deca","floor":50,"turns":10},{"damage":42,"enemies":"Shield and Spear","floor":54,"turns":7},{"damage":96,"enemies":"The Heart","floor":55,"turns":9}],"seed_played":"-1565014196882067596","potions_obtained":[{"floor":1,"key":"Weak Potion"},{"floor":2,"key":"Dexterity Potion"},{"floor":7,"key":"Strength Potion"},{"floor":19,"key":"Fruit Juice"},{"floor":19,"key":"Poison Potion"},{"floor":31,"key":"Explosive Potion"},{"floor":39,"key":"PowerPotion"},{"floor":41,"key":"AttackPotion"},{"floor":45,"key":"Weak Potion"}],"is_trial":false,"path_per_floor":["M","M","?","$","?","E","M","M","T","R","$","?","R","E","R","B",null,"M","?","$","M","$","E","R","M","T","R","E","?","M","M","R","B",null,"M","$","?","M","M","E","M","?","T","?","E","R","M","$","R","B",null,"R","$","E","B"],"character_chosen":"THE_SILENT","items_purchased":["Orichalcum","Backflip","Caltrops","Lee\u0027s Waffle","PreservedInsect","Caltrops","Infinite Blades","Slice"],"campfire_rested":6,"item_purchase_floors":[4,4,11,20,36,36,48,53],"current_hp_per_floor":[63,63,63,63,56,56,56,56,56,56,56,31,52,48,48,33,61,44,49,82,81,81,4,28,28,28,52,33,33,21,25,52,27,76,76,76,76,80,80,78,74,76,76,76,50,80,50,50,50,27,85,104,104,64,0],"gold":42,"neow_bonus":"THREE_ENEMY_KILL","is_prod":false,"is_daily":false,"chose_seed":false,"campfire_upgraded":2,"win_rate":0,"timestamp":1549242405,"path_taken":["M","M","?","$","?","E","?","M","T","R","$","?","R","E","R","BOSS","M","?","$","?","?","E","R","M","T","R","E","?","?","M","R","BOSS","M","$","?","M","?","E","M","?","T","?","E","R","M","$","R","BOSS","R","$","E","BOSS"],"build_version":"2019-01-23","purchased_purges":1,"victory":false,"max_hp_per_floor":[70,70,70,70,70,70,70,70,70,70,70,70,70,70,70,70,70,70,75,82,82,82,82,82,82,82,82,82,82,86,90,90,92,92,92,92,92,96,96,98,98,100,100,100,102,102,104,104,104,104,104,104,104,106,106],"card_choices":[{"not_picked":["Prepared","Infinite Blades"],"picked":"Noxious Fumes","floor":1},{"not_picked":["Dodge and Roll","Tactician"],"picked":"PiercingWail","floor":2},{"not_picked":["Slice","Underhanded Strike"],"picked":"Sucker Punch","floor":6},{"not_picked":["Acrobatics","Heel Hook"],"picked":"Quick Slash","floor":7},{"not_picked":["Dodge and Roll","Flying Knee"],"picked":"Bouncing Flask","floor":8},{"not_picked":["Burst","PiercingWail"],"picked":"Poisoned Stab","floor":14},{"not_picked":["Glass Knife","Phantasmal Killer"],"picked":"After Image","floor":16},{"not_picked":["Prepared","Deadly Poison"],"picked":"Masterful Stab","floor":18},{"not_picked":["Calculated Gamble","PiercingWail"],"picked":"Noxious Fumes","floor":18},{"not_picked":["Acrobatics+1","Expertise"],"picked":"Blade Dance+1","floor":21},{"not_picked":["Deflect","Flying Knee"],"picked":"Poisoned Stab+1","floor":21},{"not_picked":["Footwork","Acrobatics"],"picked":"Noxious Fumes","floor":23},{"not_picked":["Acrobatics","Cloak And Dagger"],"picked":"Deflect+1","floor":25},{"not_picked":["Blade Dance","Choke"],"picked":"Backflip","floor":25},{"not_picked":["Reflex+1","Calculated Gamble"],"picked":"Concentrate+1","floor":27},{"not_picked":["Flying Knee","Grand Finale"],"picked":"Sucker Punch+1","floor":28},{"not_picked":["Deadly Poison","Backflip","Bane"],"picked":"Singing Bowl","floor":30},{"not_picked":["All Out Attack","Outmaneuver","Dagger Spray"],"picked":"Singing Bowl","floor":30},{"not_picked":["Poisoned Stab","PiercingWail","Flying Knee"],"picked":"Singing Bowl","floor":31},{"not_picked":["Distraction","Underhanded Strike+1","Cloak And Dagger"],"picked":"Singing Bowl","floor":31},{"not_picked":["Underhanded Strike","Dagger Spray"],"picked":"Die Die Die","floor":32},{"not_picked":["Glass Knife","Envenom","Malaise"],"picked":"Singing Bowl","floor":33},{"not_picked":["Deadly Poison","Prepared"],"picked":"Acrobatics+1","floor":35},{"not_picked":["Acrobatics","Terror+1"],"picked":"Noxious Fumes","floor":35},{"not_picked":["Blade Dance","Prepared+1","PiercingWail"],"picked":"Singing Bowl","floor":38},{"not_picked":["Outmaneuver+1","Acrobatics","Dagger Throw"],"picked":"Singing Bowl","floor":38},{"not_picked":["Deadly Poison","Night Terror"],"picked":"Concentrate+1","floor":39},{"not_picked":["Predator","Dagger Throw+1"],"picked":"Dodge and Roll+1","floor":39},{"not_picked":["Leg Sweep","Outmaneuver","Slice"],"picked":"Singing Bowl","floor":40},{"not_picked":["Poisoned Stab+1","Backstab+1"],"picked":"Cloak And Dagger+1","floor":41},{"not_picked":["Backflip+1","Burst"],"picked":"Blur+1","floor":41},{"not_picked":["Mayhem","Purity","Dark Shackles"],"picked":"Singing Bowl","floor":42},{"not_picked":["Sucker Punch+1","Poisoned Stab","Bane+1"],"picked":"Singing Bowl","floor":45},{"not_picked":["Reflex+1","Acrobatics+1"],"picked":"Poisoned Stab+1","floor":46},{"not_picked":["Endless Agony","Expertise","Acrobatics"],"picked":"Singing Bowl","floor":47},{"not_picked":["Deadly Poison","Finisher"],"picked":"Cloak And Dagger+1","floor":47},{"not_picked":["Caltrops","Skewer+1"],"picked":"Sucker Punch+1","floor":52},{"not_picked":["Finisher","Endless Agony","Grand Finale"],"picked":"Singing Bowl","floor":54}],"player_experience":711242,"relics_obtained":[{"floor":6,"key":"Ornamental Fan"},{"floor":9,"key":"FossilizedHelix"},{"floor":14,"key":"Ancient Tea Set"},{"floor":23,"key":"Dream Catcher"},{"floor":28,"key":"Singing Bowl"},{"floor":40,"key":"Ice Cream"},{"floor":43,"key":"Pantograph"},{"floor":45,"key":"Incense Burner"},{"floor":54,"key":"Vajra"}],"event_choices":[{"damage_healed":0,"gold_gain":175,"player_choice":"AGREE","damage_taken":0,"max_hp_gain":0,"max_hp_loss":0,"event_name":"Liars Game","floor":3,"gold_loss":0,"cards_obtained":["Doubt"]},{"damage_healed":0,"gold_gain":0,"player_choice":"Damaged","damage_taken":7,"max_hp_gain":0,"max_hp_loss":0,"event_name":"Wheel of Change","floor":5,"gold_loss":0},{"damage_healed":0,"gold_gain":0,"player_choice":"Success","damage_taken":25,"relics_obtained":["Prayer Wheel"],"max_hp_gain":0,"max_hp_loss":0,"event_name":"Scrap Ooze","floor":12,"gold_loss":0},{"damage_healed":0,"gold_gain":0,"player_choice":"Got Potions","damage_taken":0,"max_hp_gain":0,"max_hp_loss":0,"event_name":"Lab","floor":19,"gold_loss":0},{"damage_healed":0,"gold_gain":0,"player_choice":"Bet on Owner","damage_taken":0,"max_hp_gain":0,"max_hp_loss":0,"event_name":"The Joust","floor":29,"gold_loss":50},{"damage_healed":0,"gold_gain":0,"player_choice":"Copied","damage_taken":0,"max_hp_gain":0,"max_hp_loss":0,"event_name":"Duplicator","floor":37,"gold_loss":0,"cards_obtained":["Noxious Fumes"]},{"damage_healed":0,"gold_gain":0,"player_choice":"Memory 1","damage_taken":0,"max_hp_gain":0,"max_hp_loss":0,"event_name":"SensoryStone","floor":42,"gold_loss":0},{"damage_healed":0,"gold_gain":0,"cards_transformed":["Strike_G"],"player_choice":"Transformed","damage_taken":0,"max_hp_gain":0,"max_hp_loss":0,"event_name":"Transmorgrifier","floor":44,"gold_loss":0,"cards_obtained":["Dodge and Roll"]}],"is_beta":false,"boss_relics":[{"not_picked":["WristBlade","HoveringKite"],"picked":"Runic Pyramid"},{"not_picked":["Runic Dome","Calling Bell"],"picked":"Fusion Hammer"}],"items_purged_floors":[4],"is_endless":false,"potions_floor_spawned":[1,2,7,23,25,31,39,41,45],"killed_by":"The Heart","ascension_level":6}