{"gold_per_floor":[113,131,82,98,108,108,127,147,147,162,162,207,240,315,315,315],"floor_reached":16,"playtime":862,"items_purged":[],"score":166,"play_id":"a9a958e3-5dfc-44ea-adb2-5e86a5e8ac6d","local_time":"20190403225759","is_ascension_mode":true,"campfire_choices":[{"data":"Wraith Form v2","floor":6,"key":"SMITH"},{"floor":11,"key":"REST"},{"floor":15,"key":"REST"}],"neow_cost":"NONE","seed_source_timestamp":212289364032260,"circlet_count":0,"master_deck":["AscendersBane","Defend_G","Defend_G","Defend_G","Defend_G","Defend_G","Strike_G","Strike_G","Strike_G","Strike_G","Strike_G","Survivor","Neutralize","Corpse Explosion","Dodge and Roll","Wraith Form v2+1","Bouncing Flask","Bouncing Flask","PiercingWail","Terror","Leg Sweep+1"],"relics":["Ring of the Snake","Tiny Chest","Shovel","PreservedInsect","Toxic Egg 2"],"potions_floor_usage":[],"damage_taken":[{"damage":0,"enemies":"2 Louse","floor":1,"turns":2},{"damage":8,"enemies":"Cultist","floor":2,"turns":5},{"damage":5,"enemies":"Jaw Worm","floor":4,"turns":6},{"damage":6,"enemies":"Looter","floor":5,"turns":4},{"damage":16,"enemies":"Gremlin Gang","floor":7,"turns":2},{"damage":5,"enemies":"Lots of Slimes","floor":8,"turns":3},{"damage":4,"enemies":"Blue Slaver","floor":10,"turns":4},{"damage":18,"enemies":"Gremlin Nob","floor":13,"turns":3},{"damage":33,"enemies":"Slime Boss","floor":16,"turns":7}],"seed_played":"1525186736492805309","potions_obtained":[{"floor":4,"key":"FearPotion"},{"floor":5,"key":"Ancient Potion"},{"floor":7,"key":"Explosive Potion"}],"is_trial":false,"path_per_floor":["M","M","?","M","M","R","M","M","T","M","R","T","E","?","R","B"],"character_chosen":"THE_SILENT","items_purchased":[],"campfire_rested":2,"item_purchase_floors":[],"current_hp_per_floor":[63,55,55,50,44,44,28,23,23,19,40,40,22,11,32,0],"gold":315,"neow_bonus":"ONE_RANDOM_RARE_CARD","is_prod":false,"is_daily":false,"chose_seed":false,"campfire_upgraded":1,"win_rate":0,"timestamp":1554343079,"path_taken":["M","M","?","?","M","R","M","M","T","?","R","?","E","?","R","BOSS"],"build_version":"2019-01-23","purchased_purges":0,"victory":false,"max_hp_per_floor":[70,70,70,70,70,70,70,70,70,70,70,70,70,70,70,70],"card_choices":[{"not_picked":["Deflect","Skewer"],"picked":"Dodge and Roll","floor":1},{"not_picked":["Blade Dance","Setup"],"picked":"Wraith Form v2","floor":2},{"not_picked":["Flying Knee","Choke"],"picked":"Bouncing Flask","floor":4},{"not_picked":["Finisher","Deflect","Flying Knee"],"picked":"SKIP","floor":5},{"not_picked":["Deadly Poison","Dodge and Roll"],"picked":"Bouncing Flask","floor":7},{"not_picked":["Cloak And Dagger","Bane"],"picked":"PiercingWail","floor":8},{"not_picked":["Prepared","Outmaneuver"],"picked":"Terror","floor":10},{"not_picked":["Deflect","Glass Knife"],"picked":"Leg Sweep","floor":13}],"player_experience":1030854,"relics_obtained":[{"floor":9,"key":"Shovel"},{"floor":12,"key":"PreservedInsect"},{"floor":13,"key":"Toxic Egg 2"}],"event_choices":[{"damage_healed":0,"gold_gain":0,"player_choice":"Paid Gold","damage_taken":0,"relics_obtained":["Tiny Chest"],"max_hp_gain":0,"max_hp_loss":0,"event_name":"WeMeetAgain","floor":3,"gold_loss":79},{"damage_healed":0,"gold_gain":75,"player_choice":"Gather Gold","damage_taken":11,"max_hp_gain":0,"max_hp_loss":0,"event_name":"World of Goop","floor":14,"gold_loss":0}],"is_beta":false,"boss_relics":[],"items_purged_floors":[],"is_endless":false,"potions_floor_spawned":[4,5,7],"killed_by":"Slime Boss","ascension_level":12}