{"gold_per_floor":[111,125,125,141,157,157,167,167,167,182,182,182,214,214,214,313,313,326,97,112,127,142,142,172,172,172,172,188,204,304,0,0,97,97,108,108,122,132,143,176,72,85,153,153,172,191,217,230,230,230,230,230,54,82,82],"floor_reached":55,"playtime":3026,"items_purged":["Strike_G","Strike_G","Strike_G"],"score":730,"play_id":"7fcc201c-4914-46d8-90c7-b98040e199c1","local_time":"20190509201231","is_ascension_mode":false,"campfire_choices":[{"data":"Neutralize","floor":6,"key":"SMITH"},{"data":"Poisoned Stab","floor":8,"key":"SMITH"},{"data":"Noxious Fumes","floor":11,"key":"SMITH"},{"data":"Bane","floor":15,"key":"SMITH"},{"data":"Well Laid Plans","floor":23,"key":"SMITH"},{"data":"Phantasmal Killer","floor":25,"key":"SMITH"},{"data":"Finisher","floor":27,"key":"SMITH"},{"data":"1","floor":32,"key":"LIFT"},{"data":"2","floor":44,"key":"LIFT"},{"floor":49,"key":"RECALL"},{"data":"3","floor":52,"key":"LIFT"}],"neow_cost":"PERCENT_DAMAGE","seed_source_timestamp":980784624269444,"circlet_count":0,"master_deck":["Defend_G","Defend_G","Defend_G","Strike_G","Survivor","Neutralize+1","Deflect+1","Poisoned Stab+1","Well Laid Plans+1","Finisher+1","Backflip","Noxious Fumes+1","Bane+1","Phantasmal Killer+1","Adrenaline","Flying Knee+1","Cloak And Dagger+1","Infinite Blades","Slice","Backflip+1","Caltrops+1","Cloak And Dagger","Bullet Time","Terror+1","Crippling Poison+1","Infinite Blades","Acrobatics","Acrobatics+1","Blur+1","Parasite","Dash+1","Tools of the Trade"],"relics":["Ring of the Snake","Shovel","Bottled Flame","Ninja Scroll","WristBlade","Bronze Scales","Smiling Mask","Bottled Lightning","Girya","Question Card","Mummified Hand","Busted Crown","Pen Nib","Regal Pillow","Paper Crane"],"potions_floor_usage":[5,24,24,33,40,50,50,50,54,55],"damage_taken":[{"damage":1,"enemies":"Cultist","floor":1,"turns":4},{"damage":0,"enemies":"Jaw Worm","floor":2,"turns":6},{"damage":0,"enemies":"Small Slimes","floor":4,"turns":3},{"damage":9,"enemies":"Gremlin Gang","floor":5,"turns":5},{"damage":2,"enemies":"Looter","floor":7,"turns":4},{"damage":0,"enemies":"2 Fungi Beasts","floor":10,"turns":4},{"damage":9,"enemies":"3 Sentries","floor":13,"turns":7},{"damage":4,"enemies":"Hexaghost","floor":16,"turns":9},{"damage":0,"enemies":"Chosen","floor":18,"turns":3},{"damage":9,"enemies":"2 Thieves","floor":20,"turns":3},{"damage":0,"enemies":"Centurion and Healer","floor":21,"turns":3},{"damage":6,"enemies":"Sentry and Sphere","floor":22,"turns":4},{"damage":3,"enemies":"Slavers","floor":24,"turns":3},{"damage":0,"enemies":"3 Cultists","floor":28,"turns":3},{"damage":6,"enemies":"Snake Plant","floor":29,"turns":3},{"damage":0,"enemies":"Colosseum Slavers","floor":30,"turns":2},{"damage":4,"enemies":"Colosseum Nobs","floor":30,"turns":3},{"damage":16,"enemies":"Champ","floor":33,"turns":7},{"damage":0,"enemies":"Orb Walker","floor":35,"turns":1},{"damage":2,"enemies":"3 Darklings","floor":37,"turns":3},{"damage":0,"enemies":"4 Shapes","floor":38,"turns":2},{"damage":0,"enemies":"Transient","floor":39,"turns":5},{"damage":10,"enemies":"Reptomancer","floor":40,"turns":5},{"damage":13,"enemies":"Sphere and 2 Shapes","floor":42,"turns":3},{"damage":6,"enemies":"Maw","floor":45,"turns":5},{"damage":0,"enemies":"Writhing Mass","floor":46,"turns":3},{"damage":0,"enemies":"Giant Head","floor":47,"turns":4},{"damage":0,"enemies":"Transient","floor":48,"turns":5},{"damage":51,"enemies":"Awakened One","floor":50,"turns":8},{"damage":15,"enemies":"Shield and Spear","floor":54,"turns":4},{"damage":56,"enemies":"The Heart","floor":55,"turns":4}],"seed_played":"8964190240142383380","potions_obtained":[{"floor":1,"key":"PowerPotion"},{"floor":7,"key":"Dexterity Potion"},{"floor":16,"key":"AttackPotion"},{"floor":20,"key":"AttackPotion"},{"floor":24,"key":"Weak Potion"},{"floor":33,"key":"SteroidPotion"},{"floor":35,"key":"Poison Potion"},{"floor":46,"key":"SpeedPotion"},{"floor":48,"key":"Regen Potion"}],"is_trial":false,"path_per_floor":["M","M","?","M","M","R","M","R","T","M","R","?","E","?","R","B",null,"M","$","M","M","M","R","E","R","T","R","M","M","?","$","R","B",null,"M","?","M","M","M","E","$","M","T","R","M","M","E","M","R","B",null,"R","$","E","B"],"character_chosen":"THE_SILENT","items_purchased":["Bronze Scales","Mummified Hand","Weak Potion","Acrobatics","GhostInAJar","SpeedPotion"],"campfire_rested":0,"item_purchase_floors":[19,31,31,41,53,53],"current_hp_per_floor":[48,48,36,36,27,27,25,25,25,25,25,25,16,16,16,12,70,70,70,61,61,55,55,52,52,52,52,52,46,42,42,42,26,70,70,70,68,68,68,58,58,45,45,45,39,39,39,39,39,3,70,70,70,55,0],"gold":82,"neow_bonus":"REMOVE_TWO","is_prod":false,"is_daily":false,"chose_seed":false,"campfire_upgraded":7,"win_rate":0,"timestamp":1557429151,"path_taken":["M","?","?","M","M","R","M","R","T","M","R","?","E","?","R","BOSS","M","?","?","M","M","R","E","R","T","R","M","M","?","$","R","BOSS","M","?","?","M","M","E","$","M","T","R","M","M","E","M","R","BOSS","R","$","E","BOSS"],"build_version":"2019-05-07","purchased_purges":3,"victory":false,"max_hp_per_floor":[70,70,70,70,70,70,70,70,70,70,70,70,70,70,70,70,70,70,70,70,70,70,70,70,70,70,70,70,70,70,70,70,70,70,70,70,70,70,70,70,70,70,70,70,70,70,70,70,70,70,70,70,70,70,70],"card_choices":[{"not_picked":["Expertise","Accuracy"],"picked":"Deflect","floor":1},{"not_picked":["Terror","Underhanded Strike"],"picked":"Poisoned Stab","floor":2},{"not_picked":["Leg Sweep","Concentrate"],"picked":"Well Laid Plans","floor":4},{"not_picked":["Cloak And Dagger","Backflip"],"picked":"Finisher","floor":5},{"not_picked":["Escape Plan","Deflect"],"picked":"Backflip","floor":7},{"not_picked":["Backflip","Dagger Throw"],"picked":"Noxious Fumes","floor":10},{"not_picked":["Dodge and Roll","Storm of Steel"],"picked":"Bane","floor":13},{"not_picked":["A Thousand Cuts","Unload"],"picked":"Adrenaline","floor":16},{"not_picked":["Endless Agony","Noxious Fumes"],"picked":"Flying Knee+1","floor":18},{"not_picked":["Sucker Punch","Poisoned Stab","Escape Plan"],"picked":"SKIP","floor":20},{"not_picked":["Slice","Endless Agony+1"],"picked":"Cloak And Dagger+1","floor":21},{"not_picked":["Well Laid Plans","Slice"],"picked":"Infinite Blades","floor":22},{"not_picked":["Sucker Punch","Backflip"],"picked":"Slice","floor":24},{"not_picked":["Caltrops+1","Acrobatics"],"picked":"Backflip+1","floor":28},{"not_picked":["Backflip","Slice"],"picked":"Caltrops","floor":29},{"not_picked":["Deflect","Flying Knee"],"picked":"Cloak And Dagger","floor":30},{"not_picked":["Glass Knife","Burst","Unload"],"picked":"Bullet Time","floor":33},{"not_picked":["Prepared+1"],"picked":"Terror+1","floor":35},{"not_picked":["Tactician+1"],"picked":"Crippling Poison+1","floor":37},{"not_picked":["Deflect","Dodge and Roll+1"],"picked":"SKIP","floor":38},{"not_picked":["Well Laid Plans","Deflect"],"picked":"SKIP","floor":39},{"not_picked":["Prepared+1"],"picked":"Infinite Blades","floor":40},{"not_picked":["PiercingWail"],"picked":"Acrobatics+1","floor":42},{"not_picked":["Deadly Poison+1"],"picked":"Blur+1","floor":45},{"not_picked":["Deflect+1"],"picked":"Dash+1","floor":46},{"not_picked":["Poisoned Stab","Crippling Poison"],"picked":"SKIP","floor":47},{"not_picked":["Deadly Poison","Crippling Poison+1"],"picked":"SKIP","floor":48},{"not_picked":["Well Laid Plans"],"picked":"Tools of the Trade","floor":54}],"player_experience":1361701,"relics_obtained":[{"floor":9,"key":"Bottled Flame"},{"floor":13,"key":"Ninja Scroll"},{"floor":24,"key":"Smiling Mask"},{"floor":26,"key":"Bottled Lightning"},{"floor":30,"key":"Girya"},{"floor":30,"key":"Question Card"},{"floor":40,"key":"Pen Nib"},{"floor":47,"key":"Regal Pillow"},{"floor":54,"key":"Paper Crane"}],"event_choices":[{"damage_healed":0,"gold_gain":0,"player_choice":"Success","damage_taken":12,"relics_obtained":["Shovel"],"max_hp_gain":0,"max_hp_loss":0,"event_name":"Scrap Ooze","floor":3,"gold_loss":0},{"damage_healed":0,"gold_gain":0,"player_choice":"Grow","damage_taken":0,"max_hp_gain":0,"max_hp_loss":0,"event_name":"Living Wall","floor":12,"gold_loss":0,"cards_upgraded":["Deflect"]},{"damage_healed":0,"gold_gain":0,"cards_transformed":["Defend_G"],"player_choice":"Transformed","damage_taken":0,"max_hp_gain":0,"max_hp_loss":0,"event_name":"Transmorgrifier","floor":14,"gold_loss":0,"cards_obtained":["Phantasmal Killer"]},{"damage_healed":0,"gold_gain":0,"player_choice":"Fight","damage_taken":0,"max_hp_gain":0,"max_hp_loss":0,"event_name":"Colosseum","floor":30,"gold_loss":0},{"damage_healed":0,"gold_gain":0,"player_choice":"Fought Nobs","damage_taken":0,"max_hp_gain":0,"max_hp_loss":0,"event_name":"Colosseum","floor":30,"gold_loss":0},{"damage_healed":0,"gold_gain":0,"player_choice":"Forge","damage_taken":0,"max_hp_gain":0,"max_hp_loss":0,"event_name":"Accursed Blacksmith","floor":36,"gold_loss":0,"cards_upgraded":["Caltrops"]}],"is_beta":true,"boss_relics":[{"not_picked":["Lizard Tail","Black Star"],"picked":"WristBlade"},{"not_picked":["Fusion Hammer","Empty Cage"],"picked":"Busted Crown"}],"items_purged_floors":[19,41,53],"is_endless":false,"potions_floor_spawned":[1,7,16,20,21,24,30,33,35,37,38,46,48],"killed_by":"The Heart","ascension_level":0}