{"path_per_floor":["M","?","?","M","?","E","R","$","T","M","M","E","M","M","R","B",null,"M","M","M","M"],"character_chosen":"DEFECT","items_purchased":["FTL"],"gold_per_floor":[113,113,113,133,133,167,167,95,95,115,129,159,173,191,191,291,291,308,319,336,348,348],"floor_reached":22,"campfire_rested":2,"playtime":1178,"item_purchase_floors":[8],"current_hp_per_floor":[66,66,66,54,47,17,37,37,37,37,40,20,6,6,26,13,68,50,38,38,19,0],"items_purged":[],"gold":348,"score":255,"play_id":"682f4ee6-7a7b-4f36-b625-4505a5b201cc","local_time":"20180606022756","is_prod":false,"is_daily":false,"chose_seed":false,"is_ascension_mode":true,"campfire_upgraded":0,"win_rate":0,"timestamp":1528262876,"campfire_choices":[{"floor":7,"key":"REST"},{"floor":15,"key":"REST"}],"path_taken":["M","?","?","M","?","E","R","?","T","M","M","E","M","M","R","BOSS","M","?","M","?","M"],"build_version":"2018-05-31","seed_source_timestamp":106336364273380,"purchased_purges":0,"victory":false,"master_deck":["Strike_B","Strike_B","Strike_B","Strike_B","Defend_B","Defend_B","Defend_B","Defend_B","Zap","Dualcast","Multi-Cast+1","Darkness+1","Rip and Tear","Rebound","FTL","Hyperbeam","Auto Shields","Multi-Cast","Static Discharge","Leap","Doom and Gloom","Streamline","Hologram","Hyperbeam","Injury","Injury","Injury","Double Energy","Redo+1","Cold Snap","Heatsinks+1","Hyperbeam","Chaos+1","Glacier","Capacitor+1"],"max_hp_per_floor":[68,68,68,68,68,68,68,68,68,68,68,68,68,68,68,68,68,68,73,73,73,73],"relics":["Cracked Core","Prayer Wheel","Bronze Scales","Toolbox","Potion Belt","Calling Bell","Happy Flower","Frozen Egg 2","Girya"],"card_choices":[{"not_picked":["Reboot","All For One"],"picked":"Multi-Cast","floor":0},{"not_picked":["Steam","Stack"],"picked":"Darkness","floor":1},{"not_picked":["Streamline","Leap"],"picked":"Rip and Tear","floor":4},{"not_picked":["Stack","Coolheaded"],"picked":"Rebound","floor":6},{"not_picked":["Steam","Conserve Battery"],"picked":"Hyperbeam","floor":10},{"not_picked":["Turbo","Stack","Barrage"],"picked":"SKIP","floor":10},{"not_picked":["Beam Cell","Gash"],"picked":"Auto Shields","floor":11},{"not_picked":["Skim","Redo"],"picked":"Multi-Cast","floor":11},{"not_picked":["Ball Lightning","Compile Driver"],"picked":"Static Discharge","floor":12},{"not_picked":["Reprogram","Gash"],"picked":"Leap","floor":13},{"not_picked":["Turbo","Consume"],"picked":"Doom and Gloom","floor":13},{"not_picked":["Barrage","Gash"],"picked":"Streamline","floor":14},{"not_picked":["Melter","Conserve Battery"],"picked":"Hologram","floor":14},{"not_picked":["Core Surge","Fission"],"picked":"Hyperbeam","floor":16},{"not_picked":["Fusion","Turbo"],"picked":"Double Energy","floor":18},{"not_picked":["Rebound","Leap+1"],"picked":"Redo+1","floor":18},{"not_picked":["Undo","Barrage"],"picked":"Cold Snap","floor":19},{"not_picked":["Genetic Algorithm","Streamline"],"picked":"Heatsinks+1","floor":19},{"not_picked":["Steam","Gash+1"],"picked":"Hyperbeam","floor":20},{"not_picked":["BootSequence","Lockon+1"],"picked":"Chaos+1","floor":20},{"not_picked":["Beam Cell","Hologram"],"picked":"Glacier","floor":21},{"not_picked":["Conserve Battery","Redo"],"picked":"Capacitor+1","floor":21}],"player_experience":284344,"potions_floor_usage":[11,16,16,19,19,20,21,21,21,22],"damage_taken":[{"damage":2,"enemies":"Jaw Worm","floor":1,"turns":3},{"damage":12,"enemies":"Small Slimes","floor":4,"turns":2},{"damage":30,"enemies":"Lagavulin","floor":6,"turns":5},{"damage":0,"enemies":"Cultist","floor":10,"turns":2},{"damage":6,"enemies":"Exordium Thugs","floor":11,"turns":3},{"damage":20,"enemies":"3 Sentries","floor":12,"turns":4},{"damage":14,"enemies":"2 Fungi Beasts","floor":13,"turns":2},{"damage":0,"enemies":"Large Slime","floor":14,"turns":4},{"damage":13,"enemies":"Slime Boss","floor":16,"turns":5},{"damage":18,"enemies":"Chosen","floor":18,"turns":3},{"damage":17,"enemies":"2 Thieves","floor":19,"turns":3},{"damage":0,"enemies":"3 Cultists","floor":20,"turns":2},{"damage":19,"enemies":"Cultist and Chosen","floor":21,"turns":5},{"damage":28,"enemies":"Sentry and Sphere","floor":22,"turns":3}],"relics_obtained":[{"floor":6,"key":"Bronze Scales"},{"floor":9,"key":"Toolbox"},{"floor":12,"key":"Potion Belt"},{"floor":17,"key":"Happy Flower"},{"floor":17,"key":"Frozen Egg 2"},{"floor":17,"key":"Girya"}],"event_choices":[{"event_name":"Living Wall","player_choice":"Grow","floor":2,"damage_taken":0},{"event_name":"Upgrade Shrine","player_choice":"Upgraded","floor":3,"damage_taken":0},{"event_name":"Scrap Ooze","player_choice":"success","floor":5,"damage_taken":7}],"boss_relics":[{"not_picked":["Ectoplasm","Tiny House"],"picked":"Calling Bell"}],"items_purged_floors":[],"potions_floor_spawned":[6,10,12,13,16,18,19,21],"seed_played":"-8689302663306313827","killed_by":"Sentry and Sphere","ascension_level":3,"potions_obtained":[{"floor":6,"key":"Regen Potion"},{"floor":10,"key":"Ancient Potion"},{"floor":12,"key":"Fruit Juice"},{"floor":13,"key":"SkillPotion"},{"floor":16,"key":"FocusPotion"},{"floor":18,"key":"EntropicBrew"},{"floor":19,"key":"LiquidBronze"},{"floor":21,"key":"AttackPotion"}],"is_trial":false}