{"gold_per_floor":[117,117,137,26,38,38,38,69,69,88,117,117,136,170,170,275,275,286,286,50,68,86,113,113,145,193,293,293,203,230,243,243,341,341,356,371,389,437,537,570,570,603,676,701,754,771,80,96,96,96,96,96,20,53,53],"floor_reached":56,"playtime":4256,"items_purged":["Strike_B"],"score":1626,"play_id":"9b9352cb-7a25-429b-ba63-2099900cf7d6","local_time":"20190224123449","is_ascension_mode":true,"campfire_choices":[{"data":"Sunder","floor":6,"key":"SMITH"},{"data":"Consume","floor":12,"key":"SMITH"},{"data":"Zap","floor":15,"key":"SMITH"},{"floor":24,"key":"REST"},{"floor":32,"key":"REST"},{"floor":41,"key":"RECALL"},{"data":"BootSequence","floor":49,"key":"SMITH"},{"data":"Buffer","floor":52,"key":"SMITH"}],"neow_cost":"NONE","seed_source_timestamp":6048460858309226,"circlet_count":0,"master_deck":["Strike_B+1","Strike_B","Defend_B","Defend_B+1","Defend_B","Zap+1","Dualcast","Conserve Battery","Rebound","Sunder+1","Genetic Algorithm","Rip and Tear","BootSequence+1","Consume+1","Ball Lightning+1","Meteor Strike+1","Meteor Strike","Stack","Echo Form","Hologram+1","FTL","Cold Snap+1","Loop","Buffer+1","Conserve Battery","Meteor Strike+1","Sweeping Beam+1","Sweeping Beam+1","Coolheaded","Steam Power","Coolheaded+1","Reinforced Body","Compile Driver+1","Cold Snap+1","Discovery","Glacier","Hologram","Steam","Reinforced Body"],"relics":["Cracked Core","Lantern","Juzu Bracelet","Ornamental Fan","Ice Cream","Potion Belt","Busted Crown","Nilry\u0027s Codex","Molten Egg 2","Turnip","War Paint","Incense Burner","Mercury Hourglass","Darkstone Periapt","Runic Dome","Calipers","Bag of Marbles","Art of War","Kunai","Oddly Smooth Stone","Nunchaku","Bag of Preparation","Lee\u0027s Waffle","Whetstone"],"potions_floor_usage":[8,14,14,16,16,27,27,33,33,50,55,55,55],"damage_taken":[{"damage":6,"enemies":"Jaw Worm","floor":1,"turns":4},{"damage":0,"enemies":"Cultist","floor":3,"turns":3},{"damage":0,"enemies":"2 Louse","floor":5,"turns":1},{"damage":27,"enemies":"Lagavulin","floor":8,"turns":5},{"damage":5,"enemies":"2 Fungi Beasts","floor":10,"turns":3},{"damage":13,"enemies":"Gremlin Nob","floor":11,"turns":4},{"damage":0,"enemies":"Large Slime","floor":13,"turns":3},{"damage":2,"enemies":"Lagavulin","floor":14,"turns":6},{"damage":0,"enemies":"Hexaghost","floor":16,"turns":8},{"damage":0,"enemies":"Chosen","floor":18,"turns":4},{"damage":0,"enemies":"3 Byrds","floor":21,"turns":4},{"damage":0,"enemies":"Shelled Parasite and Fungi","floor":22,"turns":5},{"damage":10,"enemies":"Book of Stabbing","floor":23,"turns":4},{"damage":41,"enemies":"Slavers","floor":25,"turns":6},{"damage":15,"enemies":"Colosseum Slavers","floor":27,"turns":4},{"damage":0,"enemies":"Colosseum Nobs","floor":27,"turns":4},{"damage":7,"enemies":"Book of Stabbing","floor":30,"turns":4},{"damage":0,"enemies":"3 Cultists","floor":31,"turns":3},{"damage":0,"enemies":"Champ","floor":33,"turns":9},{"damage":0,"enemies":"3 Shapes","floor":35,"turns":2},{"damage":0,"enemies":"Orb Walker","floor":36,"turns":2},{"damage":0,"enemies":"Spire Growth","floor":37,"turns":5},{"damage":0,"enemies":"Mind Bloom Boss Battle","floor":39,"turns":3},{"damage":0,"enemies":"Nemesis","floor":40,"turns":7},{"damage":10,"enemies":"Reptomancer","floor":42,"turns":6},{"damage":0,"enemies":"Giant Head","floor":44,"turns":7},{"damage":14,"enemies":"2 Orb Walkers","floor":45,"turns":4},{"damage":0,"enemies":"3 Darklings","floor":46,"turns":3},{"damage":0,"enemies":"Maw","floor":48,"turns":7},{"damage":0,"enemies":"Time Eater","floor":50,"turns":12},{"damage":0,"enemies":"Shield and Spear","floor":54,"turns":10},{"damage":42,"enemies":"The Heart","floor":55,"turns":10}],"seed_played":"-6112705711703392221","potions_obtained":[{"floor":5,"key":"Energy Potion"},{"floor":8,"key":"Weak Potion"},{"floor":11,"key":"Dexterity Potion"},{"floor":13,"key":"EssenceOfSteel"},{"floor":14,"key":"Swift Potion"},{"floor":21,"key":"Explosive Potion"},{"floor":22,"key":"FocusPotion"},{"floor":30,"key":"Swift Potion"},{"floor":31,"key":"EssenceOfSteel"},{"floor":36,"key":"Strength Potion"},{"floor":37,"key":"Explosive Potion"},{"floor":40,"key":"Ancient Potion"},{"floor":46,"key":"FairyPotion"},{"floor":48,"key":"AttackPotion"}],"is_trial":false,"path_per_floor":["M","?","M","$","M","R","?","E","T","M","E","R","M","E","R","B",null,"M","?","$","M","M","E","R","E","T","?","?","?","E","M","R","B",null,"M","M","M","T","?","E","R","E","T","E","?","M","$","M","R","B",null,"R","$","E","B",null],"character_chosen":"DEFECT","items_purchased":["Sunder","Genetic Algorithm","Echo Form","Hologram","FTL","Bag of Preparation","Lee\u0027s Waffle","Compile Driver+1","Cold Snap+1","Ancient Potion","Discovery","Hologram","Steam"],"campfire_rested":2,"item_purchase_floors":[4,4,20,20,20,47,47,47,47,47,47,53,53],"current_hp_per_floor":[69,69,69,69,69,69,62,35,35,30,17,17,17,15,15,15,75,75,59,59,59,59,49,71,30,30,15,15,15,8,8,30,30,75,75,75,75,75,75,75,75,65,65,65,51,51,82,82,82,82,82,82,82,82,40],"gold":53,"neow_bonus":"RANDOM_COMMON_RELIC","is_prod":false,"is_daily":false,"chose_seed":false,"campfire_upgraded":5,"win_rate":0,"timestamp":1551029689,"path_taken":["M","?","M","$","?","R","?","E","T","M","E","R","M","E","R","BOSS","M","?","$","M","M","E","R","E","T","?","?","?","E","M","R","BOSS","M","M","M","?","?","E","R","E","T","E","?","M","$","M","R","BOSS","R","$","E","BOSS"],"build_version":"2019-02-06","purchased_purges":1,"victory":true,"max_hp_per_floor":[75,75,75,75,75,75,75,75,75,75,75,75,75,75,75,75,75,75,75,75,75,75,75,75,75,75,75,75,75,75,75,75,75,75,75,75,75,75,75,75,75,75,75,75,75,75,82,82,82,82,82,82,82,82,82],"card_choices":[{"not_picked":["Beam Cell","Turbo"],"picked":"Conserve Battery","floor":1},{"not_picked":["Aggregate","Chaos"],"picked":"Rebound","floor":3},{"not_picked":["Reprogram","Redo"],"picked":"Rip and Tear","floor":5},{"not_picked":["Turbo","Skim","Amplify"],"picked":"SKIP","floor":8},{"not_picked":["Chill","Compile Driver"],"picked":"BootSequence","floor":10},{"not_picked":["Self Repair","Cold Snap"],"picked":"Consume","floor":11},{"not_picked":["Stack","Steam Power"],"picked":"Ball Lightning","floor":13},{"not_picked":["Go for the Eyes","Beam Cell"],"picked":"Meteor Strike","floor":14},{"not_picked":["All For One","Biased Cognition"],"picked":"Meteor Strike","floor":16},{"not_picked":[],"picked":"Stack","floor":18},{"not_picked":[],"picked":"Cold Snap+1","floor":21},{"not_picked":[],"picked":"Loop","floor":22},{"not_picked":[],"picked":"Buffer","floor":23},{"not_picked":["Barrage+1"],"picked":"SKIP","floor":25},{"not_picked":["Stack"],"picked":"SKIP","floor":30},{"not_picked":[],"picked":"Conserve Battery","floor":31},{"not_picked":[],"picked":"Meteor Strike+1","floor":33},{"not_picked":[],"picked":"Sweeping Beam+1","floor":35},{"not_picked":["Genetic Algorithm"],"picked":"SKIP","floor":36},{"not_picked":[],"picked":"Sweeping Beam+1","floor":37},{"not_picked":[],"picked":"Coolheaded","floor":39},{"not_picked":["Fusion"],"picked":"SKIP","floor":40},{"not_picked":["Barrage+1"],"picked":"SKIP","floor":42},{"not_picked":[],"picked":"Steam Power","floor":44},{"not_picked":[],"picked":"Coolheaded+1","floor":45},{"not_picked":[],"picked":"Reinforced Body","floor":46},{"not_picked":[],"picked":"Glacier","floor":48},{"not_picked":[],"picked":"Reinforced Body","floor":54}],"player_experience":4670564,"relics_obtained":[{"floor":8,"key":"Juzu Bracelet"},{"floor":9,"key":"Ornamental Fan"},{"floor":11,"key":"Ice Cream"},{"floor":14,"key":"Potion Belt"},{"floor":19,"key":"Nilry\u0027s Codex"},{"floor":23,"key":"Molten Egg 2"},{"floor":25,"key":"Turnip"},{"floor":26,"key":"War Paint"},{"floor":27,"key":"Incense Burner"},{"floor":27,"key":"Mercury Hourglass"},{"floor":30,"key":"Darkstone Periapt"},{"floor":39,"key":"Calipers"},{"floor":40,"key":"Bag of Marbles"},{"floor":42,"key":"Art of War"},{"floor":43,"key":"Kunai"},{"floor":44,"key":"Oddly Smooth Stone"},{"floor":45,"key":"Nunchaku"},{"floor":54,"key":"Whetstone"}],"event_choices":[{"cards_removed":["Defend_B"],"damage_healed":0,"gold_gain":0,"player_choice":"Offered Basic","damage_taken":0,"max_hp_gain":0,"max_hp_loss":0,"event_name":"Bonfire Elementals","floor":2,"gold_loss":0},{"cards_removed":["Strike_B"],"damage_healed":0,"gold_gain":0,"player_choice":"Card Removal","damage_taken":7,"max_hp_gain":0,"max_hp_loss":0,"event_name":"Golden Wing","floor":7,"gold_loss":0},{"damage_healed":0,"gold_gain":0,"player_choice":"Obtained Book","damage_taken":16,"max_hp_gain":0,"max_hp_loss":0,"event_name":"Cursed Tome","floor":19,"gold_loss":0},{"damage_healed":0,"gold_gain":0,"player_choice":"Fight","damage_taken":0,"max_hp_gain":0,"max_hp_loss":0,"event_name":"Colosseum","floor":27,"gold_loss":0},{"damage_healed":0,"gold_gain":0,"player_choice":"Fought Nobs","damage_taken":0,"max_hp_gain":0,"max_hp_loss":0,"event_name":"Colosseum","floor":27,"gold_loss":0},{"damage_healed":0,"gold_gain":0,"player_choice":"Smashed Altar","damage_taken":0,"max_hp_gain":0,"max_hp_loss":0,"event_name":"Forgotten Altar","floor":28,"gold_loss":0,"cards_obtained":["Decay"]},{"cards_removed":["Decay"],"damage_healed":0,"gold_gain":0,"player_choice":"Upgrade and Remove","damage_taken":0,"max_hp_gain":0,"max_hp_loss":0,"event_name":"Designer","floor":29,"gold_loss":90,"cards_upgraded":["Ball Lightning"]},{"damage_healed":0,"gold_gain":0,"player_choice":"Fight","damage_taken":0,"max_hp_gain":0,"max_hp_loss":0,"event_name":"MindBloom","floor":39,"gold_loss":0},{"damage_healed":0,"gold_gain":0,"player_choice":"Fight","damage_taken":0,"max_hp_gain":0,"max_hp_loss":0,"event_name":"Mysterious Sphere","floor":45,"gold_loss":0}],"is_beta":true,"boss_relics":[{"not_picked":["Coffee Dripper","Black Star"],"picked":"Busted Crown"},{"not_picked":["Tiny House","Fusion Hammer"],"picked":"Runic Dome"}],"items_purged_floors":[47],"is_endless":false,"potions_floor_spawned":[5,8,11,13,14,21,22,30,31,36,37,40,46,48],"ascension_level":1}