{"gold_per_floor":[109,79,93,168,168,168,188,188,188,214,228,228,247,276,276,377,377,377,302,302,302,8,8,8,8,8,8,8,8,8,8,8,8,8,8,8,8,8,8,8,8,8,8,8,8,8,8,8,8,8,8,8,8,8,8],"floor_reached":55,"playtime":2939,"items_purged":["Defend_B","Writhe"],"score":852,"play_id":"5eaf6d71-ad32-4786-bc48-c6c6debbfa6e","local_time":"20190424153000","is_ascension_mode":false,"campfire_choices":[{"data":"Cold Snap","floor":6,"key":"SMITH"},{"data":"Compile Driver","floor":12,"key":"SMITH"},{"data":"Buffer","floor":15,"key":"SMITH"},{"data":"Coolheaded","floor":23,"key":"SMITH"},{"data":"Clothesline","floor":27,"key":"SMITH"},{"data":"Capacitor","floor":32,"key":"SMITH"},{"data":"Go for the Eyes","floor":44,"key":"SMITH"},{"floor":49,"key":"RECALL"},{"data":"Spot Weakness","floor":52,"key":"SMITH"}],"neow_cost":"NONE","seed_source_timestamp":312017655049744,"circlet_count":0,"master_deck":["Strike_B+1","Defend_B","Defend_B","Zap+1","Dualcast","Cold Snap+1","Compile Driver+1","Coolheaded+1","Compile Driver+1","Capacitor+1","Buffer+1","Electrodynamics","Conserve Battery+1","Clothesline+1","Madness+1","Spot Weakness+1","Quick Slash","Biased Cognition+1","Self Repair+1","Consume+1","Fusion+1","Riddle With Holes+1","Go for the Eyes+1","Glacier","Flame Barrier+1","Coolheaded+1"],"relics":["Cracked Core","Centennial Puzzle","Letter Opener","Dream Catcher","Oddly Smooth Stone","Ectoplasm","Whetstone","Boot","PrismaticShard","Du-Vu Doll","Tiny Chest","Pear","Lantern","Astrolabe","Nunchaku","Vajra","DataDisk","Ginger","Mango"],"potions_floor_usage":[11,16,16,25,33,46,55,55],"damage_taken":[{"damage":0,"enemies":"2 Louse","floor":1,"turns":2},{"damage":0,"enemies":"Cultist","floor":3,"turns":3},{"damage":0,"enemies":"Small Slimes","floor":7,"turns":2},{"damage":10,"enemies":"Lagavulin","floor":10,"turns":7},{"damage":0,"enemies":"3 Louse","floor":11,"turns":1},{"damage":8,"enemies":"Lots of Slimes","floor":13,"turns":3},{"damage":13,"enemies":"Gremlin Nob","floor":14,"turns":4},{"damage":0,"enemies":"Slime Boss","floor":16,"turns":7},{"damage":4,"enemies":"Chosen","floor":18,"turns":4},{"damage":5,"enemies":"Gremlin Leader","floor":25,"turns":10},{"damage":0,"enemies":"Spheric Guardian","floor":28,"turns":4},{"damage":27,"enemies":"Slavers","floor":29,"turns":4},{"damage":0,"enemies":"Chosen and Byrds","floor":30,"turns":4},{"damage":0,"enemies":"Shelled Parasite and Fungi","floor":31,"turns":5},{"damage":39,"enemies":"Collector","floor":33,"turns":10},{"damage":0,"enemies":"Orb Walker","floor":35,"turns":4},{"damage":0,"enemies":"3 Shapes","floor":36,"turns":4},{"damage":9,"enemies":"3 Darklings","floor":38,"turns":3},{"damage":1,"enemies":"4 Shapes","floor":39,"turns":2},{"damage":0,"enemies":"Giant Head","floor":40,"turns":8},{"damage":5,"enemies":"Spire Growth","floor":41,"turns":4},{"damage":8,"enemies":"Maw","floor":42,"turns":6},{"damage":0,"enemies":"Nemesis","floor":46,"turns":9},{"damage":0,"enemies":"Transient","floor":48,"turns":5},{"damage":18,"enemies":"Awakened One","floor":50,"turns":11},{"damage":32,"enemies":"Shield and Spear","floor":54,"turns":7},{"damage":85,"enemies":"The Heart","floor":55,"turns":14}],"seed_played":"5703438079403019241","potions_obtained":[{"floor":1,"key":"FocusPotion"},{"floor":2,"key":"Fire Potion"},{"floor":2,"key":"SkillPotion"},{"floor":10,"key":"Regen Potion"},{"floor":14,"key":"Ancient Potion"},{"floor":18,"key":"Block Potion"},{"floor":28,"key":"FearPotion"},{"floor":30,"key":"FearPotion"},{"floor":33,"key":"Strength Potion"},{"floor":35,"key":"Dexterity Potion"},{"floor":41,"key":"PowerPotion"}],"is_trial":false,"path_per_floor":["M","?","M","?","?","R","M","?","T","E","M","R","M","E","R","B",null,"M","$","T","?","$","R","?","E","T","R","M","E","M","M","R","B",null,"M","M","?","M","M","E","M","M","T","R","T","E","T","M","R","B",null,"R","$","E","B"],"character_chosen":"DEFECT","items_purchased":["PrismaticShard"],"campfire_rested":0,"item_purchase_floors":[22],"current_hp_per_floor":[75,75,75,64,46,46,46,46,46,36,36,36,28,15,15,30,75,71,71,71,71,71,71,71,66,76,76,76,49,49,49,49,10,85,85,85,85,76,85,85,85,85,85,85,85,85,85,85,85,77,85,85,85,77,0],"gold":8,"neow_bonus":"UPGRADE_CARD","is_prod":false,"is_daily":false,"chose_seed":false,"campfire_upgraded":8,"win_rate":0,"timestamp":1556116200,"path_taken":["M","?","?","?","?","R","M","?","T","E","M","R","M","E","R","BOSS","M","$","?","?","$","R","?","E","T","R","M","E","M","?","R","BOSS","M","M","?","M","M","E","M","M","T","R","?","E","?","M","R","BOSS","R","$","E","BOSS"],"build_version":"2019-04-23","purchased_purges":2,"victory":false,"max_hp_per_floor":[75,75,75,75,75,75,75,75,75,75,75,75,75,75,75,75,75,75,75,75,75,75,75,75,75,85,85,85,85,85,85,85,85,85,85,85,85,85,85,85,85,85,85,85,85,85,85,85,85,85,85,85,85,99,99],"card_choices":[{"not_picked":["Genetic Algorithm","Go for the Eyes"],"picked":"Cold Snap","floor":1},{"not_picked":["Self Repair","Barrage"],"picked":"Compile Driver","floor":3},{"not_picked":["Stack","Skim"],"picked":"Coolheaded","floor":7},{"not_picked":["Tempest","Redo"],"picked":"Compile Driver","floor":10},{"not_picked":["Stack","Steam"],"picked":"Capacitor","floor":11},{"not_picked":["Rebound","Go for the Eyes"],"picked":"Buffer","floor":13},{"not_picked":["Leap","Ball Lightning"],"picked":"Electrodynamics","floor":14},{"not_picked":["Double Energy","Cold Snap"],"picked":"Conserve Battery+1","floor":18},{"not_picked":["Coolheaded","Predator"],"picked":"Clothesline","floor":25},{"not_picked":["Warcry","Redo+1"],"picked":"Madness+1","floor":28},{"not_picked":["True Grit","Beam Cell"],"picked":"Spot Weakness","floor":29},{"not_picked":["Sweeping Beam","Twin Strike"],"picked":"Quick Slash","floor":30},{"not_picked":["Backstab","Iron Wave","Bane"],"picked":"SKIP","floor":31},{"not_picked":["Redo","Clothesline+1","Clash+1"],"picked":"SKIP","floor":35},{"not_picked":["Armaments+1","Perfected Strike+1","Sword Boomerang+1"],"picked":"SKIP","floor":36},{"not_picked":["Deflect","Eviscerate+1"],"picked":"Fusion+1","floor":38},{"not_picked":["Blizzard+1","Endless Agony"],"picked":"Riddle With Holes+1","floor":39},{"not_picked":["Blood for Blood+1","Backstab+1","Second Wind+1"],"picked":"SKIP","floor":40},{"not_picked":["Dagger Throw","Fiend Fire"],"picked":"Go for the Eyes","floor":41},{"not_picked":["Gash+1","Flex"],"picked":"Glacier","floor":42},{"not_picked":["Combust+1","Sword Boomerang+1","Cleave"],"picked":"SKIP","floor":46},{"not_picked":["Corruption","Leg Sweep+1"],"picked":"Flame Barrier+1","floor":48},{"not_picked":["Underhanded Strike","Bane+1"],"picked":"Coolheaded+1","floor":54}],"player_experience":1229759,"relics_obtained":[{"floor":9,"key":"Letter Opener"},{"floor":10,"key":"Dream Catcher"},{"floor":14,"key":"Oddly Smooth Stone"},{"floor":20,"key":"Whetstone"},{"floor":25,"key":"Tiny Chest"},{"floor":26,"key":"Pear"},{"floor":29,"key":"Lantern"},{"floor":40,"key":"Nunchaku"},{"floor":45,"key":"Vajra"},{"floor":46,"key":"DataDisk"},{"floor":47,"key":"Ginger"},{"floor":54,"key":"Mango"}],"event_choices":[{"damage_healed":0,"gold_gain":0,"player_choice":"Bought 2 Potions","damage_taken":0,"max_hp_gain":0,"max_hp_loss":0,"event_name":"The Woman in Blue","floor":2,"gold_loss":0},{"damage_healed":0,"gold_gain":75,"player_choice":"Gather Gold","damage_taken":11,"max_hp_gain":0,"max_hp_loss":0,"event_name":"World of Goop","floor":4,"gold_loss":0},{"damage_healed":0,"gold_gain":0,"player_choice":"Success","damage_taken":18,"relics_obtained":["Centennial Puzzle"],"max_hp_gain":0,"max_hp_loss":0,"event_name":"Scrap Ooze","floor":5,"gold_loss":0},{"damage_healed":0,"gold_gain":0,"player_choice":"0 cards matched","damage_taken":0,"max_hp_gain":0,"max_hp_loss":0,"event_name":"Match and Keep!","floor":8,"gold_loss":0,"cards_obtained":[]},{"damage_healed":0,"gold_gain":0,"player_choice":"Opened","damage_taken":0,"relics_obtained":["Boot"],"max_hp_gain":0,"max_hp_loss":0,"event_name":"The Mausoleum","floor":21,"gold_loss":0,"cards_obtained":["Writhe"]},{"damage_healed":0,"gold_gain":0,"player_choice":"Gave Potion","damage_taken":0,"relics_obtained":["Du-Vu Doll"],"max_hp_gain":0,"max_hp_loss":0,"event_name":"WeMeetAgain","floor":24,"gold_loss":0},{"cards_removed":["Defend_B"],"damage_healed":0,"gold_gain":0,"player_choice":"Removed Skill","damage_taken":0,"max_hp_gain":0,"max_hp_loss":0,"event_name":"Falling","floor":37,"gold_loss":0}],"is_beta":true,"boss_relics":[{"not_picked":["Runic Dome","Black Star"],"picked":"Ectoplasm"},{"not_picked":["Snecko Eye","Busted Crown"],"picked":"Astrolabe"}],"items_purged_floors":[19,22],"is_endless":false,"potions_floor_spawned":[1,7,10,14,18,28,30,33,35,36,39,41,42],"killed_by":"The Heart","ascension_level":0}