{"gold_per_floor":[110,129,144,164,178,204,222,251,251,271,271,221,244,263,263,363,363,374,387,403,105,105,138,138],"floor_reached":24,"playtime":773,"items_purged":[],"score":232,"play_id":"94ba33cf-0d81-4bb4-9aba-fc1bf3c3de7c","local_time":"20190404175123","is_ascension_mode":false,"campfire_choices":[{"floor":11,"key":"REST"},{"data":"Rage","floor":15,"key":"SMITH"}],"neow_cost":"NONE","seed_source_timestamp":38742551089000,"circlet_count":0,"master_deck":["Strike_R","Strike_R","Strike_R","Strike_R","Strike_R","Defend_R","Defend_R","Defend_R","Defend_R","Bash","Fiend Fire","Uppercut","Perfected Strike","Perfected Strike","Iron Wave","Armaments","Perfected Strike","Cleave","Power Through","Anger","Battle Trance","Rage+1","Double Tap","Wild Strike","Anger+1","Pommel Strike","Flame Barrier","Anger+1"],"relics":["Burning Blood","Ancient Tea Set","Nunchaku","Ornamental Fan","Odd Mushroom","Black Star","Dead Branch","Dodecahedron","Pen Nib"],"potions_floor_usage":[23],"damage_taken":[{"damage":0,"enemies":"Small Slimes","floor":1,"turns":2},{"damage":2,"enemies":"2 Louse","floor":2,"turns":3},{"damage":1,"enemies":"Jaw Worm","floor":3,"turns":3},{"damage":17,"enemies":"Looter","floor":4,"turns":4},{"damage":2,"enemies":"Exordium Thugs","floor":5,"turns":4},{"damage":21,"enemies":"3 Sentries","floor":6,"turns":7},{"damage":12,"enemies":"Exordium Wildlife","floor":7,"turns":3},{"damage":26,"enemies":"Lagavulin","floor":8,"turns":5},{"damage":25,"enemies":"Gremlin Gang","floor":10,"turns":3},{"damage":6,"enemies":"The Mushroom Lair","floor":13,"turns":4},{"damage":0,"enemies":"3 Louse","floor":14,"turns":3},{"damage":13,"enemies":"Slime Boss","floor":16,"turns":8},{"damage":17,"enemies":"2 Thieves","floor":18,"turns":4},{"damage":9,"enemies":"3 Byrds","floor":19,"turns":6},{"damage":23,"enemies":"Snake Plant","floor":20,"turns":4},{"damage":39,"enemies":"Slavers","floor":23,"turns":5},{"damage":20,"enemies":"Sentry and Sphere","floor":24,"turns":3}],"seed_played":"2021983306711010608","potions_obtained":[{"floor":4,"key":"GamblersBrew"},{"floor":7,"key":"EssenceOfSteel"},{"floor":8,"key":"SkillPotion"},{"floor":16,"key":"PowerPotion"}],"is_trial":false,"path_per_floor":["M","M","M","M","M","E","M","E","T","M","R","?","?","M","R","B",null,"M","M","M","$","?","E","M"],"character_chosen":"IRONCLAD","items_purchased":["Dead Branch"],"campfire_rested":1,"item_purchase_floors":[21],"current_hp_per_floor":[80,80,80,69,73,58,52,32,32,13,37,37,37,43,43,36,80,69,66,49,49,49,16,0],"gold":138,"neow_bonus":"ONE_RANDOM_RARE_CARD","is_prod":false,"is_daily":false,"chose_seed":false,"campfire_upgraded":1,"win_rate":0,"timestamp":1554393083,"path_taken":["M","M","M","M","M","E","M","E","T","M","R","?","?","M","R","BOSS","M","M","M","$","?","E","M"],"build_version":"2019-01-23","purchased_purges":0,"victory":false,"max_hp_per_floor":[80,80,80,80,80,80,80,80,80,80,80,80,80,80,80,80,80,80,80,80,80,80,80,80],"card_choices":[{"not_picked":["Heavy Blade","Clothesline"],"picked":"Uppercut","floor":1},{"not_picked":["Havoc","Searing Blow"],"picked":"Perfected Strike","floor":2},{"not_picked":["Disarm","Burning Pact"],"picked":"Perfected Strike","floor":3},{"not_picked":["Intimidate","Heavy Blade"],"picked":"Iron Wave","floor":4},{"not_picked":["Flex","Reckless Charge"],"picked":"Armaments","floor":5},{"not_picked":["Berserk","Sever Soul"],"picked":"Perfected Strike","floor":6},{"not_picked":["Rampage","Clash"],"picked":"Cleave","floor":7},{"not_picked":["Twin Strike","Limit Break"],"picked":"Power Through","floor":8},{"not_picked":["Heavy Blade","Twin Strike"],"picked":"Anger","floor":10},{"not_picked":["Blood for Blood","Uppercut"],"picked":"Battle Trance","floor":13},{"not_picked":["Carnage","Intimidate"],"picked":"Rage","floor":14},{"not_picked":["Feed","Limit Break"],"picked":"Double Tap","floor":16},{"not_picked":["True Grit","Second Wind"],"picked":"Wild Strike","floor":18},{"not_picked":["Wild Strike+1","Fire Breathing"],"picked":"Anger+1","floor":19},{"not_picked":["Dropkick+1","Cleave"],"picked":"Pommel Strike","floor":20},{"not_picked":["Infernal Blade","Thunderclap+1"],"picked":"Anger+1","floor":23}],"player_experience":577651,"relics_obtained":[{"floor":6,"key":"Ancient Tea Set"},{"floor":8,"key":"Nunchaku"},{"floor":9,"key":"Ornamental Fan"},{"floor":13,"key":"Odd Mushroom"},{"floor":23,"key":"Dodecahedron"},{"floor":23,"key":"Pen Nib"}],"event_choices":[{"damage_healed":0,"gold_gain":0,"player_choice":"Left Gold","damage_taken":0,"max_hp_gain":0,"max_hp_loss":0,"event_name":"World of Goop","floor":12,"gold_loss":50},{"damage_healed":0,"gold_gain":0,"player_choice":"Fought Mushrooms","damage_taken":0,"max_hp_gain":0,"max_hp_loss":0,"event_name":"Mushrooms","floor":13,"gold_loss":0},{"damage_healed":0,"gold_gain":0,"player_choice":"Read","damage_taken":0,"max_hp_gain":0,"max_hp_loss":0,"event_name":"The Library","floor":22,"gold_loss":0,"cards_obtained":["Flame Barrier"]}],"is_beta":false,"boss_relics":[{"not_picked":["Pandora\u0027s Box","Astrolabe"],"picked":"Black Star"}],"items_purged_floors":[],"is_endless":false,"potions_floor_spawned":[4,7,8,10,16,18],"killed_by":"Sentry and Sphere","ascension_level":0}