{"gold_per_floor":[215,290,301,301,321,365,365,365,365,365,406,163,182,217,217,341,341,362,383,383,49,49,84,84,123,123,156,156,171,185,11,11,132,132,152,152,221,239,239,239,277,277,353,397,415,415,455,474,474,474,474,474,23,54,54],"floor_reached":56,"playtime":4077,"items_purged":["Strike_R"],"score":1541,"play_id":"2e480010-e628-445b-8c80-c41b944f85d4","local_time":"20190323111131","is_ascension_mode":true,"campfire_choices":[{"data":"Demon Form","floor":7,"key":"SMITH"},{"data":"Uppercut","floor":10,"key":"SMITH"},{"data":"Disarm","floor":15,"key":"SMITH"},{"data":"Intimidate","floor":24,"key":"SMITH"},{"data":"Havoc","floor":28,"key":"SMITH"},{"data":"Metallicize","floor":32,"key":"SMITH"},{"floor":40,"key":"RECALL"},{"data":"Heavy Blade","floor":42,"key":"SMITH"},{"data":"Dark Embrace","floor":46,"key":"SMITH"},{"data":"Uppercut","floor":49,"key":"SMITH"},{"data":"Metallicize","floor":52,"key":"SMITH"}],"neow_cost":"NONE","seed_source_timestamp":1005950209372669,"circlet_count":0,"master_deck":["Strike_R","Strike_R","Strike_R","Defend_R","Defend_R","Defend_R","Defend_R","Bash","Uppercut+1","Cleave","Battle Trance","Demon Form+1","Warcry","Headbutt","Dark Shackles","Metallicize+1","Power Through","Disarm+1","Feed","Intimidate+1","Whirlwind","Havoc+1","Clash","Metallicize+1","Power Through","Clash+1","Battle Trance+1","Anger","Armaments+1","Dark Embrace+1","Feel No Pain+1","Shrug It Off+1","Violence+1","Thunderclap+1","Pommel Strike+1","Madness+1","Madness+1","Heavy Blade+1","Shrug It Off+1","Uppercut+1","Heavy Blade+1","Shrug It Off+1","Master of Strategy+1","Ghostly Armor+1"],"relics":["Burning Blood","Golden Idol","Prayer Wheel","Nunchaku","Blue Candle","Ancient Tea Set","Busted Crown","Medical Kit","Potion Belt","Blood Vial","Gremlin Horn","Toxic Egg 2","Bag of Preparation","Sozu","Torii","Lantern","Question Card","Pear","OrangePellets","Mummified Hand"],"potions_floor_usage":[3,18,19,23,30,37,55,55],"damage_taken":[{"damage":6,"enemies":"Cultist","floor":1,"turns":3},{"damage":2,"enemies":"2 Louse","floor":3,"turns":4},{"damage":0,"enemies":"Small Slimes","floor":5,"turns":4},{"damage":26,"enemies":"Gremlin Nob","floor":6,"turns":4},{"damage":16,"enemies":"Lagavulin","floor":11,"turns":6},{"damage":1,"enemies":"2 Fungi Beasts","floor":13,"turns":3},{"damage":9,"enemies":"Gremlin Nob","floor":14,"turns":5},{"damage":0,"enemies":"Hexaghost","floor":16,"turns":9},{"damage":0,"enemies":"3 Byrds","floor":18,"turns":4},{"damage":0,"enemies":"Spheric Guardian","floor":19,"turns":6},{"damage":0,"enemies":"Gremlin Leader","floor":23,"turns":6},{"damage":42,"enemies":"Slavers","floor":25,"turns":33},{"damage":5,"enemies":"Book of Stabbing","floor":27,"turns":9},{"damage":4,"enemies":"Snecko","floor":29,"turns":5},{"damage":3,"enemies":"Snake Plant","floor":30,"turns":6},{"damage":41,"enemies":"Collector","floor":33,"turns":11},{"damage":0,"enemies":"3 Darklings","floor":35,"turns":6},{"damage":15,"enemies":"2 Orb Walkers","floor":37,"turns":7},{"damage":0,"enemies":"3 Shapes","floor":38,"turns":6},{"damage":0,"enemies":"Giant Head","floor":41,"turns":8},{"damage":0,"enemies":"Reptomancer","floor":44,"turns":5},{"damage":0,"enemies":"Sphere and 2 Shapes","floor":45,"turns":6},{"damage":1,"enemies":"Giant Head","floor":47,"turns":6},{"damage":0,"enemies":"Writhing Mass","floor":48,"turns":5},{"damage":24,"enemies":"Donu and Deca","floor":50,"turns":9},{"damage":30,"enemies":"Shield and Spear","floor":54,"turns":7},{"damage":40,"enemies":"The Heart","floor":55,"turns":8}],"seed_played":"8653332593403773828","potions_obtained":[{"floor":1,"key":"Energy Potion"},{"floor":13,"key":"FearPotion"},{"floor":14,"key":"Weak Potion"},{"floor":16,"key":"Explosive Potion"},{"floor":19,"key":"Weak Potion"},{"floor":29,"key":"Regen Potion"},{"floor":30,"key":"Swift Potion"},{"floor":33,"key":"Poison Potion"}],"is_trial":false,"path_per_floor":["M","?","M","?","M","E","R","?","T","R","E","$","M","E","R","B",null,"M","M","?","$","?","E","R","E","T","E","R","M","M","$","R","B",null,"M","?","?","M","?","R","E","R","T","E","M","R","E","M","R","B",null,"R","$","E","B",null],"character_chosen":"IRONCLAD","items_purchased":["Headbutt","Dark Shackles","Weak Potion","Havoc","Medical Kit","Clash","Metallicize","Bag of Preparation","Armaments+1","OrangePellets","Master of Strategy+1","Ghostly Armor+1"],"campfire_rested":0,"item_purchase_floors":[12,12,12,21,21,21,21,31,31,53,53,53],"current_hp_per_floor":[80,69,73,73,74,54,54,54,54,54,44,44,49,46,46,52,74,77,80,80,80,80,80,80,47,47,53,53,60,68,68,68,38,95,99,89,85,96,83,83,94,94,94,105,114,114,128,128,128,113,131,131,131,111,94],"gold":54,"neow_bonus":"HUNDRED_GOLD","is_prod":false,"is_daily":false,"chose_seed":false,"campfire_upgraded":10,"win_rate":0,"timestamp":1553353891,"path_taken":["M","?","M","?","M","E","R","?","T","R","E","$","?","E","R","BOSS","M","M","?","$","?","E","R","E","T","E","R","?","M","$","R","BOSS","M","?","?","M","?","R","E","R","T","E","M","R","E","M","R","BOSS","R","$","E","BOSS"],"build_version":"2019-03-15","purchased_purges":1,"victory":true,"max_hp_per_floor":[80,80,80,74,74,74,74,74,74,74,74,74,74,74,74,74,74,77,80,80,80,80,80,80,83,83,86,86,89,92,92,92,95,95,99,99,102,105,105,105,108,108,108,111,114,114,128,128,128,131,131,131,131,135,135],"card_choices":[{"not_picked":["Carnage","Twin Strike"],"picked":"Uppercut","floor":1},{"not_picked":["Sword Boomerang","Heavy Blade"],"picked":"Cleave","floor":3},{"not_picked":["Combust","Sword Boomerang"],"picked":"Battle Trance","floor":5},{"not_picked":["Clash","Ghostly Armor"],"picked":"Demon Form","floor":6},{"not_picked":["Twin Strike","Perfected Strike"],"picked":"Warcry","floor":11},{"not_picked":["True Grit","Sentinel"],"picked":"Metallicize","floor":13},{"not_picked":["Iron Wave","Wild Strike"],"picked":"Power Through","floor":13},{"not_picked":["Heavy Blade","Pommel Strike"],"picked":"Disarm","floor":14},{"not_picked":["Juggernaut","Offering"],"picked":"Feed","floor":16},{"not_picked":["Pommel Strike"],"picked":"SKIP","floor":18},{"not_picked":["Spot Weakness"],"picked":"SKIP","floor":18},{"not_picked":[],"picked":"Intimidate","floor":19},{"not_picked":[],"picked":"Whirlwind","floor":19},{"not_picked":["Searing Blow"],"picked":"SKIP","floor":23},{"not_picked":[],"picked":"Power Through","floor":25},{"not_picked":["Flex+1"],"picked":"SKIP","floor":27},{"not_picked":[],"picked":"Clash+1","floor":29},{"not_picked":[],"picked":"Battle Trance+1","floor":29},{"not_picked":[],"picked":"Anger","floor":30},{"not_picked":["Headbutt"],"picked":"SKIP","floor":30},{"not_picked":[],"picked":"Dark Embrace","floor":33},{"not_picked":[],"picked":"Feel No Pain+1","floor":35},{"not_picked":[],"picked":"Shrug It Off+1","floor":35},{"not_picked":[],"picked":"Violence+1","floor":36},{"not_picked":[],"picked":"Thunderclap+1","floor":37},{"not_picked":[],"picked":"Pommel Strike+1","floor":38},{"not_picked":["Flex+1"],"picked":"SKIP","floor":38},{"not_picked":[],"picked":"Heavy Blade","floor":41},{"not_picked":[],"picked":"Shrug It Off+1","floor":44},{"not_picked":["Intimidate+1"],"picked":"Uppercut","floor":45},{"not_picked":["Hemokinesis+1","Fire Breathing+1"],"picked":"SKIP","floor":45},{"not_picked":["Body Slam"],"picked":"Heavy Blade+1","floor":47},{"not_picked":["Anger"],"picked":"Shrug It Off+1","floor":48},{"not_picked":["Intimidate+1","Fire Breathing+1"],"picked":"SKIP","floor":48},{"not_picked":["Combust","Heavy Blade"],"picked":"SKIP","floor":54}],"player_experience":4987644,"relics_obtained":[{"floor":6,"key":"Prayer Wheel"},{"floor":9,"key":"Nunchaku"},{"floor":11,"key":"Blue Candle"},{"floor":14,"key":"Ancient Tea Set"},{"floor":23,"key":"Potion Belt"},{"floor":25,"key":"Blood Vial"},{"floor":26,"key":"Gremlin Horn"},{"floor":27,"key":"Toxic Egg 2"},{"floor":37,"key":"Torii"},{"floor":41,"key":"Lantern"},{"floor":44,"key":"Question Card"},{"floor":47,"key":"Pear"},{"floor":54,"key":"Mummified Hand"}],"event_choices":[{"damage_healed":0,"gold_gain":75,"player_choice":"Gather Gold","damage_taken":11,"max_hp_gain":0,"max_hp_loss":0,"event_name":"World of Goop","floor":2,"gold_loss":0},{"damage_healed":0,"gold_gain":0,"player_choice":"Lose Max HP","damage_taken":0,"relics_obtained":["Golden Idol"],"max_hp_gain":0,"max_hp_loss":6,"event_name":"Golden Idol","floor":4,"gold_loss":0},{"cards_removed":["Strike_R"],"damage_healed":0,"gold_gain":0,"player_choice":"Offered Basic","damage_taken":0,"max_hp_gain":0,"max_hp_loss":0,"event_name":"Bonfire Elementals","floor":8,"gold_loss":0},{"damage_healed":0,"gold_gain":0,"player_choice":"Ignored","damage_taken":0,"max_hp_gain":0,"max_hp_loss":0,"event_name":"Vampires","floor":20,"gold_loss":0},{"damage_healed":0,"gold_gain":0,"player_choice":"Ignored","damage_taken":0,"max_hp_gain":0,"max_hp_loss":0,"event_name":"NoteForYourself","floor":22,"gold_loss":0},{"damage_healed":0,"gold_gain":0,"player_choice":"Memory 3","damage_taken":10,"max_hp_gain":0,"max_hp_loss":0,"event_name":"SensoryStone","floor":36,"gold_loss":0},{"damage_healed":0,"gold_gain":0,"player_choice":"Fight","damage_taken":0,"max_hp_gain":0,"max_hp_loss":0,"event_name":"Mysterious Sphere","floor":37,"gold_loss":0},{"damage_healed":0,"gold_gain":0,"player_choice":"Embrace Madness","damage_taken":13,"max_hp_gain":0,"max_hp_loss":0,"event_name":"Winding Halls","floor":39,"gold_loss":0,"cards_obtained":["Madness","Madness"]}],"is_beta":true,"boss_relics":[{"not_picked":["Black Star","Pandora\u0027s Box"],"picked":"Busted Crown"},{"not_picked":["Velvet Choker","Eternal Feather"],"picked":"Sozu"}],"items_purged_floors":[12],"is_endless":false,"potions_floor_spawned":[1,13,14,16,19,29,30,33,38,41,47,48,54],"ascension_level":1}