{"gold_per_floor":[119,69,89,102,102,131,131,131,131,147,186,186,206,245,245,368,431,451,36,50,50,74,115,135,174,174,174,197,216,216,137,137,267,267,280,280,296,321,321,321,344,384,384,94,94,94,13,13,13,13],"floor_reached":50,"playtime":2876,"items_purged":[],"score":692,"play_id":"11cc14ef-ca33-42e9-8a14-f1622c321306","local_time":"20190503203005","is_ascension_mode":true,"campfire_choices":[{"data":"Whirlwind","floor":8,"key":"SMITH"},{"data":"Armaments","floor":15,"key":"SMITH"},{"floor":27,"key":"REST"},{"floor":30,"key":"REST"},{"data":"Ghostly Armor","floor":32,"key":"SMITH"},{"data":"Ghostly Armor","floor":40,"key":"SMITH"},{"floor":49,"key":"RECALL"}],"neow_cost":"NONE","seed_source_timestamp":1832576727795900,"circlet_count":0,"master_deck":["Strike_R+1","Strike_R+1","Strike_R+1","Strike_R+1","Defend_R+1","Defend_R+1","Defend_R+1","Bash+1","Armaments+1","Whirlwind+1","Flex+1","Twin Strike+1","Headbutt+1","Pommel Strike+1","Ghostly Armor+1","Reaper+1","Shrug It Off+1","Sword Boomerang+1","Spot Weakness+1","Ghostly Armor+1","Battle Trance+1","Thunderclap+1","Shrug It Off+1","Pommel Strike+1","Cleave+1","Spot Weakness+1","Double Tap+1","True Grit+1","Flex+1","Seeing Red+1","Shrug It Off+1","Whirlwind+1","Rage+1"],"relics":["Burning Blood","Anchor","Singing Bowl","Golden Idol","Mercury Hourglass","PreservedInsect","Pocketwatch","Tiny House","Oddly Smooth Stone","War Paint","Regal Pillow","Ancient Tea Set","Toxic Egg 2","Mark of Pain","Smiling Mask","Pantograph","Shuriken","Mark of the Bloom"],"potions_floor_usage":[4,16,38,46,50,50,50],"damage_taken":[{"damage":0,"enemies":"2 Louse","floor":1,"turns":2},{"damage":2,"enemies":"Jaw Worm","floor":3,"turns":3},{"damage":0,"enemies":"Small Slimes","floor":4,"turns":3},{"damage":17,"enemies":"3 Sentries","floor":6,"turns":5},{"damage":13,"enemies":"Blue Slaver","floor":10,"turns":3},{"damage":18,"enemies":"Gremlin Nob","floor":11,"turns":3},{"damage":6,"enemies":"Exordium Thugs","floor":13,"turns":3},{"damage":20,"enemies":"Lagavulin","floor":14,"turns":5},{"damage":37,"enemies":"The Guardian","floor":16,"turns":12},{"damage":8,"enemies":"Shell Parasite","floor":18,"turns":10},{"damage":12,"enemies":"2 Thieves","floor":20,"turns":3},{"damage":34,"enemies":"Centurion and Healer","floor":22,"turns":6},{"damage":20,"enemies":"Gremlin Leader","floor":23,"turns":5},{"damage":7,"enemies":"Snecko","floor":24,"turns":5},{"damage":59,"enemies":"Book of Stabbing","floor":25,"turns":7},{"damage":25,"enemies":"3 Cultists","floor":28,"turns":4},{"damage":22,"enemies":"Snake Plant","floor":29,"turns":6},{"damage":90,"enemies":"Automaton","floor":33,"turns":10},{"damage":10,"enemies":"Orb Walker","floor":35,"turns":3},{"damage":18,"enemies":"3 Shapes","floor":37,"turns":3},{"damage":19,"enemies":"Transient","floor":38,"turns":5},{"damage":19,"enemies":"Writhing Mass","floor":41,"turns":4},{"damage":18,"enemies":"Reptomancer","floor":42,"turns":5},{"damage":0,"enemies":"Spire Growth","floor":46,"turns":2},{"damage":73,"enemies":"Awakened One","floor":50,"turns":11}],"seed_played":"-1896132211237523134","potions_obtained":[{"floor":3,"key":"SteroidPotion"},{"floor":6,"key":"FairyPotion"},{"floor":10,"key":"LiquidBronze"},{"floor":13,"key":"SpeedPotion"},{"floor":17,"key":"SmokeBomb"},{"floor":22,"key":"Ancient Potion"},{"floor":23,"key":"Swift Potion"},{"floor":37,"key":"Energy Potion"},{"floor":38,"key":"SpeedPotion"},{"floor":41,"key":"EntropicBrew"}],"is_trial":false,"path_per_floor":["M","?","M","M","?","E","?","R","T","M","E","?","M","E","R","B",null,"M","$","M","?","M","E","M","E","T","R","M","M","R","$","R","B",null,"M","?","M","M","?","R","M","E","T","$","?","M","$","?","R","B"],"character_chosen":"IRONCLAD","items_purchased":["Oddly Smooth Stone","War Paint","Spot Weakness","Ghostly Armor","Spot Weakness+1","Shuriken","Shrug It Off+1","Rage+1"],"campfire_rested":2,"item_purchase_floors":[19,19,19,19,31,44,44,47],"current_hp_per_floor":[78,78,80,80,85,74,74,74,74,67,57,57,57,43,43,12,69,72,72,68,68,58,61,60,7,7,48,52,36,78,78,78,7,69,84,84,82,69,69,69,56,58,58,58,58,64,64,64,64,0],"gold":13,"neow_bonus":"RANDOM_COMMON_RELIC","is_prod":false,"is_daily":false,"chose_seed":false,"campfire_upgraded":4,"win_rate":0,"timestamp":1556929805,"path_taken":["M","?","M","M","?","E","?","R","T","M","E","?","?","E","R","BOSS","M","$","M","?","?","E","?","E","T","R","M","M","R","$","R","BOSS","M","?","M","M","?","R","?","E","T","$","?","?","$","?","R","BOSS"],"build_version":"2019-01-23","purchased_purges":0,"victory":false,"max_hp_per_floor":[80,80,80,80,85,85,79,79,79,79,81,81,81,81,81,81,86,86,86,88,88,88,88,88,88,88,88,90,90,90,90,90,90,90,90,90,92,92,92,92,92,94,94,94,94,94,94,94,94,94],"card_choices":[{"not_picked":["True Grit","Clothesline"],"picked":"Armaments","floor":1},{"not_picked":["Wild Strike","Perfected Strike"],"picked":"Whirlwind","floor":3},{"not_picked":["Cleave","Anger"],"picked":"Flex","floor":4},{"not_picked":["Fiend Fire","Sword Boomerang"],"picked":"Twin Strike","floor":6},{"not_picked":["Armaments","Sword Boomerang"],"picked":"Headbutt","floor":10},{"not_picked":["Exhume","Warcry","Headbutt"],"picked":"Singing Bowl","floor":11},{"not_picked":["Anger","Sword Boomerang"],"picked":"Pommel Strike","floor":13},{"not_picked":["Dropkick","Clash"],"picked":"Ghostly Armor","floor":14},{"not_picked":["Offering","Fiend Fire"],"picked":"Reaper","floor":16},{"not_picked":["Flex","Clothesline"],"picked":"Shrug It Off","floor":17},{"not_picked":["Perfected Strike","Blood for Blood"],"picked":"Sword Boomerang+1","floor":18},{"not_picked":["Whirlwind","Hemokinesis+1","Feel No Pain"],"picked":"Singing Bowl","floor":20},{"not_picked":["Whirlwind","Headbutt+1"],"picked":"Battle Trance","floor":22},{"not_picked":["Anger+1","Whirlwind+1"],"picked":"Thunderclap+1","floor":23},{"not_picked":["Flex","Dropkick"],"picked":"Shrug It Off","floor":24},{"not_picked":["Carnage","Body Slam"],"picked":"Pommel Strike+1","floor":25},{"not_picked":["Shrug It Off+1","Thunderclap","Hemokinesis"],"picked":"Singing Bowl","floor":28},{"not_picked":["Spot Weakness+1","Clash"],"picked":"Cleave+1","floor":29},{"not_picked":["Fiend Fire","Berserk"],"picked":"Double Tap+1","floor":33},{"not_picked":["Wild Strike","Reckless Charge"],"picked":"True Grit+1","floor":35},{"not_picked":["Clash","Armaments+1","Havoc+1"],"picked":"Singing Bowl","floor":37},{"not_picked":["Heavy Blade","Headbutt+1"],"picked":"Flex+1","floor":38},{"not_picked":["Warcry+1","Dropkick"],"picked":"Seeing Red+1","floor":41},{"not_picked":["Rupture+1","Clash+1","Clothesline"],"picked":"Singing Bowl","floor":42}],"player_experience":146977,"relics_obtained":[{"floor":6,"key":"Singing Bowl"},{"floor":9,"key":"Mercury Hourglass"},{"floor":11,"key":"PreservedInsect"},{"floor":14,"key":"Pocketwatch"},{"floor":23,"key":"Ancient Tea Set"},{"floor":25,"key":"Toxic Egg 2"},{"floor":42,"key":"Smiling Mask"},{"floor":43,"key":"Pantograph"}],"event_choices":[{"cards_removed":["Strike_R"],"damage_healed":0,"gold_gain":0,"player_choice":"Card Removal","damage_taken":0,"max_hp_gain":0,"max_hp_loss":0,"event_name":"The Cleric","floor":2,"gold_loss":50},{"damage_healed":0,"gold_gain":0,"player_choice":"Donut","damage_taken":0,"max_hp_gain":5,"max_hp_loss":0,"event_name":"Big Fish","floor":5,"gold_loss":0},{"damage_healed":0,"gold_gain":0,"player_choice":"Lose Max HP","damage_taken":0,"relics_obtained":["Golden Idol"],"max_hp_gain":0,"max_hp_loss":6,"event_name":"Golden Idol","floor":7,"gold_loss":0},{"damage_healed":0,"gold_gain":0,"player_choice":"Ignored","damage_taken":0,"max_hp_gain":0,"max_hp_loss":0,"event_name":"Golden Wing","floor":12,"gold_loss":0},{"damage_healed":0,"gold_gain":0,"player_choice":"Gave Potion","damage_taken":0,"relics_obtained":["Regal Pillow"],"max_hp_gain":0,"max_hp_loss":0,"event_name":"WeMeetAgain","floor":21,"gold_loss":0},{"damage_healed":0,"gold_gain":0,"player_choice":"Ignored","damage_taken":0,"max_hp_gain":0,"max_hp_loss":0,"event_name":"Tomb of Lord Red Mask","floor":36,"gold_loss":0},{"cards_removed":["Defend_R"],"damage_healed":0,"gold_gain":0,"player_choice":"Removed Skill","damage_taken":0,"max_hp_gain":0,"max_hp_loss":0,"event_name":"Falling","floor":39,"gold_loss":0},{"damage_healed":0,"gold_gain":0,"player_choice":"Copied","damage_taken":0,"max_hp_gain":0,"max_hp_loss":0,"event_name":"Duplicator","floor":45,"gold_loss":0,"cards_obtained":["Whirlwind"]},{"damage_healed":0,"gold_gain":0,"player_choice":"Upgrade","damage_taken":0,"relics_obtained":["Mark of the Bloom"],"max_hp_gain":0,"max_hp_loss":0,"event_name":"MindBloom","floor":48,"gold_loss":0,"cards_upgraded":["Strike_R","Strike_R","Strike_R","Defend_R","Defend_R","Defend_R","Bash","Flex","Twin Strike","Headbutt","Pommel Strike","Reaper","Spot Weakness","Battle Trance","Shrug It Off"]}],"is_beta":false,"boss_relics":[{"not_picked":["Ectoplasm","Empty Cage"],"picked":"Tiny House"},{"not_picked":["Calling Bell","Snecko Eye"],"picked":"Mark of Pain"}],"items_purged_floors":[],"is_endless":false,"potions_floor_spawned":[3,6,10,13,18,22,23,25,37,38,41,42],"killed_by":"Awakened One","ascension_level":6}