{"gold_per_floor":[109,74,20,20,33,33,68,78,78,105,121,20,31,0,0,72,72,91,109,109,122,122,122,122,122,122,122,47,67,83,112,112,112],"floor_reached":33,"playtime":1095,"items_purged":["Pain"],"score":495,"play_id":"bc449acb-dbb7-4486-9774-08b4b6bbc653","local_time":"20190411224635","is_ascension_mode":true,"campfire_choices":[{"data":"Glass Knife","floor":6,"key":"SMITH"},{"floor":15,"key":"REST"},{"floor":23,"key":"REST"},{"floor":27,"key":"REST"},{"data":"Neutralize","floor":32,"key":"SMITH"}],"neow_cost":"PERCENT_DAMAGE","seed_source_timestamp":31607680076028,"circlet_count":0,"master_deck":["AscendersBane","Defend_G","Defend_G+1","Defend_G+1","Defend_G","Defend_G","Strike_G","Strike_G","Strike_G","Strike_G","Strike_G","Survivor","Neutralize+1","Glass Knife+1","Dash","Poisoned Stab","Crippling Poison","Escape Plan","Masterful Stab","Predator","Caltrops+1","Deadly Poison","Well Laid Plans","Corpse Explosion","Riddle With Holes+1","Dash","PiercingWail"],"relics":["Ring of the Snake","Letter Opener","Gremlin Horn","Orichalcum","Velvet Choker","WarpedTongs","Nilry\u0027s Codex","Bag of Marbles","Singing Bowl"],"potions_floor_usage":[10,16,16,31,31,33],"damage_taken":[{"damage":0,"enemies":"2 Louse","floor":1,"turns":2},{"damage":8,"enemies":"Small Slimes","floor":5,"turns":3},{"damage":17,"enemies":"Gremlin Nob","floor":7,"turns":4},{"damage":1,"enemies":"Jaw Worm","floor":8,"turns":2},{"damage":4,"enemies":"3 Sentries","floor":10,"turns":6},{"damage":0,"enemies":"Gremlin Gang","floor":11,"turns":3},{"damage":5,"enemies":"Blue Slaver","floor":13,"turns":3},{"damage":23,"enemies":"Slime Boss","floor":16,"turns":11},{"damage":0,"enemies":"3 Byrds","floor":18,"turns":1},{"damage":0,"enemies":"Chosen","floor":19,"turns":4},{"damage":19,"enemies":"Centurion and Healer","floor":21,"turns":5},{"damage":2,"enemies":"Chosen and Byrds","floor":29,"turns":3},{"damage":0,"enemies":"Snake Plant","floor":30,"turns":2},{"damage":0,"enemies":"Gremlin Leader","floor":31,"turns":4},{"damage":60,"enemies":"Automaton","floor":33,"turns":10}],"seed_played":"8185978810927387761","potions_obtained":[{"floor":1,"key":"GamblersBrew"},{"floor":8,"key":"AttackPotion"},{"floor":10,"key":"Poison Potion"},{"floor":16,"key":"Energy Potion"},{"floor":18,"key":"Swift Potion"},{"floor":31,"key":"EssenceOfSteel"}],"is_trial":false,"path_per_floor":["M","?","$","?","M","R","E","M","T","E","M","$","M","?","R","B",null,"M","M","?","M","?","R","?","?","T","R","$","M","M","E","R","B"],"character_chosen":"THE_SILENT","items_purchased":["Poisoned Stab","Caltrops","Deadly Poison"],"campfire_rested":3,"item_purchase_floors":[3,12,12],"current_hp_per_floor":[45,62,62,48,40,40,23,22,22,18,18,18,13,13,34,11,55,55,55,55,36,23,45,29,29,29,51,51,49,49,51,51,0],"gold":112,"neow_bonus":"THREE_RARE_CARDS","is_prod":false,"is_daily":false,"chose_seed":false,"campfire_upgraded":2,"win_rate":0,"timestamp":1555033595,"path_taken":["M","?","$","?","M","R","E","M","T","E","M","$","M","?","R","BOSS","M","M","?","?","?","R","?","?","T","R","$","M","M","E","R","BOSS"],"build_version":"2019-01-23","purchased_purges":1,"victory":false,"max_hp_per_floor":[70,70,70,70,70,70,70,70,70,70,70,70,70,70,70,70,70,70,70,70,70,75,75,75,75,75,75,75,75,75,77,77,77],"card_choices":[{"not_picked":["Doppelganger","Night Terror"],"picked":"Glass Knife","floor":0},{"not_picked":["Finisher","Deflect"],"picked":"Dash","floor":1},{"not_picked":["Deflect","Outmaneuver"],"picked":"Crippling Poison","floor":5},{"not_picked":["Dagger Throw","Dagger Spray"],"picked":"Escape Plan","floor":7},{"not_picked":["Acrobatics","Cloak And Dagger"],"picked":"Masterful Stab","floor":8},{"not_picked":["Acrobatics","Slice"],"picked":"Predator","floor":10},{"not_picked":["Flechettes","Dagger Spray","Riddle With Holes"],"picked":"SKIP","floor":11},{"not_picked":["Flechettes","Riddle With Holes"],"picked":"Well Laid Plans","floor":13},{"not_picked":["Malaise","Unload"],"picked":"Corpse Explosion","floor":16},{"not_picked":["Sucker Punch","Slice"],"picked":"Riddle With Holes+1","floor":18},{"not_picked":["Dagger Spray","Quick Slash","Calculated Gamble"],"picked":"SKIP","floor":19},{"not_picked":["Dagger Throw","Flying Knee"],"picked":"Dash","floor":21},{"not_picked":["Flechettes","Dodge and Roll"],"picked":"PiercingWail","floor":29},{"not_picked":["Concentrate","Poisoned Stab","Dagger Throw"],"picked":"SKIP","floor":30},{"not_picked":["Skewer","Cloak And Dagger","Well Laid Plans"],"picked":"Singing Bowl","floor":31}],"player_experience":1079708,"relics_obtained":[{"floor":7,"key":"Letter Opener"},{"floor":9,"key":"Gremlin Horn"},{"floor":10,"key":"Orichalcum"},{"floor":24,"key":"Nilry\u0027s Codex"},{"floor":26,"key":"Bag of Marbles"},{"floor":31,"key":"Singing Bowl"}],"event_choices":[{"damage_healed":17,"gold_gain":0,"player_choice":"Healed","damage_taken":0,"max_hp_gain":0,"max_hp_loss":0,"event_name":"The Cleric","floor":2,"gold_loss":35},{"damage_healed":0,"gold_gain":0,"player_choice":"Entered Light","damage_taken":14,"max_hp_gain":0,"max_hp_loss":0,"event_name":"Shining Light","floor":4,"gold_loss":0,"cards_upgraded":["Defend_G","Defend_G"]},{"damage_healed":0,"gold_gain":0,"player_choice":"Left Gold","damage_taken":0,"max_hp_gain":0,"max_hp_loss":0,"event_name":"World of Goop","floor":14,"gold_loss":31},{"damage_healed":0,"gold_gain":0,"player_choice":"Rummage","damage_taken":0,"relics_obtained":["WarpedTongs"],"max_hp_gain":0,"max_hp_loss":0,"event_name":"Accursed Blacksmith","floor":20,"gold_loss":0,"cards_obtained":["Pain"]},{"damage_healed":0,"gold_gain":0,"player_choice":"Shed Blood","damage_taken":18,"max_hp_gain":5,"max_hp_loss":0,"event_name":"Forgotten Altar","floor":22,"gold_loss":0},{"damage_healed":0,"gold_gain":0,"player_choice":"Obtained Book","damage_taken":16,"max_hp_gain":0,"max_hp_loss":0,"event_name":"Cursed Tome","floor":24,"gold_loss":0},{"damage_healed":0,"gold_gain":0,"player_choice":"Upgraded","damage_taken":0,"max_hp_gain":0,"max_hp_loss":0,"event_name":"Upgrade Shrine","floor":25,"gold_loss":0,"cards_upgraded":["Caltrops"]}],"is_beta":false,"boss_relics":[{"not_picked":["Empty Cage","Astrolabe"],"picked":"Velvet Choker"}],"items_purged_floors":[28],"is_endless":false,"potions_floor_spawned":[1,8,10,16,18,19,29,31],"killed_by":"Automaton","ascension_level":13}