{"gold_per_floor":[10,110,124,74,137,137,163,173,173,203,203,221,240,253,253,358,358,372,386,404,319,331,343,390,412,471,500,512],"floor_reached":28,"playtime":752,"items_purged":[],"score":353,"play_id":"79eac95f-3f3c-4f36-ac9b-9e61f8c0a85d","local_time":"20190222231051","is_ascension_mode":true,"campfire_choices":[{"data":"Bludgeon","floor":6,"key":"SMITH"},{"data":"Armaments","floor":11,"key":"SMITH"},{"data":"Berserk","floor":15,"key":"SMITH"},{"data":"Anger","floor":23,"key":"SMITH"}],"neow_cost":"NO_GOLD","seed_source_timestamp":725424678274065,"circlet_count":0,"master_deck":["Strike_R","Strike_R","Strike_R","Strike_R+1","Defend_R","Defend_R","Defend_R","Defend_R","Bash","Bludgeon+1","Cleave+1","Armaments+1","Anger+1","Battle Trance","Berserk+1","Immolate+1","Body Slam+1","Clothesline+1","Iron Wave+1","Body Slam+1","Shrug It Off","Headbutt+1"],"relics":["Burning Blood","Champion Belt","Letter Opener","Molten Egg 2","Eternal Feather","MawBank","Whetstone","Art of War"],"potions_floor_usage":[12,16,19,19,25,27],"damage_taken":[{"damage":2,"enemies":"Small Slimes","floor":1,"turns":4},{"damage":0,"enemies":"Cultist","floor":3,"turns":2},{"damage":20,"enemies":"Lagavulin","floor":7,"turns":4},{"damage":5,"enemies":"2 Louse","floor":8,"turns":2},{"damage":25,"enemies":"3 Sentries","floor":10,"turns":5},{"damage":0,"enemies":"Looter","floor":12,"turns":1},{"damage":9,"enemies":"2 Fungi Beasts","floor":13,"turns":2},{"damage":3,"enemies":"Exordium Wildlife","floor":14,"turns":3},{"damage":43,"enemies":"Hexaghost","floor":16,"turns":8},{"damage":12,"enemies":"Chosen","floor":18,"turns":4},{"damage":21,"enemies":"Shell Parasite","floor":19,"turns":5},{"damage":22,"enemies":"Sentry and Sphere","floor":20,"turns":4},{"damage":49,"enemies":"Slavers","floor":24,"turns":4},{"damage":0,"enemies":"Snecko","floor":25,"turns":2},{"damage":0,"enemies":"3 Cultists","floor":27,"turns":3},{"damage":20,"enemies":"Snake Plant","floor":28,"turns":2}],"seed_played":"4408896644920446461","potions_obtained":[{"floor":3,"key":"Explosive Potion"},{"floor":7,"key":"Regen Potion"},{"floor":13,"key":"AttackPotion"},{"floor":14,"key":"FearPotion"},{"floor":18,"key":"Block Potion"},{"floor":25,"key":"AttackPotion"}],"is_trial":false,"path_per_floor":["M","?","M","?","?","R","E","M","T","E","R","M","M","M","R","B",null,"M","M","M","?","?","R","E","M","T","M","M"],"character_chosen":"IRONCLAD","items_purchased":[],"campfire_rested":0,"item_purchase_floors":[],"current_hp_per_floor":[76,76,80,80,80,80,66,67,67,48,48,54,51,54,54,17,64,58,57,41,41,41,50,7,13,13,19,0],"gold":512,"neow_bonus":"THREE_RARE_CARDS","is_prod":false,"is_daily":false,"chose_seed":false,"campfire_upgraded":4,"win_rate":0,"timestamp":1550887851,"path_taken":["M","?","?","?","?","R","E","M","T","E","R","M","M","M","R","BOSS","M","M","M","?","?","R","E","M","T","M","M"],"build_version":"2019-01-23","purchased_purges":0,"victory":false,"max_hp_per_floor":[80,80,80,80,80,80,80,80,80,80,80,80,80,80,80,80,80,80,80,80,80,80,80,80,80,80,80,80],"card_choices":[{"not_picked":["Fiend Fire","Juggernaut"],"picked":"Bludgeon","floor":0},{"not_picked":["Feel No Pain","Searing Blow"],"picked":"Cleave","floor":1},{"not_picked":["Thunderclap","Pommel Strike","Combust"],"picked":"SKIP","floor":3},{"not_picked":["Burning Pact","Corruption"],"picked":"Armaments","floor":7},{"not_picked":["Twin Strike","Clash"],"picked":"Anger","floor":8},{"not_picked":["Perfected Strike","Thunderclap","Pommel Strike"],"picked":"SKIP","floor":10},{"not_picked":["Body Slam+1","Pommel Strike+1"],"picked":"Battle Trance","floor":12},{"not_picked":["Disarm","Pommel Strike+1"],"picked":"Berserk","floor":13},{"not_picked":["Warcry","Thunderclap+1","Dual Wield"],"picked":"SKIP","floor":14},{"not_picked":["Berserk","Feed+1"],"picked":"Immolate+1","floor":16},{"not_picked":["Thunderclap+1","Wild Strike+1"],"picked":"Body Slam+1","floor":18},{"not_picked":["Evolve+1","Sword Boomerang+1"],"picked":"Clothesline+1","floor":19},{"not_picked":["Cleave+1","Dark Embrace"],"picked":"Iron Wave+1","floor":20},{"not_picked":["Reckless Charge+1","Havoc"],"picked":"Body Slam+1","floor":24},{"not_picked":["Clash+1","Havoc"],"picked":"Shrug It Off","floor":25},{"not_picked":["True Grit","Clothesline+1"],"picked":"Headbutt+1","floor":27}],"player_experience":823202,"relics_obtained":[{"floor":7,"key":"Champion Belt"},{"floor":9,"key":"Letter Opener"},{"floor":10,"key":"Molten Egg 2"},{"floor":24,"key":"Whetstone"},{"floor":26,"key":"Art of War"}],"event_choices":[{"damage_healed":0,"gold_gain":100,"player_choice":"Pray","damage_taken":0,"max_hp_gain":0,"max_hp_loss":0,"event_name":"Golden Shrine","floor":2,"gold_loss":0},{"cards_removed":["Strike_R"],"damage_healed":0,"gold_gain":0,"player_choice":"Card Removal","damage_taken":0,"max_hp_gain":0,"max_hp_loss":0,"event_name":"The Cleric","floor":4,"gold_loss":50},{"damage_healed":0,"gold_gain":63,"player_choice":"Gained Gold","damage_taken":0,"max_hp_gain":0,"max_hp_loss":0,"event_name":"Golden Wing","floor":5,"gold_loss":0},{"damage_healed":0,"gold_gain":0,"player_choice":"Obtained Relic","damage_taken":0,"relics_obtained":["MawBank"],"max_hp_gain":0,"max_hp_loss":0,"event_name":"Addict","floor":21,"gold_loss":85},{"damage_healed":0,"gold_gain":0,"player_choice":"Ignored","damage_taken":0,"max_hp_gain":0,"max_hp_loss":0,"event_name":"Ghosts","floor":22,"gold_loss":0}],"is_beta":false,"boss_relics":[{"not_picked":["Runic Dome","Sozu"],"picked":"Eternal Feather"}],"items_purged_floors":[],"is_endless":false,"potions_floor_spawned":[3,7,13,14,18,25],"killed_by":"Snake Plant","ascension_level":8}