{"gold_per_floor":[119,119,8,28,81,109,121,155,208,219,219,229,229,249,249,353,353,367,384,400,53,68,68,103,117,187,207,61,61,93,111,111,111],"floor_reached":33,"playtime":3082,"items_purged":["Strike_G","Defend_G"],"score":391,"play_id":"7fdbf272-4227-4382-ad15-6056ad310826","local_time":"20190514195137","is_ascension_mode":true,"campfire_choices":[{"data":"Neutralize","floor":13,"key":"SMITH"},{"floor":15,"key":"REST"},{"data":"Deadly Poison","floor":23,"key":"SMITH"},{"floor":29,"key":"REST"},{"floor":32,"key":"REST"}],"neow_cost":"NONE","seed_source_timestamp":2247935719528505,"circlet_count":0,"master_deck":["Defend_G","Defend_G","Defend_G","Defend_G","Strike_G","Strike_G","Strike_G","Survivor","Neutralize+1","Predator","Well Laid Plans","Deadly Poison+1","Dodge and Roll","PiercingWail","Backflip","Backflip","Corpse Explosion","Crippling Poison+1","PiercingWail+1","Dagger Spray+1","Heel Hook","Backflip+1","Adrenaline","Deflect"],"relics":["Ring of the Snake","Shuriken","Juzu Bracelet","Ancient Tea Set","Black Star","Pantograph","Gremlin Horn","Vajra","Kunai","Art of War","The Courier","Letter Opener"],"potions_floor_usage":[24,24,33,33],"damage_taken":[{"damage":7,"enemies":"Jaw Worm","floor":1,"turns":5},{"damage":0,"enemies":"2 Louse","floor":4,"turns":2},{"damage":27,"enemies":"3 Sentries","floor":6,"turns":11},{"damage":7,"enemies":"Small Slimes","floor":7,"turns":5},{"damage":19,"enemies":"Lagavulin","floor":8,"turns":8},{"damage":0,"enemies":"Red Slaver","floor":10,"turns":4},{"damage":0,"enemies":"Blue Slaver","floor":12,"turns":4},{"damage":0,"enemies":"3 Louse","floor":14,"turns":3},{"damage":17,"enemies":"The Guardian","floor":16,"turns":14},{"damage":6,"enemies":"Spheric Guardian","floor":18,"turns":5},{"damage":8,"enemies":"Shell Parasite","floor":19,"turns":10},{"damage":22,"enemies":"3 Cultists","floor":20,"turns":4},{"damage":5,"enemies":"Snake Plant","floor":22,"turns":5},{"damage":18,"enemies":"Book of Stabbing","floor":24,"turns":8},{"damage":4,"enemies":"Centurion and Healer","floor":25,"turns":6},{"damage":0,"enemies":"Shelled Parasite and Fungi","floor":27,"turns":6},{"damage":9,"enemies":"Gremlin Leader","floor":30,"turns":6},{"damage":8,"enemies":"Snecko","floor":31,"turns":5},{"damage":71,"enemies":"Champ","floor":33,"turns":12}],"seed_played":"-6395055158547535426","potions_obtained":[{"floor":4,"key":"GhostInAJar"},{"floor":7,"key":"GamblersBrew"},{"floor":12,"key":"Block Potion"},{"floor":19,"key":"Poison Potion"},{"floor":27,"key":"PowerPotion"},{"floor":31,"key":"GamblersBrew"}],"is_trial":false,"path_per_floor":["M","?","$","M","?","E","M","E","T","M","?","M","R","M","R","B",null,"M","M","M","$","M","R","E","M","T","M","$","R","E","M","R","B"],"character_chosen":"THE_SILENT","items_purchased":["Well Laid Plans","Pantograph","Art of War"],"campfire_rested":3,"item_purchase_floors":[3,21,28],"current_hp_per_floor":[63,68,68,68,68,41,34,15,15,15,15,15,15,15,39,22,67,61,53,31,31,26,26,8,4,4,4,4,28,19,11,35,0],"gold":111,"neow_bonus":"TEN_PERCENT_HP_BONUS","is_prod":false,"is_daily":false,"chose_seed":false,"campfire_upgraded":2,"win_rate":0,"timestamp":1557881497,"path_taken":["M","?","$","M","?","E","M","E","T","M","?","M","R","M","R","BOSS","M","M","M","$","M","R","E","M","T","M","$","R","E","M","R","BOSS"],"build_version":"2019-01-23","purchased_purges":2,"victory":false,"max_hp_per_floor":[77,82,82,82,82,82,82,82,82,82,82,82,82,82,82,82,82,82,82,82,82,82,82,82,82,82,82,82,82,82,82,82,82],"card_choices":[{"not_picked":["Bane","Outmaneuver"],"picked":"Predator","floor":1},{"not_picked":["Distraction","Backstab"],"picked":"Deadly Poison","floor":4},{"not_picked":["Bane","Dagger Spray"],"picked":"Dodge and Roll","floor":6},{"not_picked":["Deflect","Flying Knee","Venomology"],"picked":"SKIP","floor":7},{"not_picked":["Backstab","Blade Dance"],"picked":"PiercingWail","floor":8},{"not_picked":["Bane","Underhanded Strike"],"picked":"Backflip","floor":10},{"not_picked":["Quick Slash","Skewer"],"picked":"Backflip","floor":12},{"not_picked":["Dagger Throw","Outmaneuver","Backflip"],"picked":"SKIP","floor":14},{"not_picked":["Unload","Tools of the Trade"],"picked":"Corpse Explosion","floor":16},{"not_picked":["Masterful Stab","PiercingWail"],"picked":"Crippling Poison+1","floor":18},{"not_picked":["Backflip","Expertise"],"picked":"PiercingWail+1","floor":19},{"not_picked":["Blade Dance+1","All Out Attack+1"],"picked":"Dagger Spray+1","floor":20},{"not_picked":["Dagger Spray","Finisher"],"picked":"Heel Hook","floor":22},{"not_picked":["Flying Knee","Sucker Punch+1"],"picked":"Backflip+1","floor":24},{"not_picked":["Dagger Spray","Quick Slash+1","Deadly Poison"],"picked":"SKIP","floor":25},{"not_picked":["Eviscerate+1","Deadly Poison","Backflip"],"picked":"SKIP","floor":27},{"not_picked":["Escape Plan","Underhanded Strike"],"picked":"Adrenaline","floor":30},{"not_picked":["Backflip+1","Flying Knee"],"picked":"Deflect","floor":31}],"player_experience":340224,"relics_obtained":[{"floor":6,"key":"Shuriken"},{"floor":8,"key":"Juzu Bracelet"},{"floor":9,"key":"Ancient Tea Set"},{"floor":24,"key":"Gremlin Horn"},{"floor":24,"key":"Vajra"},{"floor":26,"key":"Kunai"},{"floor":30,"key":"The Courier"},{"floor":30,"key":"Letter Opener"}],"event_choices":[{"damage_healed":0,"gold_gain":0,"player_choice":"Donut","damage_taken":0,"max_hp_gain":5,"max_hp_loss":0,"event_name":"Big Fish","floor":2,"gold_loss":0},{"damage_healed":0,"gold_gain":53,"player_choice":"Gained Gold","damage_taken":0,"max_hp_gain":0,"max_hp_loss":0,"event_name":"Golden Wing","floor":5,"gold_loss":0},{"cards_removed":["Strike_G"],"damage_healed":0,"gold_gain":0,"player_choice":"Offered Basic","damage_taken":0,"max_hp_gain":0,"max_hp_loss":0,"event_name":"Bonfire Elementals","floor":11,"gold_loss":0}],"is_beta":false,"boss_relics":[{"not_picked":["Velvet Choker","Busted Crown"],"picked":"Black Star"}],"items_purged_floors":[3,21],"is_endless":false,"potions_floor_spawned":[4,7,12,19,27,31],"killed_by":"Champ","ascension_level":6}