{"gold_per_floor":[116,130,141,197,197,226,237,237,237,237],"floor_reached":10,"playtime":466,"items_purged":[],"score":78,"play_id":"787c29a1-d821-4d9a-aaef-00943414ca01","local_time":"20190510081506","is_ascension_mode":true,"campfire_choices":[],"neow_cost":"NONE","seed_source_timestamp":375512661232600,"circlet_count":0,"master_deck":["Defend_G","Defend_G","Defend_G","Defend_G","Defend_G","Strike_G","Strike_G","Strike_G","Strike_G","Strike_G","Survivor","Neutralize","Blade Dance","Well Laid Plans","Dash","Poisoned Stab","Dodge and Roll","Infinite Blades","Envenom","Normality"],"relics":["Ring of the Snake","Blue Candle","Art of War","Molten Egg 2"],"potions_floor_usage":[],"damage_taken":[{"damage":1,"enemies":"Cultist","floor":1,"turns":4},{"damage":2,"enemies":"Small Slimes","floor":2,"turns":4},{"damage":0,"enemies":"2 Louse","floor":3,"turns":3},{"damage":36,"enemies":"Gremlin Nob","floor":6,"turns":5},{"damage":21,"enemies":"Large Slime","floor":7,"turns":8},{"damage":6,"enemies":"Red Slaver","floor":10,"turns":3}],"seed_played":"6366395168389482665","potions_obtained":[{"floor":2,"key":"Dexterity Potion"},{"floor":7,"key":"Regen Potion"}],"is_trial":false,"path_per_floor":["M","M","M","?","?","E","M","?","T","M"],"character_chosen":"THE_SILENT","items_purchased":[],"campfire_rested":0,"item_purchase_floors":[],"current_hp_per_floor":[69,67,67,67,60,24,3,3,3,0],"gold":237,"neow_bonus":"THREE_CARDS","is_prod":false,"is_daily":false,"chose_seed":false,"campfire_upgraded":0,"win_rate":0,"timestamp":1557490506,"path_taken":["M","?","M","?","?","E","M","?","T","?"],"build_version":"2019-01-23","purchased_purges":0,"victory":false,"max_hp_per_floor":[70,70,70,70,70,70,70,70,70,70],"card_choices":[{"not_picked":["Bane","Calculated Gamble"],"picked":"Blade Dance","floor":0},{"not_picked":["Underhanded Strike","Slice"],"picked":"Well Laid Plans","floor":1},{"not_picked":["Bane","Tactician"],"picked":"Dash","floor":2},{"not_picked":["Predator","Flechettes"],"picked":"Poisoned Stab","floor":3},{"not_picked":["Footwork","A Thousand Cuts"],"picked":"Dodge and Roll","floor":6},{"not_picked":["Outmaneuver","Sucker Punch"],"picked":"Infinite Blades","floor":7}],"player_experience":167428,"relics_obtained":[{"floor":6,"key":"Art of War"},{"floor":9,"key":"Molten Egg 2"}],"event_choices":[{"damage_healed":0,"gold_gain":56,"player_choice":"Gained Gold","damage_taken":0,"max_hp_gain":0,"max_hp_loss":0,"event_name":"Golden Wing","floor":4,"gold_loss":0},{"damage_healed":0,"gold_gain":0,"player_choice":"Success","damage_taken":7,"relics_obtained":["Blue Candle"],"max_hp_gain":0,"max_hp_loss":0,"event_name":"Scrap Ooze","floor":5,"gold_loss":0},{"damage_healed":0,"gold_gain":0,"player_choice":"2 cards matched","damage_taken":0,"max_hp_gain":0,"max_hp_loss":0,"event_name":"Match and Keep!","floor":8,"gold_loss":0,"cards_obtained":["Envenom","Normality"]}],"is_beta":false,"boss_relics":[],"items_purged_floors":[],"is_endless":false,"potions_floor_spawned":[2,7],"killed_by":"Red Slaver","ascension_level":3}