{"gold_per_floor":[115,115,127,137,137,164,182,182,262,280,291,291],"floor_reached":12,"playtime":382,"items_purged":[],"score":86,"play_id":"a466ee59-5e62-4887-b245-eac4c73346ed","local_time":"20190418234437","is_ascension_mode":true,"campfire_choices":[{"data":"Dagger Throw","floor":8,"key":"SMITH"}],"neow_cost":"NONE","seed_source_timestamp":602023025055500,"circlet_count":0,"master_deck":["Defend_G","Defend_G","Defend_G","Defend_G","Defend_G","Strike_G","Strike_G","Strike_G","Strike_G","Strike_G","Survivor","Neutralize","Poisoned Stab+1","Dagger Throw+1","Quick Slash","Deadly Poison","Poisoned Stab","Dagger Spray","Blade Dance"],"relics":["Ring of the Snake","NeowsBlessing","StoneCalendar","Blue Candle"],"potions_floor_usage":[12,12],"damage_taken":[{"damage":0,"enemies":"Small Slimes","floor":1,"turns":1},{"damage":0,"enemies":"2 Louse","floor":3,"turns":1},{"damage":0,"enemies":"Cultist","floor":4,"turns":1},{"damage":26,"enemies":"Lagavulin","floor":6,"turns":7},{"damage":12,"enemies":"3 Louse","floor":7,"turns":3},{"damage":16,"enemies":"Large Slime","floor":10,"turns":7},{"damage":0,"enemies":"Exordium Wildlife","floor":11,"turns":3},{"damage":17,"enemies":"3 Sentries","floor":12,"turns":6}],"seed_played":"-6324219677370467077","potions_obtained":[{"floor":3,"key":"Poison Potion"},{"floor":7,"key":"EssenceOfSteel"},{"floor":11,"key":"Energy Potion"}],"is_trial":false,"path_per_floor":["M","?","M","M","?","E","M","R","T","M","M","E"],"character_chosen":"THE_SILENT","items_purchased":[],"campfire_rested":0,"item_purchase_floors":[],"current_hp_per_floor":[70,70,70,70,70,44,32,32,32,16,16,0],"gold":291,"neow_bonus":"THREE_ENEMY_KILL","is_prod":false,"is_daily":false,"chose_seed":false,"campfire_upgraded":1,"win_rate":0,"timestamp":1555645477,"path_taken":["M","?","M","M","?","E","M","R","T","?","M","E"],"build_version":"2019-01-23","purchased_purges":0,"victory":false,"max_hp_per_floor":[70,70,70,70,70,70,70,70,70,70,70,70],"card_choices":[{"not_picked":["Escape Plan","Dodge and Roll"],"picked":"Poisoned Stab","floor":1},{"not_picked":["Eviscerate","Flechettes"],"picked":"Dagger Throw","floor":3},{"not_picked":["Heel Hook","Distraction"],"picked":"Quick Slash","floor":4},{"not_picked":["Endless Agony","Backflip"],"picked":"Deadly Poison","floor":6},{"not_picked":["Tools of the Trade","Blade Dance"],"picked":"Poisoned Stab","floor":7},{"not_picked":["Sucker Punch","Deadly Poison"],"picked":"Dagger Spray","floor":10},{"not_picked":["Infinite Blades","Poisoned Stab"],"picked":"Blade Dance","floor":11}],"player_experience":107608,"relics_obtained":[{"floor":6,"key":"StoneCalendar"},{"floor":9,"key":"Blue Candle"}],"event_choices":[{"damage_healed":0,"gold_gain":0,"player_choice":"Ignored","damage_taken":0,"max_hp_gain":0,"max_hp_loss":0,"event_name":"Liars Game","floor":2,"gold_loss":0},{"damage_healed":0,"gold_gain":0,"player_choice":"Upgraded","damage_taken":0,"max_hp_gain":0,"max_hp_loss":0,"event_name":"Upgrade Shrine","floor":5,"gold_loss":0,"cards_upgraded":["Poisoned Stab"]}],"is_beta":false,"boss_relics":[],"items_purged_floors":[],"is_endless":false,"potions_floor_spawned":[3,7,11],"killed_by":"3 Sentries","ascension_level":1}