{"gold_per_floor":[218,218,236,236,252,252,296,296,319,319,319,340,193,208,208,334,334,350,368,96,46,59,59,92,110,110,124,144,144,144,157,157,278,278,301,23,46,46,46,46,12,26,26,26,70,70,70,95,95,95],"floor_reached":50,"playtime":1930,"items_purged":["Strike_B","Defend_B","Strike_B","Reboot"],"score":492,"play_id":"73d53a3a-cc47-4cda-ba8e-940b40580dea","local_time":"20190329142031","is_ascension_mode":false,"campfire_choices":[{"data":"Zap","floor":6,"key":"SMITH"},{"floor":8,"key":"REST"},{"data":"Sunder","floor":10,"key":"SMITH"},{"data":"Capacitor","floor":15,"key":"SMITH"},{"data":"Coolheaded","floor":23,"key":"SMITH"},{"floor":30,"key":"REST"},{"data":"Ball Lightning","floor":32,"key":"SMITH"},{"data":"Consume","floor":40,"key":"SMITH"},{"data":"Echo Form","floor":44,"key":"SMITH"},{"floor":46,"key":"REST"},{"floor":49,"key":"RECALL"}],"neow_cost":"NONE","seed_source_timestamp":705433002557953,"circlet_count":0,"master_deck":["Zap+1","Capacitor+1","Coolheaded+1","Doom and Gloom","Sunder+1","Conserve Battery","Ball Lightning+1","Echo Form+1","Leap","Compile Driver+1","Go for the Eyes+1","Compile Driver","Auto Shields","Meteor Strike","Lockon","Undo","Aggregate","Reinforced Body+1","Consume+1","Streamline+1","Capacitor+1","Turbo+1","Regret","Coolheaded"],"relics":["Cracked Core","Smiling Mask","Golden Idol","WingedGreaves","Regal Pillow","CultistMask","Nuclear Battery","PreservedInsect","Mercury Hourglass","Meat on the Bone","Pandora\u0027s Box","Chemical X","Happy Flower"],"potions_floor_usage":[16,19,22,22,25,33,33,35,45],"damage_taken":[{"damage":0,"enemies":"2 Louse","floor":1,"turns":2},{"damage":0,"enemies":"Small Slimes","floor":3,"turns":2},{"damage":0,"enemies":"Cultist","floor":5,"turns":3},{"damage":37,"enemies":"3 Sentries","floor":7,"turns":10},{"damage":5,"enemies":"Lots of Slimes","floor":12,"turns":2},{"damage":9,"enemies":"Exordium Wildlife","floor":14,"turns":2},{"damage":8,"enemies":"Hexaghost","floor":16,"turns":8},{"damage":17,"enemies":"Spheric Guardian","floor":18,"turns":4},{"damage":20,"enemies":"3 Byrds","floor":19,"turns":5},{"damage":0,"enemies":"Snake Plant","floor":22,"turns":1},{"damage":13,"enemies":"Book of Stabbing","floor":24,"turns":5},{"damage":2,"enemies":"3 Cultists","floor":25,"turns":4},{"damage":8,"enemies":"Snecko","floor":27,"turns":3},{"damage":8,"enemies":"Centurion and Healer","floor":28,"turns":5},{"damage":4,"enemies":"Sentry and Sphere","floor":31,"turns":4},{"damage":2,"enemies":"Champ","floor":33,"turns":7},{"damage":6,"enemies":"3 Shapes","floor":35,"turns":2},{"damage":0,"enemies":"Orb Walker","floor":37,"turns":2},{"damage":8,"enemies":"Writhing Mass","floor":42,"turns":7},{"damage":46,"enemies":"Nemesis","floor":45,"turns":5},{"damage":16,"enemies":"Jaw Worm Horde","floor":48,"turns":4},{"damage":52,"enemies":"Awakened One","floor":50,"turns":3}],"seed_played":"854888539694389009","potions_obtained":[{"floor":1,"key":"FearPotion"},{"floor":3,"key":"Weak Potion"},{"floor":19,"key":"Explosive Potion"},{"floor":22,"key":"Explosive Potion"},{"floor":24,"key":"PowerPotion"},{"floor":31,"key":"Block Potion"},{"floor":33,"key":"Ancient Potion"},{"floor":35,"key":"Strength Potion"},{"floor":42,"key":"SkillPotion"}],"is_trial":false,"path_per_floor":["M","?","M","?","M","R","E","R","T","R","?","M","$","M","R","B",null,"M","M","$","$","M","R","E","M","T","M","M","?","R","M","R","B",null,"M","$","M","$","?","R","$","M","T","R","E","R","?","M","R","B"],"character_chosen":"DEFECT","items_purchased":["Ball Lightning","FocusPotion","FocusPotion","PreservedInsect","Consume","Chemical X","Capacitor"],"campfire_rested":3,"item_purchase_floors":[13,13,20,20,36,36,41],"current_hp_per_floor":[75,68,68,50,50,50,13,35,35,35,35,30,30,21,21,13,75,58,38,38,38,38,38,25,23,23,27,31,31,68,64,64,62,75,69,69,69,69,69,69,69,61,61,61,27,64,64,48,48,0],"gold":95,"neow_bonus":"HUNDRED_GOLD","is_prod":false,"is_daily":false,"chose_seed":false,"campfire_upgraded":7,"win_rate":0,"timestamp":1553869231,"path_taken":["M","?","M","?","M","R","E","R","T","R","?","M","$","?","R","BOSS","M","?","$","$","M","R","E","M","T","M","M","?","R","M","R","BOSS","M","$","M","$","?","R","?","M","T","R","E","R","?","M","R","BOSS"],"build_version":"2019-03-15","purchased_purges":4,"victory":false,"max_hp_per_floor":[75,75,75,75,75,75,75,75,75,75,75,75,75,75,75,75,75,75,75,75,75,75,75,75,75,75,75,75,75,75,75,75,75,75,75,75,75,75,75,75,75,75,75,75,75,75,75,75,75,75],"card_choices":[{"not_picked":["Undo","Compile Driver"],"picked":"Capacitor","floor":1},{"not_picked":["Force Field","Sunder"],"picked":"Coolheaded","floor":3},{"not_picked":["Cold Snap","Turbo"],"picked":"Doom and Gloom","floor":5},{"not_picked":["Storm","Turbo"],"picked":"Sunder","floor":7},{"not_picked":["Streamline","Hello World"],"picked":"Conserve Battery","floor":12},{"not_picked":["Streamline","Gash","Loop"],"picked":"SKIP","floor":14},{"not_picked":["Machine Learning","Creative AI"],"picked":"Echo Form","floor":16},{"not_picked":["Cold Snap","Rebound"],"picked":"Leap","floor":18},{"not_picked":["Cold Snap","Leap","Conserve Battery"],"picked":"SKIP","floor":19},{"not_picked":["Streamline","Blizzard+1","Redo"],"picked":"SKIP","floor":22},{"not_picked":["Rip and Tear","Reprogram+1","Genetic Algorithm"],"picked":"SKIP","floor":24},{"not_picked":["Gash","Undo"],"picked":"Compile Driver+1","floor":25},{"not_picked":["Rainbow","Leap"],"picked":"Go for the Eyes+1","floor":27},{"not_picked":["Sweeping Beam","Go for the Eyes"],"picked":"Compile Driver","floor":28},{"not_picked":["Lockon","Force Field+1","Melter+1"],"picked":"SKIP","floor":31},{"not_picked":["Machine Learning","Hyperbeam"],"picked":"Meteor Strike","floor":33},{"not_picked":["Leap","Beam Cell"],"picked":"Reinforced Body+1","floor":35},{"not_picked":["Sunder+1","Stack"],"picked":"Streamline+1","floor":37},{"not_picked":["Rip and Tear","Leap"],"picked":"Capacitor+1","floor":42},{"not_picked":["Seek","Conserve Battery+1"],"picked":"Turbo+1","floor":45},{"not_picked":["Rebound+1","Gash+1"],"picked":"Coolheaded","floor":48}],"player_experience":1177760,"relics_obtained":[{"floor":7,"key":"WingedGreaves"},{"floor":9,"key":"Regal Pillow"},{"floor":24,"key":"Mercury Hourglass"},{"floor":26,"key":"Meat on the Bone"},{"floor":45,"key":"Happy Flower"}],"event_choices":[{"damage_healed":0,"gold_gain":0,"player_choice":"Success","damage_taken":7,"relics_obtained":["Smiling Mask"],"max_hp_gain":0,"max_hp_loss":0,"event_name":"Scrap Ooze","floor":2,"gold_loss":0},{"damage_healed":0,"gold_gain":0,"player_choice":"Take Damage","damage_taken":18,"relics_obtained":["Golden Idol"],"max_hp_gain":0,"max_hp_loss":0,"event_name":"Golden Idol","floor":4,"gold_loss":0},{"damage_healed":0,"gold_gain":0,"player_choice":"Trade","damage_taken":0,"relics_obtained":["CultistMask"],"max_hp_gain":0,"max_hp_loss":0,"event_name":"FaceTrader","floor":11,"gold_loss":0},{"damage_healed":0,"gold_gain":0,"cards_transformed":["Strike_B"],"player_choice":"Transformed","damage_taken":0,"max_hp_gain":0,"max_hp_loss":0,"event_name":"Transmorgrifier","floor":29,"gold_loss":0,"cards_obtained":["Auto Shields"]},{"cards_removed":["Dualcast"],"damage_healed":0,"gold_gain":0,"player_choice":"Purged","damage_taken":0,"max_hp_gain":0,"max_hp_loss":0,"event_name":"Purifier","floor":39,"gold_loss":0},{"cards_removed":["Capacitor"],"damage_healed":0,"gold_gain":0,"player_choice":"Took Card","damage_taken":0,"max_hp_gain":0,"max_hp_loss":0,"event_name":"NoteForYourself","floor":47,"gold_loss":0,"cards_obtained":["Regret"]}],"is_beta":true,"boss_relics":[{"not_picked":["Runic Dome","Philosopher\u0027s Stone"],"picked":"Nuclear Battery"},{"not_picked":["Eternal Feather","Orrery"],"picked":"Pandora\u0027s Box"}],"items_purged_floors":[13,20,21,36],"is_endless":false,"potions_floor_spawned":[1,3,14,19,22,24,31,33,35,42],"killed_by":"Awakened One","ascension_level":0}