{"gold_per_floor":[366,182,182,182,196,196,208,242,290,325,325,335,349,349,349,446,446,457,471,482,482,297,297,317,317,342,354,365,365,365],"floor_reached":30,"playtime":877,"items_purged":[],"score":327,"play_id":"702b7a21-d562-4bf6-bc32-beee4c77587c","local_time":"20181231031005","is_ascension_mode":true,"campfire_choices":[{"floor":6,"key":"REST"},{"floor":15,"key":"REST"},{"floor":23,"key":"REST"},{"floor":25,"key":"REST"},{"floor":29,"key":"REST"}],"neow_cost":"PERCENT_DAMAGE","seed_source_timestamp":801517753673334,"circlet_count":0,"master_deck":["Strike_B+1","Strike_B+1","Strike_B+1","Defend_B+1","Defend_B+1","Defend_B+1","Defend_B+1","Zap","Dualcast","Gash","Rebound","White Noise+1","Sunder","FTL","Go for the Eyes","Leap","Gash","Leap","Turbo","All For One","Amplify","Redo+1","Gash","Biased Cognition","Scrape","Go for the Eyes","Steam+1","Conserve Battery+1"],"relics":["Cracked Core","Oddly Smooth Stone","Darkstone Periapt","Blood Vial","Ice Cream","Inserter","DataDisk","Lantern"],"potions_floor_usage":[8,10,18,18,24,24,28],"damage_taken":[{"damage":5,"enemies":"Small Slimes","floor":1,"turns":3},{"damage":0,"enemies":"2 Louse","floor":5,"turns":2},{"damage":0,"enemies":"Cultist","floor":7,"turns":3},{"damage":29,"enemies":"Lagavulin","floor":8,"turns":5},{"damage":13,"enemies":"Gremlin Nob","floor":10,"turns":3},{"damage":0,"enemies":"Looter","floor":12,"turns":3},{"damage":7,"enemies":"Exordium Thugs","floor":13,"turns":4},{"damage":20,"enemies":"Hexaghost","floor":16,"turns":9},{"damage":6,"enemies":"3 Byrds","floor":18,"turns":2},{"damage":18,"enemies":"2 Thieves","floor":19,"turns":3},{"damage":37,"enemies":"Centurion and Healer","floor":20,"turns":8},{"damage":14,"enemies":"Snake Plant","floor":24,"turns":3},{"damage":31,"enemies":"Snecko","floor":27,"turns":7},{"damage":16,"enemies":"Centurion and Healer","floor":28,"turns":6},{"damage":44,"enemies":"Chosen and Byrds","floor":30,"turns":6}],"seed_played":"8264304402045421373","potions_obtained":[{"floor":7,"key":"LiquidBronze"},{"floor":8,"key":"Dexterity Potion"},{"floor":12,"key":"Swift Potion"},{"floor":13,"key":"Explosive Potion"},{"floor":16,"key":"Fire Potion"},{"floor":18,"key":"FocusPotion"},{"floor":20,"key":"EssenceOfSteel"},{"floor":24,"key":"SteroidPotion"},{"floor":27,"key":"FairyPotion"}],"is_trial":false,"path_per_floor":["M","$","?","?","M","R","M","E","T","E","?","M","M","?","R","B",null,"M","M","M","?","$","R","M","R","T","M","M","R","M"],"character_chosen":"DEFECT","items_purchased":["Rebound","White Noise","Sunder","Scrape","DataDisk"],"campfire_rested":5,"item_purchase_floors":[2,2,2,22,22],"current_hp_per_floor":[45,45,50,32,32,56,56,27,27,16,16,18,13,13,37,19,65,61,45,10,10,10,34,22,46,46,17,3,27,0],"gold":365,"neow_bonus":"TWO_FIFTY_GOLD","is_prod":false,"is_daily":false,"chose_seed":false,"campfire_upgraded":0,"win_rate":0,"timestamp":1546236605,"path_taken":["M","$","?","?","M","R","M","E","T","E","?","M","M","?","R","BOSS","M","M","M","?","$","R","M","R","T","M","M","R","M"],"build_version":"2018-12-20","purchased_purges":0,"victory":false,"max_hp_per_floor":[75,75,80,80,80,80,80,80,80,80,80,80,80,80,80,80,80,80,80,80,80,80,80,80,80,80,80,80,80,80],"card_choices":[{"not_picked":["Stack","Aggregate"],"picked":"Gash","floor":1},{"not_picked":["Consume","Coolheaded"],"picked":"FTL","floor":5},{"not_picked":["Turbo","Reprogram"],"picked":"Go for the Eyes","floor":7},{"not_picked":["Cold Snap","Doom and Gloom"],"picked":"Leap","floor":8},{"not_picked":["Leap","Machine Learning"],"picked":"Gash","floor":10},{"not_picked":["Steam","Capacitor"],"picked":"Leap","floor":12},{"not_picked":["Go for the Eyes","Steam"],"picked":"Turbo","floor":13},{"not_picked":["Hyperbeam","Fission"],"picked":"Amplify","floor":16},{"not_picked":["Steam","Stack"],"picked":"Redo+1","floor":18},{"not_picked":["Steam+1","Turbo"],"picked":"Gash","floor":19},{"not_picked":["Compile Driver","Leap"],"picked":"Biased Cognition","floor":20},{"not_picked":["Genetic Algorithm","Rip and Tear"],"picked":"Go for the Eyes","floor":24},{"not_picked":["Beam Cell","Hologram"],"picked":"Steam+1","floor":27},{"not_picked":["Beam Cell+1","Stack"],"picked":"Conserve Battery+1","floor":28}],"player_experience":584543,"relics_obtained":[{"floor":8,"key":"Darkstone Periapt"},{"floor":9,"key":"Blood Vial"},{"floor":10,"key":"Ice Cream"},{"floor":26,"key":"Lantern"}],"event_choices":[{"damage_healed":0,"gold_gain":0,"player_choice":"Donut","damage_taken":0,"max_hp_gain":5,"max_hp_loss":0,"event_name":"Big Fish","floor":3,"gold_loss":0},{"damage_healed":0,"gold_gain":0,"player_choice":"Success","damage_taken":18,"relics_obtained":["Oddly Smooth Stone"],"max_hp_gain":0,"max_hp_loss":0,"event_name":"Scrap Ooze","floor":4,"gold_loss":0},{"damage_healed":0,"gold_gain":0,"player_choice":"Grow","damage_taken":0,"max_hp_gain":0,"max_hp_loss":0,"event_name":"Living Wall","floor":11,"gold_loss":0,"cards_upgraded":["White Noise"]},{"damage_healed":0,"gold_gain":0,"cards_transformed":["Strike_B"],"player_choice":"Transformed","damage_taken":0,"max_hp_gain":0,"max_hp_loss":0,"event_name":"Transmorgrifier","floor":14,"gold_loss":0,"cards_obtained":["All For One"]},{"damage_healed":0,"gold_gain":0,"player_choice":"Simplicity","damage_taken":0,"max_hp_gain":0,"max_hp_loss":0,"event_name":"Back to Basics","floor":21,"gold_loss":0,"cards_upgraded":["Strike_B","Strike_B","Strike_B","Defend_B","Defend_B","Defend_B","Defend_B"]}],"is_beta":false,"boss_relics":[{"not_picked":["FrozenCore","Runic Pyramid"],"picked":"Inserter"}],"items_purged_floors":[],"is_endless":false,"potions_floor_spawned":[7,8,12,13,16,18,20,24,27],"killed_by":"Chosen and Byrds","ascension_level":7}