{"gold_per_floor":[119,133,58,71,71,97,97,124,124,124,137,137,152,186,186,186],"floor_reached":16,"playtime":842,"items_purged":[],"score":240,"play_id":"f4f72c95-f277-494b-bc5b-b09288d2a25c","local_time":"20181206155345","is_ascension_mode":true,"campfire_choices":[{"data":"Clothesline","floor":7,"key":"SMITH"},{"floor":10,"key":"REST"},{"data":"Bash","floor":12,"key":"SMITH"},{"data":"Disarm","floor":15,"key":"SMITH"}],"neow_cost":"NONE","seed_source_timestamp":927887868210514,"circlet_count":0,"master_deck":["AscendersBane","Strike_R","Strike_R","Strike_R","Strike_R","Defend_R","Defend_R","Defend_R","Bash+1","Rampage","Armaments","Shrug It Off","Seeing Red","Clothesline+1","Disarm+1","Feel No Pain","Anger"],"relics":["Burning Blood","Ancient Tea Set","Sundial","Anchor"],"potions_floor_usage":[8,14,14],"damage_taken":[{"damage":16,"enemies":"Jaw Worm","floor":1,"turns":5},{"damage":1,"enemies":"Small Slimes","floor":2,"turns":4},{"damage":1,"enemies":"Cultist","floor":4,"turns":4},{"damage":55,"enemies":"Gremlin Nob","floor":6,"turns":5},{"damage":33,"enemies":"Lagavulin","floor":8,"turns":9},{"damage":0,"enemies":"Blue Slaver","floor":11,"turns":2},{"damage":6,"enemies":"2 Fungi Beasts","floor":13,"turns":3},{"damage":24,"enemies":"Gremlin Nob","floor":14,"turns":5},{"damage":23,"enemies":"Hexaghost","floor":16,"turns":10}],"seed_played":"-5643024234144656580","potions_obtained":[{"floor":4,"key":"BloodPotion"},{"floor":8,"key":"Ancient Potion"},{"floor":13,"key":"SkillPotion"}],"is_trial":false,"path_per_floor":["M","M","?","M","?","E","R","E","T","R","M","R","M","E","R","B"],"character_chosen":"IRONCLAD","items_purchased":[],"campfire_rested":1,"item_purchase_floors":[],"current_hp_per_floor":[65,70,70,75,75,26,26,7,7,31,37,37,37,19,19,0],"gold":186,"neow_bonus":"TEN_PERCENT_HP_BONUS","is_prod":false,"is_daily":false,"chose_seed":false,"campfire_upgraded":3,"win_rate":0,"timestamp":1544129625,"path_taken":["M","M","?","M","?","E","R","E","T","R","M","R","?","E","R","BOSS"],"build_version":"2018-12-06","purchased_purges":0,"victory":false,"max_hp_per_floor":[82,82,82,82,82,82,82,82,82,82,82,82,82,82,82,82],"card_choices":[{"not_picked":["Thunderclap","Seeing Red"],"picked":"Rampage","floor":1},{"not_picked":["Warcry","Wild Strike"],"picked":"Armaments","floor":2},{"not_picked":["Cleave","Armaments"],"picked":"Shrug It Off","floor":4},{"not_picked":["Bludgeon","Iron Wave"],"picked":"Clothesline","floor":6},{"not_picked":["Searing Blow","Wild Strike","Cleave"],"picked":"SKIP","floor":8},{"not_picked":["Blood for Blood","Cleave"],"picked":"Disarm","floor":11},{"not_picked":["Sword Boomerang","Metallicize"],"picked":"Feel No Pain","floor":13},{"not_picked":["Shockwave","Brutality"],"picked":"Anger","floor":14}],"player_experience":1040556,"relics_obtained":[{"floor":6,"key":"Ancient Tea Set"},{"floor":8,"key":"Sundial"},{"floor":14,"key":"Anchor"}],"event_choices":[{"cards_removed":["Strike_R"],"damage_healed":0,"gold_gain":0,"player_choice":"Card Removal","damage_taken":0,"max_hp_gain":0,"max_hp_loss":0,"event_name":"The Cleric","floor":3,"gold_loss":75},{"damage_healed":0,"gold_gain":0,"cards_transformed":["Defend_R"],"player_choice":"Transformed","damage_taken":0,"max_hp_gain":0,"max_hp_loss":0,"event_name":"Transmorgrifier","floor":5,"gold_loss":0,"cards_obtained":["Seeing Red"]}],"is_beta":true,"boss_relics":[],"items_purged_floors":[],"is_endless":false,"potions_floor_spawned":[4,8,13],"killed_by":"Hexaghost","ascension_level":20}