{"gold_per_floor":[112,212,63,74,74,107,107,119,119,134,134,134,157,107,107,236,236,259,259,259,279,295,319,360,360,360,275,293,319,197,216,216,342,342,367,367,122,143,143,178,211,223,262,309,337,373,385,420,432,444,456,468,25,61,61],"floor_reached":55,"playtime":3132,"items_purged":["Streamline"],"score":951,"play_id":"88211a82-6b8a-4c4c-8168-4fd83091a240","local_time":"20190507213514","is_ascension_mode":true,"campfire_choices":[{"data":"Zap","floor":7,"key":"SMITH"},{"data":"Coolheaded","floor":15,"key":"SMITH"},{"data":"Ghostly","floor":25,"key":"SMITH"},{"floor":32,"key":"REST"},{"data":"Echo Form","floor":42,"key":"SMITH"},{"data":"Defragment","floor":47,"key":"SMITH"},{"floor":49,"key":"RECALL"},{"data":"Ghostly","floor":52,"key":"SMITH"}],"neow_cost":"NONE","seed_source_timestamp":155079814426900,"circlet_count":0,"master_deck":["Strike_B","Strike_B","Strike_B","Defend_B","Defend_B","Defend_B","Defend_B","Zap+1","Dualcast","Coolheaded+1","BootSequence","Cold Snap+1","Sweeping Beam","Ball Lightning","Electrodynamics","Double Energy+1","Ghostly","Ghostly","Ghostly","Ghostly+1","Ghostly+1","Compile Driver+1","Streamline+1","Echo Form+1","Barrage","Glacier","Hologram+1","Multi-Cast","Coolheaded+1","Ghostly+1","Loop","Barrage+1","Melter+1","Defragment+1","Go for the Eyes+1","Conserve Battery","Glacier","Redo","Conserve Battery+1"],"relics":["Cracked Core","NeowsBlessing","Lantern","Ornamental Fan","Meat on the Bone","Golden Idol","Nuclear Battery","Omamori","Whetstone","DataDisk","Smiling Mask","PreservedInsect","Coffee Dripper","Pear","MawBank","Centennial Puzzle","DollysMirror","Strawberry","Bottled Lightning"],"potions_floor_usage":[23,24,33,33,33,35,48,50,50],"damage_taken":[{"damage":0,"enemies":"Small Slimes","floor":1,"turns":1},{"damage":0,"enemies":"Cultist","floor":4,"turns":1},{"damage":0,"enemies":"3 Sentries","floor":6,"turns":1},{"damage":0,"enemies":"2 Louse","floor":8,"turns":3},{"damage":0,"enemies":"Looter","floor":10,"turns":3},{"damage":6,"enemies":"Large Slime","floor":13,"turns":5},{"damage":24,"enemies":"The Guardian","floor":16,"turns":11},{"damage":0,"enemies":"Spheric Guardian","floor":18,"turns":3},{"damage":0,"enemies":"2 Thieves","floor":21,"turns":4},{"damage":0,"enemies":"Snecko","floor":22,"turns":6},{"damage":1,"enemies":"3 Cultists","floor":23,"turns":6},{"damage":0,"enemies":"Book of Stabbing","floor":24,"turns":5},{"damage":8,"enemies":"Centurion and Healer","floor":28,"turns":5},{"damage":0,"enemies":"Chosen and Byrds","floor":31,"turns":8},{"damage":34,"enemies":"Champ","floor":33,"turns":18},{"damage":0,"enemies":"3 Darklings","floor":35,"turns":5},{"damage":0,"enemies":"Orb Walker","floor":38,"turns":4},{"damage":0,"enemies":"Nemesis","floor":40,"turns":9},{"damage":8,"enemies":"Transient","floor":41,"turns":5},{"damage":17,"enemies":"Reptomancer","floor":44,"turns":6},{"damage":0,"enemies":"Sphere and 2 Shapes","floor":45,"turns":5},{"damage":0,"enemies":"Writhing Mass","floor":46,"turns":8},{"damage":0,"enemies":"3 Darklings","floor":48,"turns":6},{"damage":33,"enemies":"Donu and Deca","floor":50,"turns":10},{"damage":4,"enemies":"Shield and Spear","floor":54,"turns":7},{"damage":62,"enemies":"The Heart","floor":55,"turns":14}],"seed_played":"8775356909962218302","potions_obtained":[{"floor":4,"key":"Swift Potion"},{"floor":10,"key":"Fire Potion"},{"floor":13,"key":"FocusPotion"},{"floor":22,"key":"Swift Potion"},{"floor":28,"key":"Ancient Potion"},{"floor":31,"key":"GamblersBrew"},{"floor":33,"key":"AttackPotion"},{"floor":41,"key":"FearPotion"},{"floor":44,"key":"EssenceOfSteel"},{"floor":45,"key":"Explosive Potion"},{"floor":48,"key":"Fire Potion"}],"is_trial":false,"path_per_floor":["M","?","$","M","?","E","R","M","T","M","?","?","M","?","R","B",null,"M","?","?","M","M","M","E","R","T","?","M","T","$","M","R","B",null,"M","?","$","M","?","E","M","R","T","E","M","M","R","M","R","B",null,"R","$","E","B"],"character_chosen":"DEFECT","items_purchased":["Lantern","Glacier","Pear","Conserve Battery","DollysMirror","Strawberry","Redo"],"campfire_rested":1,"item_purchase_floors":[3,30,37,53,53,53,53],"current_hp_per_floor":[75,75,75,75,75,75,75,75,75,75,80,80,74,74,74,50,80,80,40,40,40,40,39,39,39,39,39,31,31,31,31,40,18,40,40,40,50,50,50,50,42,42,42,37,37,37,37,37,37,16,50,50,57,53,0],"gold":61,"neow_bonus":"THREE_ENEMY_KILL","is_prod":false,"is_daily":false,"chose_seed":false,"campfire_upgraded":6,"win_rate":0,"timestamp":1557279314,"path_taken":["M","?","$","?","?","E","R","M","T","M","?","?","M","?","R","BOSS","M","?","?","M","M","?","E","R","T","?","M","?","$","M","R","BOSS","M","?","?","M","?","E","?","R","T","E","M","M","R","M","R","BOSS","R","$","E","BOSS"],"build_version":"2019-01-23","purchased_purges":1,"victory":false,"max_hp_per_floor":[75,75,75,75,75,75,75,75,75,75,80,80,80,80,80,80,80,80,40,40,40,40,40,40,40,40,40,40,40,40,40,40,40,40,40,40,50,50,50,50,50,50,50,50,50,50,50,50,50,50,50,50,57,57,57],"card_choices":[{"not_picked":["Consume","Conserve Battery"],"picked":"Coolheaded","floor":1},{"not_picked":["Redo","Sweeping Beam","Go for the Eyes"],"picked":"SKIP","floor":4},{"not_picked":["FTL","Darkness"],"picked":"Streamline","floor":6},{"not_picked":["Sunder","Conserve Battery"],"picked":"Cold Snap","floor":8},{"not_picked":["Scrape","Hologram"],"picked":"Sweeping Beam","floor":10},{"not_picked":["Leap","Steam"],"picked":"Ball Lightning","floor":13},{"not_picked":["Machine Learning","Reboot"],"picked":"Electrodynamics","floor":16},{"not_picked":["Reinforced Body","Streamline"],"picked":"Double Energy+1","floor":18},{"not_picked":["Rebound","Auto Shields"],"picked":"Compile Driver","floor":21},{"not_picked":["Sunder","Turbo"],"picked":"Streamline+1","floor":22},{"not_picked":["Streamline","Hologram"],"picked":"Echo Form","floor":23},{"not_picked":["Aggregate","Sweeping Beam","Leap"],"picked":"SKIP","floor":24},{"not_picked":["Turbo","Tempest+1"],"picked":"Barrage","floor":28},{"not_picked":["Rebound+1","Cold Snap"],"picked":"Hologram+1","floor":31},{"not_picked":["Biased Cognition","All For One"],"picked":"Multi-Cast","floor":33},{"not_picked":["Consume+1","Turbo"],"picked":"Static Discharge+1","floor":35},{"not_picked":["Consume+1","Hello World"],"picked":"Coolheaded+1","floor":38},{"not_picked":["Sweeping Beam","Go for the Eyes"],"picked":"Loop","floor":40},{"not_picked":["Genetic Algorithm+1","Aggregate+1"],"picked":"Barrage+1","floor":41},{"not_picked":["FTL","Barrage"],"picked":"Melter+1","floor":44},{"not_picked":["Streamline+1","BootSequence","Genetic Algorithm"],"picked":"SKIP","floor":45},{"not_picked":["Turbo+1","Conserve Battery"],"picked":"Defragment","floor":46},{"not_picked":["Stack+1","Creative AI"],"picked":"Go for the Eyes+1","floor":48},{"not_picked":["Go for the Eyes","Turbo+1"],"picked":"Conserve Battery+1","floor":54}],"player_experience":146683,"relics_obtained":[{"floor":6,"key":"Ornamental Fan"},{"floor":9,"key":"Meat on the Bone"},{"floor":24,"key":"Whetstone"},{"floor":26,"key":"DataDisk"},{"floor":29,"key":"PreservedInsect"},{"floor":40,"key":"MawBank"},{"floor":44,"key":"Centennial Puzzle"},{"floor":54,"key":"Bottled Lightning"}],"event_choices":[{"damage_healed":0,"gold_gain":100,"player_choice":"Pray","damage_taken":0,"max_hp_gain":0,"max_hp_loss":0,"event_name":"Golden Shrine","floor":2,"gold_loss":0},{"damage_healed":0,"gold_gain":0,"cards_transformed":["Strike_B"],"player_choice":"Change","damage_taken":0,"max_hp_gain":0,"max_hp_loss":0,"event_name":"Living Wall","floor":5,"gold_loss":0,"cards_obtained":["BootSequence"]},{"damage_healed":0,"gold_gain":0,"player_choice":"Donut","damage_taken":0,"max_hp_gain":5,"max_hp_loss":0,"event_name":"Big Fish","floor":11,"gold_loss":0},{"damage_healed":0,"gold_gain":0,"player_choice":"Take Wound","damage_taken":0,"relics_obtained":["Golden Idol"],"max_hp_gain":0,"max_hp_loss":0,"event_name":"Golden Idol","floor":12,"gold_loss":0,"cards_obtained":["Injury"]},{"cards_removed":["Injury"],"damage_healed":0,"gold_gain":0,"player_choice":"Card Removal","damage_taken":0,"max_hp_gain":0,"max_hp_loss":0,"event_name":"The Cleric","floor":14,"gold_loss":50},{"damage_healed":0,"gold_gain":0,"player_choice":"Became a Ghost","damage_taken":0,"max_hp_gain":0,"max_hp_loss":40,"event_name":"Ghosts","floor":19,"gold_loss":0,"cards_obtained":["Ghostly","Ghostly","Ghostly","Ghostly","Ghostly"]},{"damage_healed":0,"gold_gain":0,"player_choice":"Gave Potion","damage_taken":0,"relics_obtained":["Omamori"],"max_hp_gain":0,"max_hp_loss":0,"event_name":"WeMeetAgain","floor":20,"gold_loss":0},{"damage_healed":0,"gold_gain":0,"player_choice":"Obtained Relic","damage_taken":0,"relics_obtained":["Smiling Mask"],"max_hp_gain":0,"max_hp_loss":0,"event_name":"Addict","floor":27,"gold_loss":85},{"cards_removed":["Static Discharge"],"damage_healed":0,"gold_gain":0,"player_choice":"Removed Power","damage_taken":0,"max_hp_gain":0,"max_hp_loss":0,"event_name":"Falling","floor":36,"gold_loss":0},{"damage_healed":0,"gold_gain":0,"player_choice":"Copied","damage_taken":0,"max_hp_gain":0,"max_hp_loss":0,"event_name":"Duplicator","floor":39,"gold_loss":0,"cards_obtained":["Ghostly"]}],"is_beta":false,"boss_relics":[{"not_picked":["Orrery","Fusion Hammer"],"picked":"Nuclear Battery"},{"not_picked":["Philosopher\u0027s Stone","Astrolabe"],"picked":"Coffee Dripper"}],"items_purged_floors":[30],"is_endless":false,"potions_floor_spawned":[4,10,13,16,22,28,31,33,41,44,45,48],"killed_by":"The Heart","ascension_level":2}