{"path_per_floor":["M","M","M","M","M","R","M","E","T","?","M","R","?","M","R","B",null,"M","M","?","?","M","R","?","R","T","E","M","$","R","M","R"],"character_chosen":"DEFECT","items_purchased":["Sweeping Beam"],"gold_per_floor":[109,127,147,159,178,178,192,222,246,246,258,258,258,275,275,378,378,392,403,403,403,421,421,346,346,346,379,396,299,299,315,315,315],"floor_reached":33,"campfire_rested":6,"playtime":2741,"item_purchase_floors":[29],"current_hp_per_floor":[75,75,65,57,44,66,62,49,56,56,49,73,73,73,73,25,82,80,69,69,63,29,53,53,77,87,39,33,33,60,53,82,0],"items_purged":["Zap+1"],"gold":315,"score":350,"play_id":"cfa5d11b-2a3d-4653-a4ca-ffa15b55fada","local_time":"20180620020404","is_prod":false,"is_daily":false,"chose_seed":false,"is_ascension_mode":true,"campfire_upgraded":1,"win_rate":0,"timestamp":1529471044,"campfire_choices":[{"floor":6,"key":"REST"},{"floor":12,"key":"REST"},{"data":"Hyperbeam","floor":15,"key":"SMITH"},{"floor":23,"key":"REST"},{"floor":25,"key":"REST"},{"floor":30,"key":"REST"},{"floor":32,"key":"REST"}],"path_taken":["M","M","M","M","M","R","M","E","T","?","M","R","?","M","R","BOSS","M","M","?","?","M","R","?","R","T","E","M","$","R","?","R","BOSS"],"build_version":"2018-06-14v2","seed_source_timestamp":529824784548689,"purchased_purges":1,"victory":false,"master_deck":["Strike_B","Strike_B","Strike_B","Strike_B","Defend_B","Defend_B","Defend_B","Defend_B","Dualcast","Conserve Battery","Streamline","Sunder+1","Conserve Battery","Loop","Steam Power","Hyperbeam+1","Echo Form","Redo+1","Auto Shields+1","RitualDagger","Stack","Sweeping Beam","Sweeping Beam"],"max_hp_per_floor":[75,75,75,75,75,75,75,75,82,82,82,82,82,82,82,82,82,82,82,82,82,82,82,82,82,92,92,92,92,92,97,97,97],"relics":["Cracked Core","Omamori","Strawberry","Nuclear Battery","Pear","Toolbox"],"card_choices":[{"not_picked":["Barrage","Doom and Gloom"],"picked":"Conserve Battery","floor":1},{"not_picked":["Barrage","Cold Snap"],"picked":"Streamline","floor":2},{"not_picked":["Compile Driver","Blizzard"],"picked":"Capacitor","floor":3},{"not_picked":["Melter","Sweeping Beam"],"picked":"Sunder","floor":4},{"not_picked":["Cold Snap","Reinforced Body"],"picked":"Conserve Battery","floor":5},{"not_picked":["Static Discharge","Go for the Eyes"],"picked":"Ball Lightning","floor":7},{"not_picked":["Compile Driver","Leap"],"picked":"Loop","floor":8},{"not_picked":["Streamline","Barrage"],"picked":"Steam Power","floor":11},{"not_picked":["Self Repair","Gash"],"picked":"Hyperbeam","floor":14},{"not_picked":["Amplify","Multi-Cast"],"picked":"Echo Form","floor":16},{"not_picked":["Go for the Eyes+1","Gash"],"picked":"Redo+1","floor":18},{"not_picked":["Rebound+1","Capacitor"],"picked":"Auto Shields+1","floor":19},{"not_picked":["Genetic Algorithm","Chaos"],"picked":"Stack","floor":22},{"not_picked":["Multi-Cast","Coolheaded"],"picked":"Sweeping Beam","floor":27},{"not_picked":["Go for the Eyes","Turbo","Steam"],"picked":"SKIP","floor":28},{"not_picked":["Cold Snap+1","Chill+1","Skim"],"picked":"SKIP","floor":31}],"player_experience":368356,"potions_floor_usage":[4,8,11,16,19,19,27,31],"damage_taken":[{"damage":0,"enemies":"Small Slimes","floor":1,"turns":2},{"damage":0,"enemies":"Cultist","floor":2,"turns":3},{"damage":10,"enemies":"2 Louse","floor":3,"turns":2},{"damage":8,"enemies":"Lots of Slimes","floor":4,"turns":4},{"damage":13,"enemies":"Large Slime","floor":5,"turns":5},{"damage":4,"enemies":"Looter","floor":7,"turns":3},{"damage":13,"enemies":"Lagavulin","floor":8,"turns":7},{"damage":7,"enemies":"Exordium Thugs","floor":11,"turns":4},{"damage":0,"enemies":"Exordium Wildlife","floor":14,"turns":1},{"damage":48,"enemies":"The Guardian","floor":16,"turns":10},{"damage":2,"enemies":"Chosen","floor":18,"turns":5},{"damage":11,"enemies":"Spheric Guardian","floor":19,"turns":4},{"damage":34,"enemies":"Snake Plant","floor":22,"turns":5},{"damage":48,"enemies":"Gremlin Leader","floor":27,"turns":7},{"damage":10,"enemies":"Snecko","floor":28,"turns":5},{"damage":12,"enemies":"Centurion and Healer","floor":31,"turns":7},{"damage":95,"enemies":"Champ","floor":33,"turns":12}],"relics_obtained":[{"floor":8,"key":"Omamori"},{"floor":9,"key":"Strawberry"},{"floor":26,"key":"Pear"},{"floor":27,"key":"Toolbox"}],"event_choices":[{"event_name":"Purifier","player_choice":"One Purge","floor":10,"damage_taken":0},{"event_name":"Upgrade Shrine","player_choice":"Upgraded","floor":13,"damage_taken":0},{"event_name":"Ghosts","player_choice":"Ignored","floor":20,"damage_taken":0},{"event_name":"Nest","player_choice":"Joined the Cult","floor":21,"damage_taken":0},{"event_name":"Beggar","player_choice":"Gave Gold","floor":24,"damage_taken":0}],"boss_relics":[{"not_picked":["Velvet Choker","Runic Pyramid"],"picked":"Nuclear Battery"}],"items_purged_floors":[29],"is_endless":false,"potions_floor_spawned":[2,4,5,8,16,18,19,28],"seed_played":"-7148419675188236753","killed_by":"Champ","ascension_level":4,"potions_obtained":[{"floor":2,"key":"SpeedPotion"},{"floor":4,"key":"Dexterity Potion"},{"floor":5,"key":"Block Potion"},{"floor":8,"key":"LiquidBronze"},{"floor":16,"key":"EssenceOfSteel"},{"floor":18,"key":"EssenceOfSteel"},{"floor":19,"key":"GamblersBrew"},{"floor":28,"key":"Fruit Juice"}],"is_trial":false}