{"gold_per_floor":[111,111,124,137,137,137,172,185,185,197,17,41,57,69,69,168,168,188,202,12,12,12,12,47,47],"floor_reached":25,"playtime":2083,"items_purged":["Impatience"],"score":246,"play_id":"f3773ed4-5640-4dc2-8437-ee326038cd16","local_time":"20190318165244","is_ascension_mode":false,"campfire_choices":[{"data":"Bash","floor":6.0,"key":"SMITH"},{"floor":15.0,"key":"REST"},{"data":"Infernal Blade","floor":23,"key":"SMITH"}],"neow_cost":"NONE","seed_source_timestamp":0,"circlet_count":0,"master_deck":["Defend_R","Defend_R","Defend_R","Defend_R","Bash+1","Second Wind","Twin Strike","Headbutt","Infernal Blade+1","Rampage","Armaments+1","Double Tap+1","Body Slam","Clash","Impervious+1","Fire Breathing","Anger+1","Flex+1","Forethought+1","Bite","Bite","Bite","Bite","Bite","Inflame+1"],"special_seed":0,"relics":["Burning Blood","Matryoshka","MawBank","Toxic Egg 2","Regal Pillow","Odd Mushroom","Black Star","Bottled Flame","FossilizedHelix"],"potions_floor_usage":[24],"damage_taken":[{"damage":0.0,"enemies":"Small Slimes","floor":1.0,"turns":3.0},{"damage":1.0,"enemies":"Jaw Worm","floor":3.0,"turns":3.0},{"damage":0.0,"enemies":"2 Louse","floor":4.0,"turns":3.0},{"damage":35.0,"enemies":"Lagavulin","floor":7.0,"turns":6.0},{"damage":12.0,"enemies":"Blue Slaver","floor":8.0,"turns":2.0},{"damage":13.0,"enemies":"The Mushroom Lair","floor":12.0,"turns":4.0},{"damage":0.0,"enemies":"Large Slime","floor":13.0,"turns":2.0},{"damage":11.0,"enemies":"Gremlin Gang","floor":14.0,"turns":6.0},{"damage":58.0,"enemies":"Hexaghost","floor":16.0,"turns":8.0},{"damage":22.0,"enemies":"Shell Parasite","floor":18.0,"turns":5.0},{"damage":16,"enemies":"2 Thieves","floor":19,"turns":5},{"damage":60,"enemies":"Slavers","floor":24,"turns":6},{"damage":25,"enemies":"Cultist and Chosen","floor":25,"turns":4}],"seed_played":"-2418185511819087904","potions_obtained":[{"floor":3.0,"key":"BloodPotion"},{"floor":4.0,"key":"PowerPotion"},{"floor":7.0,"key":"FearPotion"},{"floor":8.0,"key":"FairyPotion"},{"floor":12.0,"key":"SkillPotion"}],"is_trial":false,"path_per_floor":["M","?","M","M","?","R","E","M","T","?","$","?","M","M","R","B",null,"M","M","$","?","?","R","E","M"],"character_chosen":"IRONCLAD","items_purchased":["Armaments+1","Regal Pillow","Flex+1","Forethought+1"],"campfire_rested":1,"item_purchase_floors":[11,11,20,20],"current_hp_per_floor":[80,80,80,80,80,80,51,45,45,45,45,38,44,39,78,26,80,64,54,54,54,54,54,13,0],"gold":47,"neow_bonus":"RANDOM_COLORLESS","is_prod":false,"is_daily":false,"chose_seed":false,"campfire_upgraded":2,"win_rate":0.0,"timestamp":1552942364,"path_taken":["M","?","M","M","?","R","E","M","T","?","?","?","M","M","R","BOSS","M","M","$","?","?","R","E","M"],"build_version":"2019-01-23","purchased_purges":1,"victory":false,"max_hp_per_floor":[80,80,80,80,80,80,80,80,80,80,80,80,80,80,80,80,80,80,80,80,80,56,56,56,56],"card_choices":[{"not_picked":["Sword Boomerang","True Grit"],"picked":"Second Wind","floor":1.0},{"not_picked":["Armaments","Second Wind"],"picked":"Twin Strike","floor":3.0},{"not_picked":["Body Slam","Rampage"],"picked":"Headbutt","floor":4.0},{"not_picked":["Thunderclap","Searing Blow"],"picked":"Infernal Blade","floor":7.0},{"not_picked":["Burning Pact","Headbutt"],"picked":"Rampage","floor":8.0},{"not_picked":["Anger","Perfected Strike"],"picked":"Double Tap+1","floor":12.0},{"not_picked":["Headbutt","Shockwave+1"],"picked":"Body Slam","floor":13.0},{"not_picked":["Clothesline","Twin Strike"],"picked":"Clash","floor":14.0},{"not_picked":["Reaper","Barricade"],"picked":"Impervious+1","floor":16.0},{"not_picked":["Cleave","Reckless Charge+1"],"picked":"Fire Breathing","floor":18},{"not_picked":["Body Slam","Rage+1"],"picked":"Anger+1","floor":19},{"not_picked":["Flex+1","Bludgeon"],"picked":"Inflame+1","floor":24}],"player_experience":9161,"relics_obtained":[{"floor":7.0,"key":"Matryoshka"},{"floor":9.0,"key":"MawBank"},{"floor":9.0,"key":"Toxic Egg 2"},{"floor":12.0,"key":"Odd Mushroom"},{"floor":24,"key":"Bottled Flame"},{"floor":24,"key":"FossilizedHelix"}],"event_choices":[{"damage_healed":0.0,"max_hp_gain":0.0,"max_hp_loss":0.0,"gold_gain":0.0,"event_name":"The Cleric","player_choice":"Leave","floor":2.0,"gold_loss":0.0,"damage_taken":0.0},{"damage_healed":0.0,"max_hp_gain":0.0,"max_hp_loss":0.0,"gold_gain":0.0,"event_name":"Golden Wing","player_choice":"Ignored","floor":5.0,"gold_loss":0.0,"damage_taken":0.0},{"damage_healed":0.0,"max_hp_gain":0.0,"max_hp_loss":0.0,"gold_gain":0.0,"event_name":"Shining Light","player_choice":"Ignored","floor":10.0,"gold_loss":0.0,"damage_taken":0.0},{"damage_healed":0.0,"max_hp_gain":0.0,"max_hp_loss":0.0,"gold_gain":0.0,"event_name":"Mushrooms","player_choice":"Fought Mushrooms","floor":12.0,"gold_loss":0.0,"damage_taken":0.0},{"damage_healed":0,"gold_gain":0,"player_choice":"Ignored","damage_taken":0,"max_hp_gain":0,"max_hp_loss":0,"event_name":"Ghosts","floor":21,"gold_loss":0},{"damage_healed":0,"gold_gain":0,"player_choice":"Became a vampire","damage_taken":0,"max_hp_gain":0,"max_hp_loss":24,"event_name":"Vampires","floor":22,"gold_loss":0,"cards_obtained":["Bite","Bite","Bite","Bite","Bite"]}],"is_beta":false,"boss_relics":[{"not_picked":["Fusion Hammer","Mark of Pain"],"picked":"Black Star"}],"items_purged_floors":[20],"is_endless":false,"potions_floor_spawned":[3,4,7,8,12,18],"killed_by":"Cultist and Chosen","ascension_level":0}