{"gold_per_floor":[15,30,42,54,69,103,159,159,159,184,184,184,204,204,204,299,299,318,3,3,36,51,76,99,144,156,222,250,279,303,349,361,473,485,517,548,470,287,287,322,322,339,364,379,379,404,404,439,439,439,439,439,57,91,91],"floor_reached":56,"playtime":4278,"items_purged":["Strike_B","Defend_B"],"score":1851,"play_id":"a108977a-2eff-42a8-820d-4a83785458e4","local_time":"20190419081417","is_ascension_mode":true,"campfire_choices":[{"data":"Defragment","floor":8,"key":"SMITH"},{"data":"Loop","floor":11,"key":"SMITH"},{"data":"Static Discharge","floor":15,"key":"SMITH"},{"data":"Go for the Eyes","floor":32,"key":"SMITH"},{"floor":41,"key":"RECALL"},{"data":"Hello World","floor":45,"key":"SMITH"},{"data":"Sunder","floor":47,"key":"SMITH"},{"data":"Electrodynamics","floor":49,"key":"SMITH"},{"data":"Conserve Battery","floor":52,"key":"SMITH"}],"neow_cost":"NO_GOLD","seed_source_timestamp":3327921162222444,"circlet_count":0,"master_deck":["Strike_B","Defend_B+1","Defend_B","Zap","Dualcast","Static Discharge+1","Defragment+1","Undo","Glacier+1","Loop+1","Gash","Cold Snap","Gash","Gash","Core Surge","Go for the Eyes+1","FTL","Electrodynamics+1","Conserve Battery+1","Chill+1","Gash","Gash","Steam+1","Conserve Battery","Coolheaded+1","Sunder+1","Force Field+1","Undo+1","Electrodynamics","Hello World+1","BootSequence+1","Hologram+1","Skim+1","Hologram+1","Compile Driver+1","Glacier+1","Gash"],"relics":["Cracked Core","Mango","Orichalcum","Bottled Lightning","Bottled Tornado","StoneCalendar","GremlinMask","Dream Catcher","Black Star","Tiny Chest","Red Mask","Bag of Marbles","MawBank","Regal Pillow","Pen Nib","Toxic Egg 2","DataDisk","Dodecahedron","Happy Flower","Philosopher\u0027s Stone","Mummified Hand","Singing Bowl","Darkstone Periapt","Art of War","Turnip","Dead Branch","Thread and Needle","Pocketwatch","Pear","War Paint"],"potions_floor_usage":[7,16,16,23,40,46,55,55,55],"damage_taken":[{"damage":0,"enemies":"2 Louse","floor":1,"turns":2},{"damage":1,"enemies":"Cultist","floor":2,"turns":3},{"damage":1,"enemies":"Jaw Worm","floor":3,"turns":3},{"damage":2,"enemies":"3 Louse","floor":4,"turns":4},{"damage":1,"enemies":"Looter","floor":5,"turns":5},{"damage":42,"enemies":"Gremlin Nob","floor":6,"turns":6},{"damage":0,"enemies":"Lagavulin Event","floor":7,"turns":8},{"damage":0,"enemies":"Lagavulin","floor":10,"turns":9},{"damage":0,"enemies":"Blue Slaver","floor":13,"turns":4},{"damage":0,"enemies":"The Guardian","floor":16,"turns":7},{"damage":0,"enemies":"Shell Parasite","floor":18,"turns":7},{"damage":4,"enemies":"Masked Bandits","floor":21,"turns":2},{"damage":0,"enemies":"2 Thieves","floor":22,"turns":4},{"damage":0,"enemies":"Slavers","floor":23,"turns":5},{"damage":0,"enemies":"3 Cultists","floor":24,"turns":5},{"damage":1,"enemies":"Book of Stabbing","floor":25,"turns":6},{"damage":0,"enemies":"Shelled Parasite and Fungi","floor":28,"turns":5},{"damage":0,"enemies":"Snake Plant","floor":29,"turns":6},{"damage":0,"enemies":"Chosen and Byrds","floor":30,"turns":5},{"damage":0,"enemies":"Slavers","floor":31,"turns":5},{"damage":0,"enemies":"Champ","floor":33,"turns":11},{"damage":0,"enemies":"3 Darklings","floor":35,"turns":4},{"damage":0,"enemies":"Orb Walker","floor":36,"turns":5},{"damage":0,"enemies":"Reptomancer","floor":40,"turns":6},{"damage":0,"enemies":"Transient","floor":42,"turns":5},{"damage":0,"enemies":"Writhing Mass","floor":44,"turns":5},{"damage":0,"enemies":"Nemesis","floor":46,"turns":7},{"damage":0,"enemies":"Reptomancer","floor":48,"turns":6},{"damage":0,"enemies":"Awakened One","floor":50,"turns":14},{"damage":0,"enemies":"Shield and Spear","floor":54,"turns":6},{"damage":15,"enemies":"The Heart","floor":55,"turns":11}],"seed_played":"-6823766103291976954","potions_obtained":[{"floor":1,"key":"SpeedPotion"},{"floor":5,"key":"SkillPotion"},{"floor":6,"key":"Fire Potion"},{"floor":16,"key":"SmokeBomb"},{"floor":21,"key":"EssenceOfSteel"},{"floor":23,"key":"FocusPotion"},{"floor":28,"key":"Weak Potion"},{"floor":44,"key":"SpeedPotion"},{"floor":46,"key":"Strength Potion"}],"is_trial":false,"path_per_floor":["M","M","M","M","M","E","?","R","T","E","R","?","M","?","R","B",null,"M","$","?","?","M","E","M","E","T","T","M","M","M","E","R","B",null,"M","M","?","$","?","E","R","M","T","M","R","E","R","E","R","B",null,"R","$","E","B",null],"character_chosen":"DEFECT","items_purchased":["FTL","Tiny Chest","AttackPotion","Hologram+1","Skim+1","FocusPotion","Pocketwatch"],"campfire_rested":0,"item_purchase_floors":[19,19,19,38,38,53,53],"current_hp_per_floor":[89,88,87,85,84,42,42,42,42,42,42,42,42,39,39,39,89,89,89,89,85,85,85,85,84,84,84,84,84,84,84,84,84,89,89,89,89,89,89,89,89,89,89,91,91,93,93,93,93,93,93,93,93,103,88],"gold":91,"neow_bonus":"ONE_RARE_RELIC","is_prod":false,"is_daily":false,"chose_seed":false,"campfire_upgraded":8,"win_rate":0,"timestamp":1555676057,"path_taken":["M","M","M","M","M","E","?","R","T","E","R","?","?","?","R","BOSS","M","$","?","?","M","E","M","E","T","?","?","?","M","E","R","BOSS","M","M","?","?","?","E","R","?","T","M","R","E","R","E","R","BOSS","R","$","E","BOSS"],"build_version":"2019-04-04","purchased_purges":2,"victory":true,"max_hp_per_floor":[89,89,89,89,89,89,89,89,89,89,89,89,89,89,89,89,89,89,89,89,89,89,89,89,89,89,89,89,89,89,89,89,89,89,89,89,89,89,89,89,89,89,89,91,91,93,93,93,93,93,93,93,93,103,103],"card_choices":[{"not_picked":["Skim","Turbo"],"picked":"Static Discharge","floor":1},{"not_picked":["Static Discharge","Coolheaded"],"picked":"Defragment","floor":2},{"not_picked":["Redo","Steam"],"picked":"Undo","floor":3},{"not_picked":["Hologram","Turbo"],"picked":"Glacier","floor":4},{"not_picked":["Hello World","Steam Power"],"picked":"Loop","floor":5},{"not_picked":["Consume","Auto Shields"],"picked":"Gash","floor":6},{"not_picked":["Double Energy","Static Discharge"],"picked":"Cold Snap","floor":7},{"not_picked":["Rip and Tear","Go for the Eyes"],"picked":"Gash","floor":10},{"not_picked":["Leap","Rainbow"],"picked":"Gash","floor":13},{"not_picked":["Amplify","Reboot"],"picked":"Core Surge","floor":16},{"not_picked":["Beam Cell","Darkness+1"],"picked":"Go for the Eyes","floor":18},{"not_picked":["Redo","Gash+1"],"picked":"Chill+1","floor":21},{"not_picked":["Coolheaded","Barrage"],"picked":"Gash","floor":22},{"not_picked":["Scrape","Reboot"],"picked":"Gash","floor":23},{"not_picked":["Streamline+1","Rebound"],"picked":"Steam","floor":24},{"not_picked":["Hologram","Creative AI"],"picked":"Conserve Battery","floor":25},{"not_picked":["Steam+1","Conserve Battery+1"],"picked":"Coolheaded+1","floor":28},{"not_picked":["Barrage","Chill+1"],"picked":"Sunder","floor":29},{"not_picked":["Ball Lightning","Aggregate+1"],"picked":"Force Field+1","floor":30},{"not_picked":["Cold Snap","Barrage"],"picked":"Undo+1","floor":31},{"not_picked":["Thunder Strike","Amplify+1"],"picked":"Electrodynamics","floor":33},{"not_picked":["Conserve Battery+1","Sweeping Beam+1"],"picked":"Hello World","floor":35},{"not_picked":["Go for the Eyes","Reinforced Body+1"],"picked":"BootSequence+1","floor":36},{"not_picked":["Steam+1","Go for the Eyes+1"],"picked":"Hologram+1","floor":40},{"not_picked":["Genetic Algorithm+1","Reprogram+1"],"picked":"Compile Driver+1","floor":42},{"not_picked":["Compile Driver","Barrage+1","Ball Lightning+1"],"picked":"Singing Bowl","floor":44},{"not_picked":["BootSequence+1","Ball Lightning","Chaos+1"],"picked":"Singing Bowl","floor":46},{"not_picked":["Sweeping Beam","Reprogram+1"],"picked":"Glacier+1","floor":48},{"not_picked":["Coolheaded+1","Skim+1"],"picked":"Gash","floor":54}],"player_experience":5394073,"relics_obtained":[{"floor":6,"key":"Orichalcum"},{"floor":7,"key":"Bottled Lightning"},{"floor":9,"key":"Bottled Tornado"},{"floor":10,"key":"StoneCalendar"},{"floor":21,"key":"Red Mask"},{"floor":23,"key":"Bag of Marbles"},{"floor":23,"key":"MawBank"},{"floor":25,"key":"Regal Pillow"},{"floor":25,"key":"Pen Nib"},{"floor":26,"key":"Toxic Egg 2"},{"floor":27,"key":"DataDisk"},{"floor":31,"key":"Dodecahedron"},{"floor":31,"key":"Happy Flower"},{"floor":40,"key":"Singing Bowl"},{"floor":40,"key":"Darkstone Periapt"},{"floor":46,"key":"Art of War"},{"floor":46,"key":"Turnip"},{"floor":48,"key":"Dead Branch"},{"floor":48,"key":"Thread and Needle"},{"floor":54,"key":"Pear"},{"floor":54,"key":"War Paint"}],"event_choices":[{"damage_healed":0,"gold_gain":30,"player_choice":"Searched \u00273\u0027 times","damage_taken":0,"max_hp_gain":0,"max_hp_loss":0,"event_name":"Dead Adventurer","floor":7,"gold_loss":0},{"damage_healed":0,"gold_gain":0,"player_choice":"Trade","damage_taken":0,"relics_obtained":["GremlinMask"],"max_hp_gain":0,"max_hp_loss":0,"event_name":"FaceTrader","floor":12,"gold_loss":0},{"damage_healed":0,"gold_gain":0,"player_choice":"Success","damage_taken":3,"relics_obtained":["Dream Catcher"],"max_hp_gain":0,"max_hp_loss":0,"event_name":"Scrap Ooze","floor":14,"gold_loss":0},{"damage_healed":0,"gold_gain":0,"cards_transformed":["Strike_B","Strike_B"],"player_choice":"Became Test Subject","damage_taken":0,"max_hp_gain":0,"max_hp_loss":0,"event_name":"Drug Dealer","floor":20,"gold_loss":0,"cards_obtained":["Electrodynamics","Conserve Battery"]},{"damage_healed":0,"gold_gain":0,"player_choice":"Fought Bandits","damage_taken":0,"max_hp_gain":0,"max_hp_loss":0,"event_name":"Masked Bandits","floor":21,"gold_loss":0},{"cards_removed":["Defend_B"],"damage_healed":0,"gold_gain":0,"player_choice":"Upgrade and Remove","damage_taken":0,"max_hp_gain":0,"max_hp_loss":0,"event_name":"Designer","floor":37,"gold_loss":90,"cards_upgraded":["Defend_B"]},{"damage_healed":0,"gold_gain":0,"player_choice":"Gave Potion","damage_taken":0,"relics_obtained":["Mummified Hand"],"max_hp_gain":0,"max_hp_loss":0,"event_name":"WeMeetAgain","floor":39,"gold_loss":0}],"is_beta":true,"boss_relics":[{"not_picked":["Lizard Tail","Tiny House"],"picked":"Black Star"},{"not_picked":["Orrery","FrozenCore"],"picked":"Philosopher\u0027s Stone"}],"items_purged_floors":[19,38],"is_endless":false,"potions_floor_spawned":[1,5,6,16,21,23,28,29,31,33,44,46],"ascension_level":1}