{"gold_per_floor":[117,117,135,154,179,179,213,213,213,213,226,261,261,273,273,345,345,365,365,13,13,13,13,13],"floor_reached":24,"playtime":1885,"items_purged":["Strike_B"],"score":404,"play_id":"1b1ff409-3bb4-453c-afd1-612264590a66","local_time":"20190111124803","is_ascension_mode":true,"campfire_choices":[{"data":"Zap","floor":6,"key":"SMITH"},{"floor":10,"key":"REST"},{"floor":15,"key":"REST"},{"data":"Seek","floor":23,"key":"SMITH"}],"neow_cost":"NONE","seed_source_timestamp":101002435585843,"circlet_count":0,"master_deck":["AscendersBane","Strike_B","Strike_B","Defend_B","Defend_B","Defend_B","Defend_B","Zap+1","Dualcast","Compile Driver","Glacier","Cold Snap","Conserve Battery","Undo","Seek+1","Compile Driver","Creative AI","Coolheaded","RitualDagger"],"relics":["Cracked Core","Regal Pillow","Blue Candle","Bronze Scales","Oddly Smooth Stone","Sozu","Meat on the Bone"],"potions_floor_usage":[16,24],"damage_taken":[{"damage":1,"enemies":"Small Slimes","floor":1,"turns":4},{"damage":2,"enemies":"Jaw Worm","floor":3,"turns":3},{"damage":5,"enemies":"2 Louse","floor":4,"turns":3},{"damage":29,"enemies":"3 Sentries","floor":7,"turns":14},{"damage":4,"enemies":"Large Slime","floor":11,"turns":7},{"damage":17,"enemies":"Lagavulin","floor":12,"turns":10},{"damage":0,"enemies":"Blue Slaver","floor":14,"turns":4},{"damage":30,"enemies":"Slime Boss","floor":16,"turns":11},{"damage":9,"enemies":"Shell Parasite","floor":18,"turns":6},{"damage":15,"enemies":"Colosseum Slavers","floor":22,"turns":6},{"damage":68,"enemies":"Gremlin Leader","floor":24,"turns":7}],"seed_played":"6701457648245702706","potions_obtained":[{"floor":4,"key":"Strength Potion"},{"floor":7,"key":"Fire Potion"},{"floor":12,"key":"EssenceOfSteel"}],"is_trial":false,"path_per_floor":["M","?","M","M","T","R","E","?","T","R","M","E","?","M","R","B",null,"M","?","$","?","?","R","E"],"character_chosen":"DEFECT","items_purchased":["Meat on the Bone"],"campfire_rested":2,"item_purchase_floors":[20],"current_hp_per_floor":[70,70,68,63,63,63,34,16,16,54,50,33,26,26,64,34,67,58,58,58,52,49,49,0],"gold":13,"neow_bonus":"TEN_PERCENT_HP_BONUS","is_prod":false,"is_daily":false,"chose_seed":false,"campfire_upgraded":2,"win_rate":0,"timestamp":1547228883,"path_taken":["M","?","M","M","?","R","E","?","T","R","?","E","?","M","R","BOSS","M","?","$","?","?","R","E"],"build_version":"2019-01-10","purchased_purges":1,"victory":false,"max_hp_per_floor":[78,78,78,78,78,78,78,78,78,78,78,78,78,78,78,78,78,78,78,78,78,78,78,78],"card_choices":[{"not_picked":["Hologram","Tempest"],"picked":"Compile Driver","floor":1},{"not_picked":["Stack","Turbo"],"picked":"Glacier","floor":3},{"not_picked":["Turbo","Go for the Eyes"],"picked":"Cold Snap","floor":4},{"not_picked":["Rebound","Heatsinks"],"picked":"Conserve Battery","floor":7},{"not_picked":["Coolheaded","Stack"],"picked":"Undo","floor":11},{"not_picked":["Stack","Beam Cell"],"picked":"Seek","floor":12},{"not_picked":["Double Energy","White Noise"],"picked":"Compile Driver","floor":14},{"not_picked":["Buffer","Seek"],"picked":"Creative AI","floor":16},{"not_picked":["Streamline","Hologram"],"picked":"Coolheaded","floor":18}],"player_experience":1095305,"relics_obtained":[{"floor":5,"key":"Regal Pillow"},{"floor":7,"key":"Blue Candle"},{"floor":12,"key":"Oddly Smooth Stone"}],"event_choices":[{"damage_healed":0,"gold_gain":0,"player_choice":"Ignored","damage_taken":0,"max_hp_gain":0,"max_hp_loss":0,"event_name":"Liars Game","floor":2,"gold_loss":0},{"damage_healed":0,"gold_gain":0,"player_choice":"Success","damage_taken":18,"relics_obtained":["Bronze Scales"],"max_hp_gain":0,"max_hp_loss":0,"event_name":"Scrap Ooze","floor":8,"gold_loss":0},{"cards_removed":["Strike_B"],"damage_healed":0,"gold_gain":0,"player_choice":"Card Removal","damage_taken":7,"max_hp_gain":0,"max_hp_loss":0,"event_name":"Golden Wing","floor":13,"gold_loss":0},{"damage_healed":0,"gold_gain":0,"player_choice":"Ignored","damage_taken":0,"max_hp_gain":0,"max_hp_loss":0,"event_name":"Vampires","floor":19,"gold_loss":0},{"damage_healed":0,"gold_gain":0,"player_choice":"Joined the Cult","damage_taken":6,"max_hp_gain":0,"max_hp_loss":0,"event_name":"Nest","floor":21,"gold_loss":0,"cards_obtained":["RitualDagger"]},{"damage_healed":0,"gold_gain":0,"player_choice":"Fight","damage_taken":0,"max_hp_gain":0,"max_hp_loss":0,"event_name":"Colosseum","floor":22,"gold_loss":0},{"damage_healed":0,"gold_gain":0,"player_choice":"Fled From Nobs","damage_taken":0,"max_hp_gain":0,"max_hp_loss":0,"event_name":"Colosseum","floor":22,"gold_loss":0}],"is_beta":true,"boss_relics":[{"not_picked":["Eternal Feather","Lizard Tail"],"picked":"Sozu"}],"items_purged_floors":[20],"is_endless":false,"potions_floor_spawned":[4,7,12,14],"killed_by":"Gremlin Leader","ascension_level":20}