{"gold_per_floor":[113,113,131,150,38,73,73,405,405,374,390,490,509,523,523,624,624,644,644,609,619,216,250,250,283,283,293,320,335,335,335,335,435,435,445,461,11,0,0,0,15,46,70,86,86,186,119,129,129,129],"floor_reached":51,"playtime":2353,"items_purged":["Strike_B","Defend_B"],"score":1022,"play_id":"ea8c9b52-a73a-4b75-96ca-b592ad96e41d","local_time":"20190330003928","is_ascension_mode":false,"campfire_choices":[{"data":"Loop","floor":7,"key":"SMITH"},{"data":"Zap","floor":15,"key":"SMITH"},{"data":"White Noise","floor":24,"key":"SMITH"},{"data":"Seek","floor":30,"key":"SMITH"},{"data":"Coolheaded","floor":32,"key":"SMITH"},{"data":"Beam Cell","floor":40,"key":"SMITH"},{"data":"Sweeping Beam","floor":45,"key":"SMITH"},{"data":"Ball Lightning","floor":49,"key":"SMITH"}],"neow_cost":"NONE","seed_source_timestamp":742138648352833,"circlet_count":0,"master_deck":["Strike_B","Strike_B+1","Defend_B+1","Defend_B","Defend_B","Zap+1","Dualcast","Genetic Algorithm","Compile Driver","Cold Snap","Beam Cell+1","Loop+1","White Noise+1","Seek+1","Loop+1","Self Repair+1","Buffer+1","FTL+1","Coolheaded+1","Sweeping Beam+1","Storm+1","Ball Lightning+1","Heatsinks+1","Biased Cognition+1","Recycle+1","Coolheaded+1","Double Energy+1","Defragment+1","Defragment+1"],"relics":["Cracked Core","Omamori","Old Coin","Frozen Egg 2","Runic Pyramid","PreservedInsect","Lantern","Bottled Tornado","Calipers","Mummified Hand","Ice Cream","Boot","Cursed Key","Sundial","DollysMirror","Red Mask","Cables","StoneCalendar"],"potions_floor_usage":[13,16,16,33,33,35,50,50],"damage_taken":[{"damage":6,"enemies":"2 Louse","floor":1,"turns":3},{"damage":2,"enemies":"Small Slimes","floor":3,"turns":3},{"damage":0,"enemies":"Cultist","floor":4,"turns":4},{"damage":18,"enemies":"Gremlin Nob","floor":6,"turns":5},{"damage":15,"enemies":"3 Sentries","floor":8,"turns":7},{"damage":0,"enemies":"Looter","floor":11,"turns":4},{"damage":1,"enemies":"3 Louse","floor":13,"turns":4},{"damage":2,"enemies":"2 Fungi Beasts","floor":14,"turns":4},{"damage":0,"enemies":"Slime Boss","floor":16,"turns":5},{"damage":0,"enemies":"Spheric Guardian","floor":18,"turns":4},{"damage":20,"enemies":"2 Thieves","floor":20,"turns":5},{"damage":0,"enemies":"Cultist and Chosen","floor":21,"turns":7},{"damage":13,"enemies":"Gremlin Leader","floor":23,"turns":8},{"damage":7,"enemies":"Book of Stabbing","floor":25,"turns":4},{"damage":0,"enemies":"Snake Plant","floor":27,"turns":5},{"damage":0,"enemies":"Gremlin Leader","floor":28,"turns":4},{"damage":0,"enemies":"Snecko","floor":29,"turns":4},{"damage":0,"enemies":"Automaton","floor":33,"turns":8},{"damage":0,"enemies":"3 Shapes","floor":35,"turns":3},{"damage":0,"enemies":"3 Darklings","floor":36,"turns":3},{"damage":0,"enemies":"Spire Growth","floor":41,"turns":3},{"damage":0,"enemies":"Reptomancer","floor":42,"turns":2},{"damage":0,"enemies":"Writhing Mass","floor":44,"turns":2},{"damage":0,"enemies":"Mind Bloom Boss Battle","floor":46,"turns":2},{"damage":0,"enemies":"Maw","floor":48,"turns":3},{"damage":0,"enemies":"Time Eater","floor":50,"turns":5}],"seed_played":"-6286827408261874162","potions_obtained":[{"floor":4,"key":"SteroidPotion"},{"floor":8,"key":"GamblersBrew"},{"floor":11,"key":"Block Potion"},{"floor":13,"key":"Ancient Potion"},{"floor":23,"key":"Poison Potion"},{"floor":27,"key":"EssenceOfSteel"},{"floor":29,"key":"EssenceOfSteel"},{"floor":33,"key":"Weak Potion"},{"floor":35,"key":"AttackPotion"},{"floor":36,"key":"Block Potion"}],"is_trial":false,"path_per_floor":["M","?","M","M","$","E","R","E","T","?","M","?","M","M","R","B",null,"M","?","M","M","$","E","R","E","T","M","E","M","R","?","R","B",null,"M","M","$","?","?","R","M","E","T","M","R","?","$","M","R","B",null],"character_chosen":"DEFECT","items_purchased":["Loop","PreservedInsect","Lantern","Sundial","DollysMirror","Defragment+1"],"campfire_rested":0,"item_purchase_floors":[5,22,22,37,37,47],"current_hp_per_floor":[69,54,52,52,52,34,34,19,19,19,19,19,18,26,26,26,75,75,75,65,75,75,72,72,75,75,75,75,75,75,75,75,75,75,75,75,75,75,71,71,71,71,71,71,71,71,71,71,71,71],"gold":129,"neow_bonus":"TRANSFORM_CARD","is_prod":false,"is_daily":false,"chose_seed":false,"campfire_upgraded":8,"win_rate":0,"timestamp":1553906368,"path_taken":["M","?","M","M","$","E","R","E","T","?","M","?","?","M","R","BOSS","M","?","M","M","$","E","R","E","T","M","E","M","R","?","R","BOSS","M","M","$","?","?","R","M","E","T","M","R","?","$","M","R","BOSS"],"build_version":"2019-03-15","purchased_purges":2,"victory":true,"max_hp_per_floor":[75,75,75,75,75,75,75,75,75,75,75,75,75,75,75,75,75,75,75,75,75,75,75,75,75,75,75,75,75,75,75,75,75,75,75,75,75,75,71,71,71,71,71,71,71,71,71,71,71,71],"card_choices":[{"not_picked":["Go for the Eyes","Coolheaded"],"picked":"Compile Driver","floor":1},{"not_picked":["Rebound","Stack"],"picked":"Cold Snap","floor":3},{"not_picked":["Amplify","Auto Shields"],"picked":"Beam Cell","floor":4},{"not_picked":["Recycle","Redo"],"picked":"White Noise","floor":6},{"not_picked":["Stack","Gash"],"picked":"Seek","floor":8},{"not_picked":["Steam","Stack"],"picked":"Loop+1","floor":11},{"not_picked":["FTL","Melter"],"picked":"Self Repair+1","floor":13},{"not_picked":["Reprogram","Reboot","Blizzard"],"picked":"SKIP","floor":14},{"not_picked":["Reboot","Hyperbeam"],"picked":"Buffer+1","floor":16},{"not_picked":["Undo","Cold Snap","Hello World+1"],"picked":"SKIP","floor":18},{"not_picked":["Coolheaded","Undo"],"picked":"FTL+1","floor":20},{"not_picked":["Gash","Rebound"],"picked":"Coolheaded","floor":21},{"not_picked":["Chaos","Cold Snap"],"picked":"Sweeping Beam","floor":23},{"not_picked":["Force Field","Loop+1","Genetic Algorithm"],"picked":"SKIP","floor":25},{"not_picked":["Redo","Capacitor+1"],"picked":"Storm+1","floor":27},{"not_picked":["Rip and Tear","Turbo+1"],"picked":"Ball Lightning","floor":28},{"not_picked":["Stack+1","Coolheaded"],"picked":"Heatsinks+1","floor":29},{"not_picked":["Machine Learning+1","All For One"],"picked":"Biased Cognition+1","floor":33},{"not_picked":["Sweeping Beam","Streamline"],"picked":"Recycle+1","floor":35},{"not_picked":["Tempest","Conserve Battery","Self Repair+1"],"picked":"SKIP","floor":36},{"not_picked":["Barrage","Doom and Gloom","Hello World+1"],"picked":"SKIP","floor":41},{"not_picked":["Buffer+1","Redo+1","Conserve Battery"],"picked":"SKIP","floor":42},{"not_picked":["Streamline","Sweeping Beam"],"picked":"Double Energy+1","floor":44},{"not_picked":["Reprogram","Go for the Eyes+1"],"picked":"Defragment+1","floor":48}],"player_experience":1184954,"relics_obtained":[{"floor":6,"key":"Omamori"},{"floor":8,"key":"Old Coin"},{"floor":9,"key":"Frozen Egg 2"},{"floor":23,"key":"Bottled Tornado"},{"floor":25,"key":"Calipers"},{"floor":26,"key":"Mummified Hand"},{"floor":28,"key":"Ice Cream"},{"floor":42,"key":"Cables"},{"floor":46,"key":"StoneCalendar"}],"event_choices":[{"damage_healed":0,"gold_gain":0,"player_choice":"Entered Light","damage_taken":15,"max_hp_gain":0,"max_hp_loss":0,"event_name":"Shining Light","floor":2,"gold_loss":0,"cards_upgraded":["Strike_B","Defend_B"]},{"damage_healed":0,"gold_gain":0,"player_choice":"Left Gold","damage_taken":0,"max_hp_gain":0,"max_hp_loss":0,"event_name":"World of Goop","floor":10,"gold_loss":31},{"damage_healed":0,"gold_gain":100,"player_choice":"Pray","damage_taken":0,"max_hp_gain":0,"max_hp_loss":0,"event_name":"Golden Shrine","floor":12,"gold_loss":0},{"damage_healed":0,"gold_gain":0,"player_choice":"Smashed Altar","damage_taken":0,"max_hp_gain":0,"max_hp_loss":0,"event_name":"Forgotten Altar","floor":19,"gold_loss":0,"cards_obtained":["Decay"]},{"damage_healed":0,"gold_gain":0,"player_choice":"Opened","damage_taken":0,"relics_obtained":["Boot"],"max_hp_gain":0,"max_hp_loss":0,"event_name":"The Mausoleum","floor":31,"gold_loss":0},{"damage_healed":0,"gold_gain":0,"player_choice":"Paid","damage_taken":0,"relics_obtained":["Red Mask"],"max_hp_gain":0,"max_hp_loss":0,"event_name":"Tomb of Lord Red Mask","floor":38,"gold_loss":11},{"damage_healed":0,"gold_gain":0,"player_choice":"Max HP","damage_taken":0,"max_hp_gain":0,"max_hp_loss":4,"event_name":"Winding Halls","floor":39,"gold_loss":0},{"damage_healed":0,"gold_gain":0,"player_choice":"Fight","damage_taken":0,"max_hp_gain":0,"max_hp_loss":0,"event_name":"MindBloom","floor":46,"gold_loss":0}],"is_beta":true,"boss_relics":[{"not_picked":["Ectoplasm","Orrery"],"picked":"Runic Pyramid"},{"not_picked":["White Beast Statue","Empty Cage"],"picked":"Cursed Key"}],"items_purged_floors":[5,22],"is_endless":false,"potions_floor_spawned":[4,8,11,13,23,27,28,29,33,35,36,44],"ascension_level":0}