{"gold_per_floor":[118,118,130,80,93,93,124,138,138,170,120,131,131,131,131,235,235,255,154,154,9,26,26,38,38],"floor_reached":25,"playtime":1458,"items_purged":["Pain","Strike_B","Defend_B"],"score":306,"play_id":"299020b7-cb7c-41b3-802c-2f4a0d9cc050","local_time":"20190302232921","is_ascension_mode":true,"campfire_choices":[{"data":"Auto Shields","floor":6,"key":"SMITH"},{"data":"Self Repair","floor":13,"key":"SMITH"},{"floor":15,"key":"RECALL"},{"data":"Multi-Cast","floor":23,"key":"SMITH"}],"neow_cost":"NONE","seed_source_timestamp":1417088078253224,"circlet_count":0,"master_deck":["Strike_B","Strike_B","Defend_B","Defend_B","Defend_B","Zap","Dualcast","Coolheaded","Auto Shields+1","Double Energy","Conserve Battery","Self Repair+1","Sweeping Beam","Conserve Battery","Multi-Cast+1","Streamline","Streamline","Capacitor+1","Capacitor"],"relics":["Cracked Core","Smiling Mask","WarpedTongs","PreservedInsect","Meat on the Bone","Calipers","Nuclear Battery","DataDisk"],"potions_floor_usage":[7,10,18,22,24],"damage_taken":[{"damage":8,"enemies":"Small Slimes","floor":1,"turns":3},{"damage":6,"enemies":"Cultist","floor":3,"turns":4},{"damage":5,"enemies":"2 Louse","floor":5,"turns":2},{"damage":12,"enemies":"Lagavulin","floor":7,"turns":8},{"damage":9,"enemies":"Large Slime","floor":8,"turns":5},{"damage":8,"enemies":"Gremlin Nob","floor":10,"turns":4},{"damage":0,"enemies":"Exordium Wildlife","floor":12,"turns":2},{"damage":13,"enemies":"The Guardian","floor":16,"turns":16},{"damage":20,"enemies":"3 Byrds","floor":18,"turns":8},{"damage":0,"enemies":"Spheric Guardian","floor":22,"turns":3},{"damage":18,"enemies":"Centurion and Healer","floor":24,"turns":10},{"damage":64,"enemies":"Gremlin Leader","floor":25,"turns":6}],"seed_played":"8583536463889748921","potions_obtained":[{"floor":3,"key":"EssenceOfSteel"},{"floor":7,"key":"Weak Potion"},{"floor":8,"key":"Weak Potion"},{"floor":10,"key":"PowerPotion"},{"floor":16,"key":"SneckoOil"}],"is_trial":false,"path_per_floor":["M","?","M","$","M","R","E","M","T","E","$","M","R","?","R","B",null,"M","$","?","$","M","R","M","E"],"character_chosen":"DEFECT","items_purchased":["Streamline","DataDisk"],"campfire_rested":0,"item_purchase_floors":[19,21],"current_hp_per_floor":[60,60,54,54,49,49,37,28,28,39,39,39,39,32,32,41,67,57,57,43,43,53,53,57,0],"gold":38,"neow_bonus":"RANDOM_COMMON_RELIC","is_prod":false,"is_daily":false,"chose_seed":false,"campfire_upgraded":3,"win_rate":0,"timestamp":1551580161,"path_taken":["M","?","?","$","M","R","E","M","T","E","$","M","R","?","R","BOSS","M","$","?","$","M","R","M","E"],"build_version":"2019-01-23","purchased_purges":3,"victory":false,"max_hp_per_floor":[75,75,75,75,75,75,75,75,75,75,75,75,75,75,75,75,75,75,75,80,80,80,80,80,80],"card_choices":[{"not_picked":["Compile Driver","Stack"],"picked":"Coolheaded","floor":1},{"not_picked":["Turbo","Rebound"],"picked":"Auto Shields","floor":3},{"not_picked":["Leap","Melter"],"picked":"Double Energy","floor":5},{"not_picked":["Gash","Thunder Strike"],"picked":"Conserve Battery","floor":7},{"not_picked":["Cold Snap","Sweeping Beam"],"picked":"Self Repair","floor":8},{"not_picked":["Compile Driver","Barrage"],"picked":"Sweeping Beam","floor":10},{"not_picked":["Hello World","Ball Lightning"],"picked":"Conserve Battery","floor":12},{"not_picked":["Biased Cognition","All For One"],"picked":"Multi-Cast","floor":16},{"not_picked":["Fusion","Static Discharge+1"],"picked":"Streamline","floor":18},{"not_picked":["Rebound","Auto Shields+1"],"picked":"Capacitor+1","floor":22},{"not_picked":["Scrape","Barrage"],"picked":"Capacitor","floor":24}],"player_experience":874973,"relics_obtained":[{"floor":7,"key":"PreservedInsect"},{"floor":9,"key":"Meat on the Bone"},{"floor":10,"key":"Calipers"}],"event_choices":[{"damage_healed":0,"gold_gain":0,"player_choice":"Rummage","damage_taken":0,"relics_obtained":["WarpedTongs"],"max_hp_gain":0,"max_hp_loss":0,"event_name":"Accursed Blacksmith","floor":2,"gold_loss":0,"cards_obtained":["Pain"]},{"cards_removed":["Strike_B"],"damage_healed":0,"gold_gain":0,"player_choice":"Card Removal","damage_taken":7,"max_hp_gain":0,"max_hp_loss":0,"event_name":"Golden Wing","floor":14,"gold_loss":0},{"damage_healed":0,"gold_gain":0,"player_choice":"Shed Blood","damage_taken":19,"max_hp_gain":5,"max_hp_loss":0,"event_name":"Forgotten Altar","floor":20,"gold_loss":0}],"is_beta":false,"boss_relics":[{"not_picked":["Coffee Dripper","Orrery"],"picked":"Nuclear Battery"}],"items_purged_floors":[4,11,19],"is_endless":false,"potions_floor_spawned":[3,7,8,10,16],"killed_by":"Gremlin Leader","ascension_level":9}