{"gold_per_floor":[116,116,129,204,223,223,251,251,251,267,292,292,368,383,383,483,483,502,502,1,38,94,94,189,189,216,247,280,328,379,409,409,507,507,596,638,699,744,782,836,836,868,868,957,295,295,295,347,347,372,372,372,47,97,97],"floor_reached":56,"playtime":4696,"items_purged":["Strike_B","Strike_B"],"score":1641,"play_id":"fb33c638-98b1-4599-a6e6-797c2379a816","local_time":"20190415060412","is_ascension_mode":true,"campfire_choices":[{"data":"Machine Learning","floor":6,"key":"SMITH"},{"data":"Zap","floor":8,"key":"SMITH"},{"data":"Echo Form","floor":12,"key":"SMITH"},{"data":"Dualcast","floor":15,"key":"SMITH"},{"data":"Defragment","floor":23,"key":"SMITH"},{"floor":25,"key":"REST"},{"data":"HandOfGreed","floor":32,"key":"SMITH"},{"floor":41,"key":"RECALL"},{"data":"Capacitor","floor":47,"key":"SMITH"},{"data":"Echo Form","floor":49,"key":"SMITH"},{"data":"Coolheaded","floor":52,"key":"SMITH"}],"neow_cost":"TEN_PERCENT_HP_LOSS","seed_source_timestamp":2974109444794405,"circlet_count":0,"master_deck":["Strike_B+1","Strike_B+1","Defend_B","Defend_B","Defend_B+1","Defend_B","Zap+1","Dualcast+1","Machine Learning+1","Melter","Glacier","Cold Snap","Compile Driver","Ball Lightning","Echo Form+1","Gash","Seek","Stack+1","Defragment+1","HandOfGreed+1","Glacier","BootSequence","Beam Cell+1","Hologram","Conserve Battery","Self Repair","Undo","Turbo+1","Capacitor+1","Conserve Battery+1","Creative AI","Sunder+1","Reinforced Body+1","Reinforced Body+1","Echo Form+1","Coolheaded+1","Panache","HandOfGreed","Undo+1","Doom and Gloom+1","Coolheaded+1"],"relics":["Cracked Core","Nunchaku","Letter Opener","Meat on the Bone","Snecko Eye","Blue Candle","Bottled Tornado","Bronze Scales","Boot","Peace Pipe","DataDisk","Pantograph","Coffee Dripper","Whetstone","Ancient Tea Set","Bottled Flame","Chemical X","Molten Egg 2","Lantern","Oddly Smooth Stone"],"potions_floor_usage":[16,18,29,33,55,55],"damage_taken":[{"damage":0,"enemies":"Small Slimes","floor":1,"turns":2},{"damage":0,"enemies":"2 Louse","floor":3,"turns":2},{"damage":3,"enemies":"Jaw Worm","floor":5,"turns":3},{"damage":7,"enemies":"3 Sentries","floor":7,"turns":13},{"damage":8,"enemies":"Gremlin Gang","floor":10,"turns":4},{"damage":2,"enemies":"Lagavulin","floor":11,"turns":6},{"damage":13,"enemies":"Red Slaver","floor":14,"turns":3},{"damage":0,"enemies":"The Guardian","floor":16,"turns":10},{"damage":7,"enemies":"3 Byrds","floor":18,"turns":5},{"damage":12,"enemies":"2 Thieves","floor":21,"turns":4},{"damage":2,"enemies":"Cultist and Chosen","floor":22,"turns":7},{"damage":22,"enemies":"Slavers","floor":24,"turns":9},{"damage":8,"enemies":"Book of Stabbing","floor":27,"turns":5},{"damage":8,"enemies":"Snake Plant","floor":28,"turns":5},{"damage":0,"enemies":"Gremlin Leader","floor":29,"turns":6},{"damage":0,"enemies":"Centurion and Healer","floor":30,"turns":7},{"damage":0,"enemies":"Book of Stabbing","floor":31,"turns":6},{"damage":0,"enemies":"Automaton","floor":33,"turns":10},{"damage":0,"enemies":"3 Shapes","floor":35,"turns":10},{"damage":0,"enemies":"Orb Walker","floor":36,"turns":4},{"damage":11,"enemies":"Jaw Worm Horde","floor":37,"turns":6},{"damage":0,"enemies":"3 Darklings","floor":38,"turns":7},{"damage":0,"enemies":"Spire Growth","floor":39,"turns":6},{"damage":8,"enemies":"Nemesis","floor":40,"turns":8},{"damage":18,"enemies":"Reptomancer","floor":42,"turns":4},{"damage":5,"enemies":"4 Shapes","floor":44,"turns":17},{"damage":45,"enemies":"Nemesis","floor":48,"turns":7},{"damage":0,"enemies":"Donu and Deca","floor":50,"turns":12},{"damage":0,"enemies":"Shield and Spear","floor":54,"turns":5},{"damage":8,"enemies":"The Heart","floor":55,"turns":10}],"seed_played":"6229126224395902283","potions_obtained":[{"floor":3,"key":"FocusPotion"},{"floor":10,"key":"Ancient Potion"},{"floor":14,"key":"Energy Potion"},{"floor":16,"key":"Energy Potion"},{"floor":22,"key":"LiquidBronze"},{"floor":24,"key":"Explosive Potion"},{"floor":30,"key":"FearPotion"},{"floor":35,"key":"Fire Potion"},{"floor":40,"key":"Regen Potion"}],"is_trial":false,"path_per_floor":["M","?","M","?","M","R","E","R","T","M","E","R","T","M","R","B",null,"M","T","$","M","M","R","E","R","T","E","M","E","M","E","R","B",null,"M","M","M","M","M","E","R","E","T","M","$","?","R","E","R","B",null,"R","$","E","B",null],"character_chosen":"DEFECT","items_purchased":["Bottled Tornado","Defragment","HandOfGreed","Echo Form","Chemical X","Coolheaded","Panache","Lantern","Doom and Gloom+1"],"campfire_rested":1,"item_purchase_floors":[20,20,20,45,45,45,45,53,53],"current_hp_per_floor":[68,54,54,43,40,40,33,33,33,25,23,23,23,22,22,34,68,61,61,61,49,47,47,37,57,57,49,41,41,55,68,68,68,68,68,68,68,68,68,68,68,50,50,59,59,49,49,30,30,62,68,68,68,68,67],"gold":97,"neow_bonus":"THREE_RARE_CARDS","is_prod":false,"is_daily":false,"chose_seed":false,"campfire_upgraded":9,"win_rate":0,"timestamp":1555322652,"path_taken":["M","?","M","?","M","R","E","R","T","M","E","R","?","?","R","BOSS","M","?","$","M","M","R","E","R","T","E","M","E","M","E","R","BOSS","M","M","M","M","M","E","R","E","T","M","?","?","R","E","R","BOSS","R","$","E","BOSS"],"build_version":"2019-04-04","purchased_purges":2,"victory":true,"max_hp_per_floor":[68,68,68,68,68,68,68,68,68,68,68,68,68,68,68,68,68,68,68,68,68,68,68,68,68,68,68,68,68,68,68,68,68,68,68,68,68,68,68,68,68,68,68,68,68,68,68,68,68,68,68,68,68,68,68],"card_choices":[{"not_picked":["Fission","Meteor Strike"],"picked":"Machine Learning","floor":0},{"not_picked":["Barrage","Gash"],"picked":"Melter","floor":1},{"not_picked":["Chaos","Compile Driver"],"picked":"Glacier","floor":3},{"not_picked":["Genetic Algorithm","Storm"],"picked":"Cold Snap","floor":5},{"not_picked":["Hello World","Skim"],"picked":"Compile Driver","floor":7},{"not_picked":["Redo","Steam"],"picked":"Ball Lightning","floor":10},{"not_picked":["Recycle","Static Discharge"],"picked":"Echo Form","floor":11},{"not_picked":["Conserve Battery","Beam Cell"],"picked":"Gash","floor":14},{"not_picked":["Reboot","Multi-Cast"],"picked":"Seek","floor":16},{"not_picked":["Go for the Eyes","Skim+1"],"picked":"Stack+1","floor":18},{"not_picked":["Turbo","Barrage"],"picked":"Glacier","floor":21},{"not_picked":["Streamline","Hologram"],"picked":"BootSequence","floor":22},{"not_picked":["Cold Snap","Go for the Eyes"],"picked":"Beam Cell+1","floor":24},{"not_picked":["Turbo","Rebound"],"picked":"Hologram","floor":27},{"not_picked":["Reboot","Genetic Algorithm"],"picked":"Conserve Battery","floor":28},{"not_picked":["Ball Lightning","Reboot"],"picked":"Self Repair","floor":29},{"not_picked":["Conserve Battery","Hologram+1"],"picked":"Undo","floor":30},{"not_picked":["Ball Lightning","Steam Power","Aggregate"],"picked":"SKIP","floor":31},{"not_picked":["Aggregate","Redo","Rebound+1"],"picked":"SKIP","floor":35},{"not_picked":["Go for the Eyes","Conserve Battery"],"picked":"Turbo+1","floor":36},{"not_picked":["Conserve Battery+1","Stack"],"picked":"Capacitor","floor":37},{"not_picked":["Beam Cell+1","Self Repair+1"],"picked":"Conserve Battery+1","floor":38},{"not_picked":["Coolheaded","Conserve Battery"],"picked":"Creative AI","floor":39},{"not_picked":["Melter","Fission"],"picked":"Sunder","floor":40},{"not_picked":["Sweeping Beam","Streamline+1"],"picked":"Reinforced Body+1","floor":42},{"not_picked":["Coolheaded","Compile Driver+1"],"picked":"Reinforced Body+1","floor":44},{"not_picked":["Deep Breath","Violence"],"picked":"HandOfGreed","floor":46},{"not_picked":["Capacitor+1","BootSequence+1"],"picked":"Undo+1","floor":48},{"not_picked":["Reprogram","Self Repair+1"],"picked":"Coolheaded+1","floor":54}],"player_experience":5334049,"relics_obtained":[{"floor":7,"key":"Nunchaku"},{"floor":11,"key":"Letter Opener"},{"floor":13,"key":"Meat on the Bone"},{"floor":19,"key":"Blue Candle"},{"floor":24,"key":"Bronze Scales"},{"floor":26,"key":"Boot"},{"floor":27,"key":"Peace Pipe"},{"floor":29,"key":"DataDisk"},{"floor":31,"key":"Pantograph"},{"floor":40,"key":"Whetstone"},{"floor":42,"key":"Ancient Tea Set"},{"floor":43,"key":"Bottled Flame"},{"floor":48,"key":"Molten Egg 2"},{"floor":54,"key":"Oddly Smooth Stone"}],"event_choices":[{"damage_healed":0,"gold_gain":0,"player_choice":"Entered Light","damage_taken":14,"max_hp_gain":0,"max_hp_loss":0,"event_name":"Shining Light","floor":2,"gold_loss":0,"cards_upgraded":["Defend_B","Strike_B"]},{"damage_healed":0,"gold_gain":75,"player_choice":"Gather Gold","damage_taken":11,"max_hp_gain":0,"max_hp_loss":0,"event_name":"World of Goop","floor":4,"gold_loss":0},{"damage_healed":0,"gold_gain":0,"player_choice":"Memory 3","damage_taken":10,"max_hp_gain":0,"max_hp_loss":0,"event_name":"SensoryStone","floor":46,"gold_loss":0}],"is_beta":true,"boss_relics":[{"not_picked":["Lizard Tail","Black Star"],"picked":"Snecko Eye"},{"not_picked":["Cursed Key","Nuclear Battery"],"picked":"Coffee Dripper"}],"items_purged_floors":[45,53],"is_endless":false,"potions_floor_spawned":[3,10,14,16,22,24,30,35,37,40,44],"ascension_level":1}