{"gold_per_floor":[365,383,383,4,15,15,40,58,58,72,72,105,180,213,225,333,345,375,387,419,360,388,400,430,470,482,494,531,543,555,595,607,723,735,760,772,800,912,924,964,976,1061,1073,1085,1127,1152,1164,1206,1218,1230,1242,1254,71,98,98],"floor_reached":56,"playtime":2951,"items_purged":["Reckless Charge+1"],"score":1592,"play_id":"dabdfd2c-3256-494f-951f-0ecde354b86f","local_time":"20190413113745","is_ascension_mode":true,"campfire_choices":[{"data":"Body Slam","floor":6,"key":"SMITH"},{"data":"Bash","floor":11,"key":"SMITH"},{"data":"Defend_R","floor":15,"key":"SMITH"},{"data":"Defend_R","floor":23,"key":"SMITH"},{"data":"Defend_R","floor":27,"key":"SMITH"},{"floor":32,"key":"REST"},{"floor":41,"key":"REST"},{"floor":49,"key":"RECALL"},{"data":"Demon Form","floor":52,"key":"SMITH"}],"neow_cost":"PERCENT_DAMAGE","seed_source_timestamp":2823045597757390,"circlet_count":0,"master_deck":["Strike_R","Strike_R+1","Strike_R+1","Defend_R+1","Defend_R+1","Defend_R+1","Defend_R","Bash+1","Shrug It Off+1","Body Slam+1","Shockwave+1","Shrug It Off+1","Disarm+1","Cleave+1","Flame Barrier+1","Entrench+1","Dropkick+1","Immolate+1","Shrug It Off+1","True Grit+1","Bludgeon+1","Seeing Red+1","Bloodletting+1","Demon Form+1","Headbutt+1","Intimidate+1","Deep Breath+1","Bandage Up+1","Mayhem","Havoc+1","Madness+1","Madness+1","Sword Boomerang+1","Iron Wave+1","Body Slam+1","Feel No Pain","Finesse+1","Fire Breathing","Barricade","Seeing Red+1","True Grit+1"],"relics":["Burning Blood","Toxic Egg 2","Molten Egg 2","Self Forming Clay","Bottled Flame","MawBank","Philosopher\u0027s Stone","Letter Opener","Unceasing Top","Pear","Boot","Ancient Tea Set","Sozu","Bird Faced Urn","Mummified Hand","The Courier","StoneCalendar","Whetstone","Vajra","Pantograph","Torii","Anchor","Bag of Marbles","Paper Frog"],"potions_floor_usage":[7,12,14,16,55,55,55],"damage_taken":[{"damage":5,"enemies":"Cultist","floor":1,"turns":4},{"damage":1,"enemies":"2 Louse","floor":2,"turns":2},{"damage":6,"enemies":"Jaw Worm","floor":5,"turns":3},{"damage":0,"enemies":"3 Sentries","floor":7,"turns":6},{"damage":24,"enemies":"Gremlin Gang","floor":8,"turns":7},{"damage":0,"enemies":"Looter","floor":10,"turns":1},{"damage":2,"enemies":"Lagavulin","floor":12,"turns":6},{"damage":11,"enemies":"Gremlin Nob","floor":14,"turns":5},{"damage":0,"enemies":"Slime Boss","floor":16,"turns":11},{"damage":11,"enemies":"Shell Parasite","floor":18,"turns":5},{"damage":1,"enemies":"Chosen","floor":20,"turns":4},{"damage":0,"enemies":"Centurion and Healer","floor":22,"turns":4},{"damage":4,"enemies":"Snecko","floor":24,"turns":3},{"damage":18,"enemies":"Book of Stabbing","floor":25,"turns":7},{"damage":5,"enemies":"Slavers","floor":28,"turns":3},{"damage":0,"enemies":"Gremlin Leader","floor":31,"turns":4},{"damage":45,"enemies":"Champ","floor":33,"turns":12},{"damage":1,"enemies":"Orb Walker","floor":35,"turns":3},{"damage":3,"enemies":"3 Darklings","floor":37,"turns":1},{"damage":21,"enemies":"Mind Bloom Boss Battle","floor":38,"turns":5},{"damage":28,"enemies":"Giant Head","floor":40,"turns":7},{"damage":12,"enemies":"Nemesis","floor":45,"turns":5},{"damage":13,"enemies":"Writhing Mass","floor":46,"turns":4},{"damage":3,"enemies":"Giant Head","floor":48,"turns":6},{"damage":48,"enemies":"Awakened One","floor":50,"turns":9},{"damage":0,"enemies":"Shield and Spear","floor":54,"turns":4},{"damage":68,"enemies":"The Heart","floor":55,"turns":11}],"seed_played":"-6631613970400472825","potions_obtained":[{"floor":1,"key":"EssenceOfSteel"},{"floor":8,"key":"Swift Potion"},{"floor":12,"key":"Block Potion"},{"floor":14,"key":"SkillPotion"},{"floor":16,"key":"SpeedPotion"},{"floor":28,"key":"Regen Potion"},{"floor":33,"key":"Explosive Potion"}],"is_trial":false,"path_per_floor":["M","M","?","$","M","R","E","M","T","M","R","E","?","E","R","B",null,"M","?","M","?","M","R","M","E","T","R","E","?","?","E","R","B",null,"M","?","M","?","?","E","R","T","T","?","E","M","?","E","R","B",null,"R","$","E","B",null],"character_chosen":"IRONCLAD","items_purchased":["Toxic Egg 2","Shrug It Off+1","Body Slam","Shockwave+1","Feel No Pain","Finesse+1","Vajra","Pantograph","Torii","Anchor","Bag of Marbles","Fire Breathing","Barricade","Seeing Red+1"],"campfire_rested":2,"item_purchase_floors":[4,4,4,4,53,53,53,53,53,53,53,53,53,53],"current_hp_per_floor":[57,62,62,62,62,62,68,50,50,56,56,60,49,44,44,50,80,75,75,80,80,80,80,80,68,78,78,79,61,61,67,95,56,95,95,95,95,80,70,58,86,86,86,74,78,77,77,90,90,57,95,95,95,95,62],"gold":98,"neow_bonus":"TWO_FIFTY_GOLD","is_prod":false,"is_daily":false,"chose_seed":false,"campfire_upgraded":6,"win_rate":0,"timestamp":1555169865,"path_taken":["M","?","?","$","?","R","E","M","T","M","R","E","?","E","R","BOSS","M","?","?","?","?","R","M","E","T","R","E","?","?","E","R","BOSS","M","?","M","?","?","E","R","?","T","?","E","?","?","E","R","BOSS","R","$","E","BOSS"],"build_version":"2019-04-04","purchased_purges":1,"victory":true,"max_hp_per_floor":[80,80,80,80,80,80,80,80,80,80,80,80,80,80,80,80,80,80,80,80,80,80,80,80,80,90,90,90,95,95,95,95,95,95,95,95,95,95,95,95,95,95,95,95,95,95,95,95,95,95,95,95,95,95,95],"card_choices":[{"not_picked":["Bloodletting","Cleave"],"picked":"Clash","floor":1},{"not_picked":["Body Slam","Seeing Red"],"picked":"Thunderclap","floor":2},{"not_picked":["Battle Trance+1","Cleave"],"picked":"Shrug It Off+1","floor":5},{"not_picked":["Clothesline","Flex+1"],"picked":"Disarm+1","floor":7},{"not_picked":["Dark Embrace","Havoc+1"],"picked":"Cleave+1","floor":8},{"not_picked":["Twin Strike+1","Pommel Strike+1"],"picked":"Flame Barrier+1","floor":10},{"not_picked":["Sentinel+1","Clothesline+1"],"picked":"Entrench+1","floor":12},{"not_picked":["Warcry+1","Sword Boomerang+1"],"picked":"Dropkick+1","floor":14},{"not_picked":["Limit Break+1","Brutality"],"picked":"Immolate+1","floor":16},{"not_picked":["Anger+1","Iron Wave+1"],"picked":"Shrug It Off+1","floor":18},{"not_picked":["Armaments+1","Corruption","Clash+1"],"picked":"SKIP","floor":20},{"not_picked":["Entrench+1","Anger+1"],"picked":"True Grit+1","floor":22},{"not_picked":["Flex+1","Armaments+1","Disarm+1"],"picked":"SKIP","floor":24},{"not_picked":["Wild Strike+1","Heavy Blade+1"],"picked":"Bludgeon+1","floor":25},{"not_picked":["Flex+1","Flame Barrier+1","Combust"],"picked":"SKIP","floor":28},{"not_picked":["Armaments+1","Corruption"],"picked":"Bloodletting+1","floor":31},{"not_picked":["Exhume+1","Berserk"],"picked":"Demon Form","floor":33},{"not_picked":["Pommel Strike+1","Sever Soul+1"],"picked":"Headbutt+1","floor":35},{"not_picked":["Spot Weakness+1","Iron Wave+1"],"picked":"Intimidate+1","floor":37},{"not_picked":["Magnetism","Blind+1"],"picked":"Deep Breath+1","floor":39},{"not_picked":["Jack Of All Trades+1","Swift Strike+1"],"picked":"Bandage Up+1","floor":39},{"not_picked":["PanicButton+1","Deep Breath+1"],"picked":"Mayhem","floor":39},{"not_picked":["Blood for Blood+1","Intimidate+1"],"picked":"Havoc+1","floor":40},{"not_picked":["Brutality","Sentinel+1"],"picked":"Sword Boomerang+1","floor":45},{"not_picked":["Infernal Blade+1","True Grit+1"],"picked":"Iron Wave+1","floor":46},{"not_picked":["Reckless Charge+1","Thunderclap+1"],"picked":"Body Slam+1","floor":48},{"not_picked":["Wild Strike+1","Dual Wield+1"],"picked":"True Grit+1","floor":54}],"player_experience":5307608,"relics_obtained":[{"floor":7,"key":"Molten Egg 2"},{"floor":9,"key":"Self Forming Clay"},{"floor":12,"key":"Bottled Flame"},{"floor":14,"key":"MawBank"},{"floor":25,"key":"Unceasing Top"},{"floor":26,"key":"Pear"},{"floor":28,"key":"Boot"},{"floor":31,"key":"Ancient Tea Set"},{"floor":38,"key":"Bird Faced Urn"},{"floor":40,"key":"Mummified Hand"},{"floor":43,"key":"The Courier"},{"floor":45,"key":"StoneCalendar"},{"floor":48,"key":"Whetstone"},{"floor":54,"key":"Paper Frog"}],"event_choices":[{"cards_removed":["Strike_R"],"damage_healed":0,"gold_gain":0,"player_choice":"Offered Basic","damage_taken":0,"max_hp_gain":0,"max_hp_loss":0,"event_name":"Bonfire Elementals","floor":3,"gold_loss":0},{"damage_healed":0,"gold_gain":75,"player_choice":"Gather Gold","damage_taken":11,"max_hp_gain":0,"max_hp_loss":0,"event_name":"World of Goop","floor":13,"gold_loss":0},{"damage_healed":0,"gold_gain":0,"player_choice":"0 cards matched","damage_taken":0,"max_hp_gain":0,"max_hp_loss":0,"event_name":"Match and Keep!","floor":19,"gold_loss":0,"cards_obtained":[]},{"damage_healed":0,"gold_gain":0,"player_choice":"Paid Gold","damage_taken":0,"relics_obtained":["Letter Opener"],"max_hp_gain":0,"max_hp_loss":0,"event_name":"WeMeetAgain","floor":21,"gold_loss":71},{"damage_healed":0,"gold_gain":0,"player_choice":"Shed Blood","damage_taken":23,"max_hp_gain":5,"max_hp_loss":0,"event_name":"Forgotten Altar","floor":29,"gold_loss":0},{"damage_healed":0,"gold_gain":0,"cards_transformed":["Strike_R","Clash"],"player_choice":"Became Test Subject","damage_taken":0,"max_hp_gain":0,"max_hp_loss":0,"event_name":"Drug Dealer","floor":30,"gold_loss":0,"cards_obtained":["Reckless Charge","Seeing Red"]},{"cards_removed":["Thunderclap"],"damage_healed":0,"gold_gain":0,"player_choice":"Removed Attack","damage_taken":0,"max_hp_gain":0,"max_hp_loss":0,"event_name":"Falling","floor":36,"gold_loss":0},{"damage_healed":0,"gold_gain":0,"player_choice":"Fight","damage_taken":0,"max_hp_gain":0,"max_hp_loss":0,"event_name":"MindBloom","floor":38,"gold_loss":0},{"damage_healed":0,"gold_gain":0,"player_choice":"Memory 3","damage_taken":10,"max_hp_gain":0,"max_hp_loss":0,"event_name":"SensoryStone","floor":39,"gold_loss":0},{"damage_healed":0,"gold_gain":0,"player_choice":"Embrace Madness","damage_taken":12,"max_hp_gain":0,"max_hp_loss":0,"event_name":"Winding Halls","floor":44,"gold_loss":0,"cards_obtained":["Madness","Madness"]},{"damage_healed":0,"gold_gain":0,"player_choice":"Ignored","damage_taken":0,"max_hp_gain":0,"max_hp_loss":0,"event_name":"Tomb of Lord Red Mask","floor":47,"gold_loss":0}],"is_beta":true,"boss_relics":[{"not_picked":["Tiny House","Eternal Feather"],"picked":"Philosopher\u0027s Stone"},{"not_picked":["Astrolabe","Black Star"],"picked":"Sozu"}],"items_purged_floors":[53],"is_endless":false,"potions_floor_spawned":[1,8,12,14,16,28,33,37,40,45,48],"ascension_level":1}