{"gold_per_floor":[213,163,163,19,94,94,127,127,190,237,68,93,128,144,144,270,270,294,314,314,325,325,325,336,44,44,44,55,81,81,31,31,130,130,144,94,107,118,118,145,145,163,163,178,53,128,158,168,168,168],"floor_reached":51,"playtime":2559,"items_purged":["Strike_G","Strike_G","Strike_G","Defend_G","Dagger Throw"],"score":918,"play_id":"93d59c88-dd17-4a89-bc36-a61e4737a27a","local_time":"20190506175410","is_ascension_mode":false,"campfire_choices":[{"data":"Dagger Spray","floor":6,"key":"SMITH"},{"data":"Noxious Fumes","floor":15,"key":"SMITH"},{"data":"Neutralize","floor":23,"key":"SMITH"},{"data":"Burst","floor":30,"key":"SMITH"},{"data":"Well Laid Plans","floor":32,"key":"SMITH"},{"data":"Calculated Gamble","floor":41,"key":"SMITH"},{"data":"Malaise","floor":49,"key":"SMITH"}],"neow_cost":"NONE","seed_source_timestamp":713736015882191,"circlet_count":0,"master_deck":["Defend_G","Defend_G","Defend_G","Defend_G","Survivor","Neutralize+1","Dagger Spray+1","Poisoned Stab","Noxious Fumes+1","Deflect","Well Laid Plans+1","Burst+1","Blur","Calculated Gamble+1","Catalyst+1","Catalyst+1","Dramatic Entrance","Adrenaline","Adrenaline","Caltrops+1","Master of Strategy","Master of Strategy","Concentrate+1","Backflip","Footwork","Malaise+1"],"relics":["Ring of the Serpent","Bloody Idol","PreservedInsect","Gremlin Horn","MawBank","Centennial Puzzle","Lantern","Smiling Mask","White Beast Statue","Orichalcum","Snake Skull","Juzu Bracelet","Singing Bowl","Dream Catcher"],"potions_floor_usage":[10,29,33,37,38,38,42,48,50],"damage_taken":[{"damage":4,"enemies":"Cultist","floor":1,"turns":6},{"damage":15,"enemies":"Lagavulin","floor":7,"turns":7},{"damage":1,"enemies":"3 Sentries","floor":10,"turns":4},{"damage":0,"enemies":"Small Slimes","floor":12,"turns":1},{"damage":8,"enemies":"Gremlin Nob","floor":13,"turns":3},{"damage":0,"enemies":"2 Louse","floor":14,"turns":2},{"damage":14,"enemies":"Hexaghost","floor":16,"turns":10},{"damage":2,"enemies":"Shell Parasite","floor":18,"turns":8},{"damage":0,"enemies":"3 Byrds","floor":19,"turns":5},{"damage":2,"enemies":"Cultist and Chosen","floor":21,"turns":7},{"damage":14,"enemies":"Shelled Parasite and Fungi","floor":24,"turns":6},{"damage":8,"enemies":"Snake Plant","floor":28,"turns":3},{"damage":0,"enemies":"Gremlin Leader","floor":29,"turns":2},{"damage":12,"enemies":"Automaton","floor":33,"turns":4},{"damage":1,"enemies":"Orb Walker","floor":35,"turns":2},{"damage":6,"enemies":"3 Darklings","floor":37,"turns":4},{"damage":0,"enemies":"Jaw Worm Horde","floor":38,"turns":3},{"damage":0,"enemies":"Giant Head","floor":40,"turns":3},{"damage":2,"enemies":"4 Shapes","floor":42,"turns":2},{"damage":0,"enemies":"Spire Growth","floor":44,"turns":1},{"damage":0,"enemies":"Reptomancer","floor":47,"turns":2},{"damage":0,"enemies":"Jaw Worm Horde","floor":48,"turns":4},{"damage":0,"enemies":"Time Eater","floor":50,"turns":5}],"seed_played":"8898025028785560640","potions_obtained":[{"floor":7,"key":"Regen Potion"},{"floor":13,"key":"Explosive Potion"},{"floor":14,"key":"Strength Potion"},{"floor":18,"key":"Fire Potion"},{"floor":24,"key":"Weak Potion"},{"floor":28,"key":"Poison Potion"},{"floor":29,"key":"Fire Potion"},{"floor":33,"key":"Block Potion"},{"floor":37,"key":"SteroidPotion"},{"floor":38,"key":"Explosive Potion"},{"floor":40,"key":"FearPotion"},{"floor":42,"key":"LiquidBronze"},{"floor":44,"key":"Explosive Potion"},{"floor":47,"key":"Poison Potion"},{"floor":48,"key":"EssenceOfSteel"}],"is_trial":false,"path_per_floor":["M","?","?","$","?","R","E","?","T","E","$","M","E","M","R","B",null,"M","M","?","M","?","R","M","$","T","?","M","E","R","$","R","B",null,"M","$","M","M","?","E","R","M","T","M","$","?","E","M","R","B",null],"character_chosen":"THE_SILENT","items_purchased":["PreservedInsect","Noxious Fumes","Deflect","Orichalcum","Dramatic Entrance","Footwork"],"campfire_rested":0,"item_purchase_floors":[4,11,11,25,25,45],"current_hp_per_floor":[66,66,65,65,54,54,39,36,36,47,47,47,39,39,39,25,65,63,63,63,65,65,65,56,56,56,56,53,58,58,58,58,51,65,65,65,64,65,55,60,60,63,63,67,67,61,68,69,69,69],"gold":168,"neow_bonus":"HUNDRED_GOLD","is_prod":false,"is_daily":false,"chose_seed":false,"campfire_upgraded":7,"win_rate":0,"timestamp":1557161650,"path_taken":["M","?","?","$","?","R","E","?","T","E","?","M","E","M","R","BOSS","M","M","?","M","?","R","M","$","T","?","M","E","R","$","R","BOSS","M","$","M","M","?","E","R","M","T","M","$","?","E","M","R","BOSS"],"build_version":"2019-04-23","purchased_purges":5,"victory":true,"max_hp_per_floor":[70,70,65,65,65,65,65,65,65,65,65,65,65,65,65,65,65,65,65,65,65,65,65,65,65,65,65,65,65,65,65,65,65,65,65,65,65,65,65,65,65,65,65,67,67,67,69,69,69,69],"card_choices":[{"not_picked":["PiercingWail","Concentrate"],"picked":"Dagger Spray","floor":1},{"not_picked":["Reflex","Cloak And Dagger"],"picked":"Dagger Throw","floor":7},{"not_picked":["PiercingWail","Endless Agony"],"picked":"Poisoned Stab","floor":10},{"not_picked":["Blur","Prepared"],"picked":"Well Laid Plans","floor":12},{"not_picked":["Cloak And Dagger","Quick Slash"],"picked":"Burst","floor":13},{"not_picked":["Dash","Choke"],"picked":"Blur","floor":14},{"not_picked":["Bouncing Flask","Tactician","Underhanded Strike"],"picked":"SKIP","floor":18},{"not_picked":["Acrobatics","Deflect"],"picked":"Calculated Gamble","floor":19},{"not_picked":["Bouncing Flask+1","Sucker Punch"],"picked":"Catalyst+1","floor":21},{"not_picked":["Outmaneuver","PiercingWail"],"picked":"Catalyst+1","floor":24},{"not_picked":["Poisoned Stab+1","Masterful Stab"],"picked":"Adrenaline","floor":28},{"not_picked":["Endless Agony+1","Poisoned Stab","Outmaneuver"],"picked":"SKIP","floor":29},{"not_picked":["Doppelganger","Tools of the Trade"],"picked":"Adrenaline","floor":33},{"not_picked":["Sucker Punch+1","Dodge and Roll+1","Dash+1"],"picked":"SKIP","floor":35},{"not_picked":["Sucker Punch+1","Terror+1","Masterful Stab+1"],"picked":"SKIP","floor":37},{"not_picked":["Blade Dance","Accuracy+1"],"picked":"Caltrops+1","floor":38},{"not_picked":["Jack Of All Trades","Swift Strike"],"picked":"Master of Strategy","floor":39},{"not_picked":["Blind","Trip"],"picked":"Master of Strategy","floor":39},{"not_picked":["All Out Attack+1","Underhanded Strike"],"picked":"Concentrate+1","floor":40},{"not_picked":["Dagger Spray+1","Escape Plan+1"],"picked":"Backflip","floor":42},{"not_picked":["Quick Slash","Masterful Stab+1","Bane+1"],"picked":"Singing Bowl","floor":44},{"not_picked":["Choke","Underhanded Strike+1","PiercingWail"],"picked":"Singing Bowl","floor":47},{"not_picked":["Tactician","Well Laid Plans"],"picked":"Malaise","floor":48}],"player_experience":1337988,"relics_obtained":[{"floor":7,"key":"Gremlin Horn"},{"floor":9,"key":"Centennial Puzzle"},{"floor":10,"key":"Lantern"},{"floor":13,"key":"Smiling Mask"},{"floor":29,"key":"Snake Skull"},{"floor":40,"key":"Juzu Bracelet"},{"floor":43,"key":"Singing Bowl"},{"floor":47,"key":"Dream Catcher"}],"event_choices":[{"cards_removed":["Strike_G"],"damage_healed":0,"gold_gain":0,"player_choice":"Card Removal","damage_taken":0,"max_hp_gain":0,"max_hp_loss":0,"event_name":"The Cleric","floor":2,"gold_loss":50},{"damage_healed":0,"gold_gain":0,"player_choice":"Lose Max HP","damage_taken":0,"relics_obtained":["Golden Idol"],"max_hp_gain":0,"max_hp_loss":5,"event_name":"Golden Idol","floor":3,"gold_loss":0},{"damage_healed":0,"gold_gain":75,"player_choice":"Gather Gold","damage_taken":11,"max_hp_gain":0,"max_hp_loss":0,"event_name":"World of Goop","floor":5,"gold_loss":0},{"damage_healed":0,"gold_gain":0,"player_choice":"Success","damage_taken":3,"relics_obtained":["MawBank"],"max_hp_gain":0,"max_hp_loss":0,"event_name":"Scrap Ooze","floor":8,"gold_loss":0},{"damage_healed":0,"gold_gain":0,"player_choice":"Gave Idol","damage_taken":0,"relics_obtained":["Bloody Idol"],"max_hp_gain":0,"max_hp_loss":0,"event_name":"Forgotten Altar","floor":20,"relics_lost":["Golden Idol"],"gold_loss":0},{"cards_removed":["Strike_G"],"damage_healed":0,"gold_gain":0,"player_choice":"Elegance","damage_taken":0,"max_hp_gain":0,"max_hp_loss":0,"event_name":"Back to Basics","floor":22,"gold_loss":0},{"damage_healed":0,"gold_gain":0,"player_choice":"Ignored","damage_taken":0,"max_hp_gain":0,"max_hp_loss":0,"event_name":"The Mausoleum","floor":27,"gold_loss":0},{"damage_healed":0,"gold_gain":0,"player_choice":"Memory 3","damage_taken":10,"max_hp_gain":0,"max_hp_loss":0,"event_name":"SensoryStone","floor":39,"gold_loss":0},{"damage_healed":0,"gold_gain":75,"player_choice":"Touch","damage_taken":6,"max_hp_gain":0,"max_hp_loss":0,"event_name":"FaceTrader","floor":46,"gold_loss":0}],"is_beta":true,"boss_relics":[{"not_picked":["Lizard Tail","Ectoplasm"],"picked":"White Beast Statue"},{"not_picked":["HoveringKite","Busted Crown"],"picked":"Ring of the Serpent"}],"items_purged_floors":[11,25,31,36,45],"is_endless":false,"potions_floor_spawned":[7,13,14,18,19,21,24,28,29,33,35,37,38,40,42,44,47,48],"ascension_level":0}