{"gold_per_floor":[114,114,114,65,165,165,224,240,240,252,252,2,2,2,2,2],"floor_reached":16,"playtime":547,"items_purged":[],"score":125,"play_id":"34006ff9-58cf-477d-978f-9b647f7fae97","local_time":"20190503141325","is_ascension_mode":true,"campfire_choices":[{"data":"Offering","floor":6,"key":"SMITH"},{"data":"Infernal Blade","floor":11,"key":"SMITH"},{"floor":13,"key":"REST"},{"data":"Evolve","floor":15,"key":"SMITH"}],"neow_cost":"NONE","seed_source_timestamp":1812309602702400,"circlet_count":0,"master_deck":["Strike_R","Strike_R","Strike_R","Strike_R","Defend_R","Defend_R","Defend_R","Defend_R","Bash","Shrug It Off","Offering+1","Cleave","Reckless Charge","Infernal Blade+1","Disarm","Evolve+1","Shrug It Off"],"relics":["Burning Blood","Tiny Chest","Darkstone Periapt","Membership Card"],"potions_floor_usage":[16],"damage_taken":[{"damage":10,"enemies":"Jaw Worm","floor":1,"turns":6},{"damage":52,"enemies":"3 Sentries","floor":7,"turns":10},{"damage":2,"enemies":"Small Slimes","floor":8,"turns":3},{"damage":0,"enemies":"Cultist","floor":10,"turns":3},{"damage":66,"enemies":"Hexaghost","floor":16,"turns":15}],"seed_played":"1744294255762685333","potions_obtained":[{"floor":10,"key":"Fire Potion"}],"is_trial":false,"path_per_floor":["M","?","?","$","?","R","E","M","T","M","R","$","R","?","R","B"],"character_chosen":"IRONCLAD","items_purchased":["Cleave","Membership Card","Evolve","Shrug It Off"],"campfire_rested":1,"item_purchase_floors":[4,12,12,12],"current_hp_per_floor":[76,76,81,81,81,81,35,39,39,45,45,45,72,72,72,6],"gold":2,"neow_bonus":"TEN_PERCENT_HP_BONUS","is_prod":false,"is_daily":false,"chose_seed":false,"campfire_upgraded":3,"win_rate":0,"timestamp":1556907205,"path_taken":["M","?","?","?","?","R","E","?","T","M","R","$","R","?","R","BOSS"],"build_version":"2019-01-23","purchased_purges":0,"victory":false,"max_hp_per_floor":[88,88,93,93,93,93,93,93,93,93,93,93,93,93,93,93],"card_choices":[{"not_picked":["Sentinel","Heavy Blade"],"picked":"Shrug It Off","floor":1},{"not_picked":["Seeing Red","Offering"],"picked":"Reckless Charge","floor":7},{"not_picked":["Anger","Thunderclap"],"picked":"Infernal Blade","floor":8},{"not_picked":["Metallicize","Seeing Red"],"picked":"Disarm","floor":10}],"player_experience":141863,"relics_obtained":[{"floor":7,"key":"Tiny Chest"},{"floor":9,"key":"Darkstone Periapt"}],"event_choices":[{"damage_healed":0,"gold_gain":0,"cards_transformed":["Strike_R"],"player_choice":"Change","damage_taken":0,"max_hp_gain":0,"max_hp_loss":0,"event_name":"Living Wall","floor":2,"gold_loss":0,"cards_obtained":["Offering"]},{"damage_healed":0,"gold_gain":0,"player_choice":"Donut","damage_taken":0,"max_hp_gain":5,"max_hp_loss":0,"event_name":"Big Fish","floor":3,"gold_loss":0},{"damage_healed":0,"gold_gain":100,"player_choice":"Gold","damage_taken":0,"max_hp_gain":0,"max_hp_loss":0,"event_name":"Wheel of Change","floor":5,"gold_loss":0},{"damage_healed":0,"gold_gain":0,"player_choice":"Ignored","damage_taken":0,"max_hp_gain":0,"max_hp_loss":0,"event_name":"Liars Game","floor":14,"gold_loss":0}],"is_beta":false,"boss_relics":[],"items_purged_floors":[],"is_endless":false,"potions_floor_spawned":[10],"killed_by":"Hexaghost","ascension_level":6}