{"gold_per_floor":[19,30,30,45,61,61,87,107,131,145,195,209,209,228,228,299,299,313,8,58,69,82,82,109,109,134,166,184,209,229,242,242,242],"floor_reached":33,"playtime":3138,"items_purged":["Strike_B"],"score":626,"play_id":"1b77030c-0f80-4e24-b172-838885269133","local_time":"20190227152246","is_ascension_mode":true,"campfire_choices":[{"data":"Defend_B","floor":6,"key":"PURGE"},{"floor":13,"key":"REST"},{"data":"Defragment","floor":15,"key":"SMITH"},{"data":"Sweeping Beam","floor":23,"key":"SMITH"},{"floor":25,"key":"REST"},{"data":"Loop","floor":32,"key":"SMITH"}],"neow_cost":"NO_GOLD","seed_source_timestamp":72275437359455,"circlet_count":0,"master_deck":["AscendersBane","Strike_B","Strike_B","Strike_B","Defend_B","Defend_B","Defend_B","Zap","Dualcast","Go for the Eyes","Steam","Coolheaded","Loop+1","Sweeping Beam+1","Defragment+1","Coolheaded","Conserve Battery","Coolheaded","Electrodynamics","Consume","Undo","Sweeping Beam+1","Defragment","Hologram"],"relics":["Cracked Core","Peace Pipe","Bag of Marbles","Velvet Choker","Anchor","Oddly Smooth Stone","Juzu Bracelet","Happy Flower","Bronze Scales"],"potions_floor_usage":[7,12,18,22,27,29,33],"damage_taken":[{"damage":1,"enemies":"Cultist","floor":1,"turns":3},{"damage":0,"enemies":"2 Louse","floor":2,"turns":1},{"damage":4,"enemies":"Small Slimes","floor":4,"turns":3},{"damage":2,"enemies":"Looter","floor":5,"turns":4},{"damage":20,"enemies":"3 Sentries","floor":7,"turns":13},{"damage":11,"enemies":"Exordium Wildlife","floor":8,"turns":3},{"damage":6,"enemies":"Large Slime","floor":10,"turns":4},{"damage":3,"enemies":"Gremlin Gang","floor":12,"turns":5},{"damage":0,"enemies":"Exordium Thugs","floor":14,"turns":4},{"damage":18,"enemies":"The Guardian","floor":16,"turns":14},{"damage":12,"enemies":"2 Thieves","floor":18,"turns":4},{"damage":0,"enemies":"Shell Parasite","floor":21,"turns":6},{"damage":9,"enemies":"Chosen and Byrds","floor":22,"turns":5},{"damage":18,"enemies":"Gremlin Leader","floor":24,"turns":9},{"damage":9,"enemies":"Book of Stabbing","floor":27,"turns":7},{"damage":0,"enemies":"Centurion and Healer","floor":28,"turns":5},{"damage":8,"enemies":"Slavers","floor":29,"turns":3},{"damage":0,"enemies":"Cultist and Chosen","floor":30,"turns":8},{"damage":2,"enemies":"Chosen and Byrds","floor":31,"turns":5},{"damage":25,"enemies":"Automaton","floor":33,"turns":16}],"seed_played":"6043232395594020098","potions_obtained":[{"floor":2,"key":"Strength Potion"},{"floor":5,"key":"Energy Potion"},{"floor":10,"key":"Weak Potion"},{"floor":14,"key":"FearPotion"},{"floor":16,"key":"EssenceOfSteel"},{"floor":27,"key":"AttackPotion"},{"floor":30,"key":"EssenceOfSteel"}],"is_trial":false,"path_per_floor":["M","M","?","M","M","R","E","M","T","M","?","M","R","M","R","B",null,"M","$","?","M","M","R","E","R","T","E","M","E","M","M","R","B"],"character_chosen":"DEFECT","items_purchased":["Anchor","PowerPotion"],"campfire_rested":2,"item_purchase_floors":[19,19],"current_hp_per_floor":[63,63,53,49,47,47,27,16,16,10,10,7,28,28,28,10,56,44,44,44,44,35,35,17,38,38,29,29,21,21,19,19,0],"gold":242,"neow_bonus":"ONE_RARE_RELIC","is_prod":false,"is_daily":false,"chose_seed":false,"campfire_upgraded":3,"win_rate":0,"timestamp":1551298966,"path_taken":["M","M","?","M","M","R","E","M","T","?","?","M","R","M","R","BOSS","M","$","?","M","?","R","E","R","T","E","M","E","M","M","R","BOSS"],"build_version":"2019-01-23","purchased_purges":1,"victory":false,"max_hp_per_floor":[71,71,71,71,71,71,71,71,71,71,71,71,71,71,71,71,71,71,71,71,71,71,71,71,71,71,71,71,71,71,71,71,71],"card_choices":[{"not_picked":["Beam Cell","Rebound"],"picked":"Go for the Eyes","floor":1},{"not_picked":["Beam Cell","Recycle"],"picked":"Steam","floor":2},{"not_picked":["Beam Cell","Capacitor"],"picked":"Coolheaded","floor":4},{"not_picked":["Redo","Skim"],"picked":"Loop","floor":5},{"not_picked":["Beam Cell","Recycle"],"picked":"Sweeping Beam","floor":7},{"not_picked":["Leap","Coolheaded"],"picked":"Defragment","floor":8},{"not_picked":["Ball Lightning","Turbo"],"picked":"Coolheaded","floor":10},{"not_picked":["Cold Snap","Heatsinks"],"picked":"Conserve Battery","floor":12},{"not_picked":["Hologram","Loop"],"picked":"Coolheaded","floor":14},{"not_picked":["Thunder Strike","Machine Learning"],"picked":"Electrodynamics","floor":16},{"not_picked":["Cold Snap","Gash"],"picked":"Consume","floor":18},{"not_picked":["Redo","Rebound"],"picked":"Undo","floor":21},{"not_picked":["Reprogram","Redo"],"picked":"Sweeping Beam+1","floor":22},{"not_picked":["Fusion","Cold Snap","Redo"],"picked":"SKIP","floor":24},{"not_picked":["Beam Cell","Machine Learning"],"picked":"Defragment","floor":27},{"not_picked":["Conserve Battery","Hologram","Barrage"],"picked":"SKIP","floor":28},{"not_picked":["Barrage","Sweeping Beam+1"],"picked":"Hologram","floor":29},{"not_picked":["Beam Cell","Streamline","Melter"],"picked":"SKIP","floor":30},{"not_picked":["Beam Cell","Streamline","Melter"],"picked":"SKIP","floor":30},{"not_picked":["Scrape","Aggregate","Rebound"],"picked":"SKIP","floor":31}],"player_experience":1172921,"relics_obtained":[{"floor":7,"key":"Bag of Marbles"},{"floor":24,"key":"Oddly Smooth Stone"},{"floor":26,"key":"Juzu Bracelet"},{"floor":27,"key":"Happy Flower"},{"floor":29,"key":"Bronze Scales"}],"event_choices":[{"damage_healed":0,"gold_gain":0,"player_choice":"Damaged","damage_taken":10,"max_hp_gain":0,"max_hp_loss":0,"event_name":"Wheel of Change","floor":3,"gold_loss":0},{"damage_healed":0,"gold_gain":50,"player_choice":"Pray","damage_taken":0,"max_hp_gain":0,"max_hp_loss":0,"event_name":"Golden Shrine","floor":11,"gold_loss":0},{"damage_healed":0,"gold_gain":50,"player_choice":"Pray","damage_taken":0,"max_hp_gain":0,"max_hp_loss":0,"event_name":"Golden Shrine","floor":20,"gold_loss":0}],"is_beta":false,"boss_relics":[{"not_picked":["Fusion Hammer","Runic Dome"],"picked":"Velvet Choker"}],"items_purged_floors":[19],"is_endless":false,"potions_floor_spawned":[2,5,10,14,16,21,27,30],"killed_by":"Automaton","ascension_level":20}