{"gold_per_floor":[114,114,129,54,65,96,107,182,182,215,215,227,32,47,47,152,202,219,219,219,237,237],"floor_reached":22,"playtime":972,"items_purged":["Pain"],"score":309,"play_id":"0ecb9f0e-c409-4d6a-8220-d6f7f672b4d4","local_time":"20190302225844","is_ascension_mode":true,"campfire_choices":[{"floor":11,"key":"REST"},{"floor":15,"key":"RECALL"}],"neow_cost":"NONE","seed_source_timestamp":1415737549483343,"circlet_count":0,"master_deck":["Strike_B","Strike_B","Strike_B","Strike_B","Defend_B","Defend_B","Defend_B+1","Defend_B","Zap","Dualcast","FTL","Coolheaded","Double Energy","Turbo","Hologram","Loop","Gash","Conserve Battery","Thunder Strike","Chaos","Conserve Battery"],"relics":["Cracked Core","NeowsBlessing","WarpedTongs","Unceasing Top","Mango","Ginger","Lee\u0027s Waffle","Tiny House"],"potions_floor_usage":[10,22,22,22,22,22],"damage_taken":[{"damage":0,"enemies":"2 Louse","floor":1,"turns":1},{"damage":1,"enemies":"Cultist","floor":3,"turns":1},{"damage":0,"enemies":"Small Slimes","floor":5,"turns":1},{"damage":35,"enemies":"Gremlin Nob","floor":6,"turns":5},{"damage":12,"enemies":"Exordium Thugs","floor":7,"turns":3},{"damage":20,"enemies":"3 Sentries","floor":10,"turns":8},{"damage":4,"enemies":"Large Slime","floor":12,"turns":4},{"damage":0,"enemies":"Exordium Wildlife","floor":14,"turns":3},{"damage":27,"enemies":"The Guardian","floor":16,"turns":12},{"damage":20,"enemies":"Shell Parasite","floor":18,"turns":7},{"damage":12,"enemies":"Chosen","floor":21,"turns":6},{"damage":70,"enemies":"3 Cultists","floor":22,"turns":6}],"seed_played":"1435756783497323547","potions_obtained":[{"floor":5,"key":"Ancient Potion"},{"floor":7,"key":"Dexterity Potion"},{"floor":16,"key":"Energy Potion"},{"floor":17,"key":"EntropicBrew"},{"floor":21,"key":"Weak Potion"}],"is_trial":false,"path_per_floor":["M","?","M","$","M","E","M","?","T","E","R","M","$","M","R","B",null,"M","?","?","M","M"],"character_chosen":"DEFECT","items_purchased":["Lee\u0027s Waffle"],"campfire_rested":1,"item_purchase_floors":[13],"current_hp_per_floor":[68,68,67,67,67,32,20,9,23,3,29,25,96,96,96,69,94,74,74,74,62,0],"gold":237,"neow_bonus":"THREE_ENEMY_KILL","is_prod":false,"is_daily":false,"chose_seed":false,"campfire_upgraded":0,"win_rate":0,"timestamp":1551578324,"path_taken":["M","?","M","?","?","E","M","?","T","E","R","M","?","M","R","BOSS","M","?","?","M","M"],"build_version":"2019-01-23","purchased_purges":1,"victory":false,"max_hp_per_floor":[75,75,75,75,75,75,75,75,89,89,89,89,96,96,96,96,101,101,101,101,101,101],"card_choices":[{"not_picked":["Turbo","Heatsinks"],"picked":"FTL","floor":1},{"not_picked":["Scrape","Barrage"],"picked":"Coolheaded","floor":3},{"not_picked":["Reprogram","Blizzard"],"picked":"Double Energy","floor":5},{"not_picked":["Hologram","Streamline"],"picked":"Turbo","floor":6},{"not_picked":["Static Discharge","Turbo"],"picked":"Hologram","floor":7},{"not_picked":["Stack","BootSequence"],"picked":"Loop","floor":10},{"not_picked":["Beam Cell","Amplify"],"picked":"Gash","floor":12},{"not_picked":["Turbo","Streamline"],"picked":"Conserve Battery","floor":14},{"not_picked":["Amplify","Biased Cognition"],"picked":"Thunder Strike","floor":16},{"not_picked":["Cold Snap","Force Field"],"picked":"Chaos","floor":17},{"not_picked":["Beam Cell","Cold Snap"],"picked":"Conserve Battery","floor":18},{"not_picked":["Storm+1","Leap","Turbo+1"],"picked":"SKIP","floor":21}],"player_experience":874001,"relics_obtained":[{"floor":6,"key":"Unceasing Top"},{"floor":9,"key":"Mango"},{"floor":10,"key":"Ginger"}],"event_choices":[{"damage_healed":0,"gold_gain":0,"player_choice":"Rummage","damage_taken":0,"relics_obtained":["WarpedTongs"],"max_hp_gain":0,"max_hp_loss":0,"event_name":"Accursed Blacksmith","floor":2,"gold_loss":0,"cards_obtained":["Pain"]},{"damage_healed":0,"gold_gain":75,"player_choice":"Gather Gold","damage_taken":11,"max_hp_gain":0,"max_hp_loss":0,"event_name":"World of Goop","floor":8,"gold_loss":0},{"damage_healed":0,"gold_gain":0,"player_choice":"Ignored","damage_taken":0,"max_hp_gain":0,"max_hp_loss":0,"event_name":"Ghosts","floor":19,"gold_loss":0},{"damage_healed":0,"gold_gain":0,"player_choice":"Ignored","damage_taken":0,"max_hp_gain":0,"max_hp_loss":0,"event_name":"Vampires","floor":20,"gold_loss":0}],"is_beta":false,"boss_relics":[{"not_picked":["Snecko Eye","Sozu"],"picked":"Tiny House"}],"items_purged_floors":[4],"is_endless":false,"potions_floor_spawned":[5,7,16,21],"killed_by":"3 Cultists","ascension_level":9}