{"gold_per_floor":[119,130,140,150,162,162,162,162,211,291,291,30,40,60,60,164,164,183,193,292,217,229,229,229],"floor_reached":24,"playtime":739,"items_purged":[],"score":257,"play_id":"fdd17fa4-396b-4db8-8489-53e9b0cfe881","local_time":"20190118134712","is_ascension_mode":true,"campfire_choices":[{"data":"Havoc","floor":6,"key":"SMITH"},{"data":"Havoc","floor":8,"key":"SMITH"},{"data":"Havoc","floor":11,"key":"SMITH"},{"data":"Armaments","floor":15,"key":"SMITH"},{"data":"Demon Form","floor":23,"key":"SMITH"}],"neow_cost":"NONE","seed_source_timestamp":438788676306727,"circlet_count":0,"master_deck":["Strike_R","Strike_R","Strike_R","Strike_R","Defend_R","Defend_R","Defend_R","Defend_R","Bash+1","Havoc+1","Havoc+1","Sword Boomerang","Feel No Pain","Havoc+1","Pommel Strike","Armaments+1","Demon Form+1","Battle Trance+1","Sentinel+1","Headbutt+1"],"relics":["Burning Blood","Bronze Scales","Shuriken","Mark of Pain"],"potions_floor_usage":[19,19,24,24],"damage_taken":[{"damage":5,"enemies":"Cultist","floor":1,"turns":4},{"damage":14,"enemies":"Jaw Worm","floor":2,"turns":3},{"damage":14,"enemies":"2 Louse","floor":3,"turns":3},{"damage":6,"enemies":"2 Fungi Beasts","floor":4,"turns":4},{"damage":9,"enemies":"Looter","floor":5,"turns":3},{"damage":12,"enemies":"Exordium Wildlife","floor":13,"turns":3},{"damage":6,"enemies":"3 Louse","floor":14,"turns":3},{"damage":60,"enemies":"Slime Boss","floor":16,"turns":10},{"damage":16,"enemies":"Spheric Guardian","floor":18,"turns":4},{"damage":18,"enemies":"2 Thieves","floor":19,"turns":3},{"damage":3,"enemies":"Cultist and Chosen","floor":22,"turns":7},{"damage":23,"enemies":"Colosseum Slavers","floor":24,"turns":4},{"damage":57,"enemies":"Colosseum Nobs","floor":24,"turns":4}],"seed_played":"-1455907019911567244","potions_obtained":[{"floor":1,"key":"EntropicBrew"},{"floor":3,"key":"SpeedPotion"},{"floor":14,"key":"GamblersBrew"},{"floor":16,"key":"SteroidPotion"},{"floor":19,"key":"Ancient Potion"}],"is_trial":false,"path_per_floor":["M","M","M","M","M","R","?","R","T","T","R","$","M","M","R","B",null,"M","M","?","?","M","R","?"],"character_chosen":"IRONCLAD","items_purchased":["Shuriken"],"campfire_rested":0,"item_purchase_floors":[12],"current_hp_per_floor":[73,65,57,57,54,54,80,80,80,80,80,80,74,74,74,20,65,55,43,43,43,46,46,0],"gold":229,"neow_bonus":"UPGRADE_CARD","is_prod":false,"is_daily":false,"chose_seed":false,"campfire_upgraded":5,"win_rate":0,"timestamp":1547830032,"path_taken":["M","M","M","M","M","R","?","R","T","?","R","$","M","?","R","BOSS","M","M","?","?","M","R","?"],"build_version":"2019-01-17v2","purchased_purges":0,"victory":false,"max_hp_per_floor":[80,80,80,80,80,80,80,80,80,80,80,80,80,80,80,80,80,80,80,80,80,80,80,80],"card_choices":[{"not_picked":["Dropkick","Armaments"],"picked":"Havoc","floor":1},{"not_picked":["Second Wind","Anger"],"picked":"Havoc","floor":2},{"not_picked":["Uppercut","Perfected Strike"],"picked":"Sword Boomerang","floor":3},{"not_picked":["Wild Strike","Body Slam"],"picked":"Feel No Pain","floor":4},{"not_picked":["Body Slam","Shrug It Off"],"picked":"Havoc","floor":5},{"not_picked":["Wild Strike","Iron Wave"],"picked":"Pommel Strike","floor":13},{"not_picked":["Thunderclap","Pommel Strike"],"picked":"Armaments","floor":14},{"not_picked":["Exhume","Limit Break"],"picked":"Demon Form","floor":16},{"not_picked":["Clash","Evolve"],"picked":"Battle Trance+1","floor":18},{"not_picked":["Havoc","Power Through+1"],"picked":"Sentinel+1","floor":19},{"not_picked":["Pommel Strike","Dual Wield"],"picked":"Headbutt+1","floor":22}],"player_experience":634707,"relics_obtained":[{"floor":9,"key":"Bronze Scales"}],"event_choices":[{"damage_healed":26,"gold_gain":0,"player_choice":"Banana","damage_taken":0,"max_hp_gain":0,"max_hp_loss":0,"event_name":"Big Fish","floor":7,"gold_loss":0},{"damage_healed":0,"gold_gain":99,"player_choice":"Stole From Cult","damage_taken":0,"max_hp_gain":0,"max_hp_loss":0,"event_name":"Nest","floor":20,"gold_loss":0},{"cards_removed":["Strike_R"],"damage_healed":0,"gold_gain":0,"player_choice":"Gave Gold","damage_taken":0,"max_hp_gain":0,"max_hp_loss":0,"event_name":"Beggar","floor":21,"gold_loss":75},{"damage_healed":0,"gold_gain":0,"player_choice":"Fight","damage_taken":0,"max_hp_gain":0,"max_hp_loss":0,"event_name":"Colosseum","floor":24,"gold_loss":0},{"damage_healed":0,"gold_gain":0,"player_choice":"Fought Nobs","damage_taken":0,"max_hp_gain":0,"max_hp_loss":0,"event_name":"Colosseum","floor":24,"gold_loss":0}],"is_beta":false,"boss_relics":[{"not_picked":["Runic Dome","Sozu"],"picked":"Mark of Pain"}],"items_purged_floors":[],"is_endless":false,"potions_floor_spawned":[1,3,14,16,18,19,24],"killed_by":"Colosseum Nobs","ascension_level":7}