{"gold_per_floor":[367,46,65,83,97,123,140,166,166,207,237,284,296,308,320,429,441,463,400,36,56,56,86,86,111,137,137,52,52,81,91,91,194,194,205,223,223,46,46,46,58,84,84,99,129,129,144,144,144,144,144,144,19,47,47],"floor_reached":56,"playtime":3593,"items_purged":["Strike_B","Strike_B","Defend_B"],"score":1433,"play_id":"e957424d-e411-4fc8-b365-e9399e61533e","local_time":"20190325154519","is_ascension_mode":false,"campfire_choices":[{"data":"Buffer","floor":15,"key":"SMITH"},{"data":"Defragment","floor":24,"key":"SMITH"},{"data":"Creative AI","floor":27,"key":"SMITH"},{"floor":32,"key":"RECALL"},{"data":"Capacitor","floor":40,"key":"SMITH"},{"data":"Storm","floor":46,"key":"SMITH"},{"data":"Zap","floor":49,"key":"SMITH"},{"data":"Dualcast","floor":52,"key":"SMITH"}],"neow_cost":"PERCENT_DAMAGE","seed_source_timestamp":363238820199796,"circlet_count":0,"master_deck":["Defend_B","Defend_B","Defend_B","Zap+1","Dualcast+1","Self Repair","Ball Lightning","Cold Snap","Ball Lightning","Cold Snap","Conserve Battery","Glacier+1","Hologram+1","Buffer+1","Skim+1","Reprogram+1","Creative AI+1","Defragment+1","Go for the Eyes+1","Turbo+1","Storm+1","Fusion+1","Coolheaded+1","BootSequence+1","Compile Driver","Amplify+1","Chill+1","Hologram+1","Capacitor+1","Chaos+1","Madness+1","Madness+1"],"relics":["FrozenCore","Meat on the Bone","Toxic Egg 2","Potion Belt","MawBank","Odd Mushroom","Boot","Mummified Hand","Runic Capacitor","Sundial","Oddly Smooth Stone","Darkstone Periapt","Pear","Empty Cage","Gremlin Horn","Bottled Lightning","Mercury Hourglass","Lantern"],"potions_floor_usage":[8,10,12,30,42,45,55,55,55,55],"damage_taken":[{"damage":1,"enemies":"Jaw Worm","floor":1,"turns":4},{"damage":2,"enemies":"2 Louse","floor":3,"turns":3},{"damage":0,"enemies":"Small Slimes","floor":4,"turns":3},{"damage":5,"enemies":"Blue Slaver","floor":5,"turns":4},{"damage":22,"enemies":"3 Sentries","floor":6,"turns":7},{"damage":9,"enemies":"Looter","floor":7,"turns":3},{"damage":20,"enemies":"Gremlin Nob","floor":8,"turns":4},{"damage":16,"enemies":"The Mushroom Lair","floor":10,"turns":5},{"damage":1,"enemies":"Large Slime","floor":11,"turns":4},{"damage":0,"enemies":"Lagavulin","floor":12,"turns":6},{"damage":0,"enemies":"Slime Boss","floor":16,"turns":10},{"damage":0,"enemies":"Chosen","floor":18,"turns":6},{"damage":9,"enemies":"2 Thieves","floor":19,"turns":5},{"damage":10,"enemies":"Centurion and Healer","floor":21,"turns":7},{"damage":10,"enemies":"Book of Stabbing","floor":23,"turns":7},{"damage":0,"enemies":"Slavers","floor":25,"turns":6},{"damage":12,"enemies":"Gremlin Leader","floor":30,"turns":6},{"damage":0,"enemies":"Chosen and Byrds","floor":31,"turns":6},{"damage":0,"enemies":"Collector","floor":33,"turns":8},{"damage":0,"enemies":"3 Shapes","floor":35,"turns":4},{"damage":4,"enemies":"3 Darklings","floor":36,"turns":4},{"damage":0,"enemies":"4 Shapes","floor":41,"turns":7},{"damage":0,"enemies":"Nemesis","floor":42,"turns":7},{"damage":16,"enemies":"Transient","floor":44,"turns":5},{"damage":11,"enemies":"Reptomancer","floor":45,"turns":5},{"damage":0,"enemies":"3 Darklings","floor":47,"turns":5},{"damage":26,"enemies":"Time Eater","floor":50,"turns":9},{"damage":21,"enemies":"Shield and Spear","floor":54,"turns":4},{"damage":44,"enemies":"The Heart","floor":55,"turns":8}],"seed_played":"2028276236307521040","potions_obtained":[{"floor":1,"key":"FearPotion"},{"floor":4,"key":"Weak Potion"},{"floor":10,"key":"FearPotion"},{"floor":12,"key":"Explosive Potion"},{"floor":16,"key":"Energy Potion"},{"floor":23,"key":"Regen Potion"},{"floor":30,"key":"SkillPotion"},{"floor":31,"key":"SpeedPotion"},{"floor":33,"key":"Block Potion"},{"floor":36,"key":"LiquidBronze"},{"floor":39,"key":"FocusPotion"},{"floor":39,"key":"PowerPotion"},{"floor":42,"key":"Strength Potion"},{"floor":45,"key":"GamblersBrew"}],"is_trial":false,"path_per_floor":["M","$","M","M","M","E","M","E","T","?","M","E","T","?","R","B",null,"M","M","$","M","?","E","R","E","T","R","?","?","E","M","R","B",null,"M","M","?","$","?","R","M","E","T","M","E","R","M","?","R","B",null,"R","$","E","B",null],"character_chosen":"DEFECT","items_purchased":["Meat on the Bone","Ball Lightning","Cold Snap","Runic Capacitor","Turbo+1","Storm","Capacitor"],"campfire_rested":0,"item_purchase_floors":[2,2,2,20,20,20,38],"current_hp_per_floor":[53,53,58,65,67,45,55,54,54,45,51,58,58,58,58,65,75,75,66,66,63,63,60,60,67,67,67,67,67,72,79,79,85,85,85,85,85,85,85,85,85,85,85,76,72,72,79,68,68,61,85,85,85,71,46],"gold":47,"neow_bonus":"TWO_FIFTY_GOLD","is_prod":false,"is_daily":false,"chose_seed":false,"campfire_upgraded":7,"win_rate":0,"timestamp":1553528719,"path_taken":["M","$","M","M","M","E","M","E","T","?","M","E","?","?","R","BOSS","M","M","$","M","?","E","R","E","T","R","?","?","E","M","R","BOSS","M","M","?","$","?","R","M","E","T","M","E","R","?","?","R","BOSS","R","$","E","BOSS"],"build_version":"2019-03-15","purchased_purges":3,"victory":true,"max_hp_per_floor":[75,75,75,75,75,75,75,75,75,75,75,75,75,75,75,75,75,75,75,75,75,75,75,75,75,75,75,75,75,85,85,85,85,85,85,85,85,85,85,85,85,85,85,85,85,85,85,85,85,85,85,85,85,85,85],"card_choices":[{"not_picked":["Skim","Chill"],"picked":"Self Repair","floor":1},{"not_picked":["Stack","Conserve Battery"],"picked":"Ball Lightning","floor":3},{"not_picked":["Blizzard","Hologram"],"picked":"Cold Snap","floor":4},{"not_picked":["Rip and Tear","Skim"],"picked":"Conserve Battery","floor":5},{"not_picked":["Reprogram","Conserve Battery"],"picked":"Glacier","floor":6},{"not_picked":["Fusion+1","Barrage"],"picked":"Hologram+1","floor":7},{"not_picked":["Hologram+1","Ball Lightning","Heatsinks"],"picked":"SKIP","floor":8},{"not_picked":["Turbo+1","Chaos+1"],"picked":"Buffer","floor":10},{"not_picked":["Rip and Tear","Leap+1"],"picked":"Skim+1","floor":11},{"not_picked":["Cold Snap","Gash"],"picked":"Reprogram+1","floor":12},{"not_picked":["Meteor Strike","Multi-Cast+1"],"picked":"Creative AI","floor":16},{"not_picked":["Beam Cell","Blizzard+1"],"picked":"Defragment","floor":18},{"not_picked":["Sweeping Beam","Gash"],"picked":"Go for the Eyes+1","floor":19},{"not_picked":["Conserve Battery+1","BootSequence+1"],"picked":"Fusion+1","floor":21},{"not_picked":["Turbo+1","Reinforced Body+1"],"picked":"BootSequence+1","floor":23},{"not_picked":["Leap+1","Streamline","Redo+1"],"picked":"SKIP","floor":25},{"not_picked":["Beam Cell","Go for the Eyes+1"],"picked":"Compile Driver","floor":30},{"not_picked":["Stack+1","Turbo+1","Beam Cell"],"picked":"SKIP","floor":31},{"not_picked":["Hyperbeam","All For One"],"picked":"Amplify+1","floor":33},{"not_picked":["Glacier+1","Beam Cell+1"],"picked":"Chill+1","floor":35},{"not_picked":["Reinforced Body+1","Stack+1"],"picked":"Hologram+1","floor":36},{"not_picked":["Glacier+1","FTL","Stack+1"],"picked":"SKIP","floor":41},{"not_picked":["Go for the Eyes+1","BootSequence+1","Melter+1"],"picked":"SKIP","floor":42},{"not_picked":["Aggregate+1","Ball Lightning","Sunder+1"],"picked":"SKIP","floor":44},{"not_picked":["Double Energy+1","Loop"],"picked":"Chaos+1","floor":45},{"not_picked":["Fusion+1","Steam Power+1","Sweeping Beam"],"picked":"SKIP","floor":47},{"not_picked":["Beam Cell+1","Ball Lightning","Stack+1"],"picked":"SKIP","floor":54}],"player_experience":1137878,"relics_obtained":[{"floor":6,"key":"Toxic Egg 2"},{"floor":8,"key":"Potion Belt"},{"floor":9,"key":"MawBank"},{"floor":10,"key":"Odd Mushroom"},{"floor":12,"key":"Boot"},{"floor":13,"key":"Mummified Hand"},{"floor":23,"key":"Sundial"},{"floor":25,"key":"Oddly Smooth Stone"},{"floor":30,"key":"Pear"},{"floor":42,"key":"Gremlin Horn"},{"floor":43,"key":"Bottled Lightning"},{"floor":45,"key":"Mercury Hourglass"},{"floor":54,"key":"Lantern"}],"event_choices":[{"damage_healed":0,"gold_gain":0,"player_choice":"Fought Mushrooms","damage_taken":0,"max_hp_gain":0,"max_hp_loss":0,"event_name":"Mushrooms","floor":10,"gold_loss":0},{"damage_healed":0,"gold_gain":0,"player_choice":"Ignored","damage_taken":0,"max_hp_gain":0,"max_hp_loss":0,"event_name":"Liars Game","floor":14,"gold_loss":0},{"damage_healed":0,"gold_gain":0,"player_choice":"Read","damage_taken":0,"max_hp_gain":0,"max_hp_loss":0,"event_name":"The Library","floor":22,"gold_loss":0,"cards_obtained":["Coolheaded"]},{"damage_healed":0,"gold_gain":0,"player_choice":"Obtained Relic","damage_taken":0,"relics_obtained":["Darkstone Periapt"],"max_hp_gain":0,"max_hp_loss":0,"event_name":"Addict","floor":28,"gold_loss":85},{"damage_healed":0,"gold_gain":0,"player_choice":"Ignored","damage_taken":0,"max_hp_gain":0,"max_hp_loss":0,"event_name":"Vampires","floor":29,"gold_loss":0},{"damage_healed":0,"gold_gain":0,"player_choice":"Ignored","damage_taken":0,"max_hp_gain":0,"max_hp_loss":0,"event_name":"Tomb of Lord Red Mask","floor":37,"gold_loss":0},{"damage_healed":0,"gold_gain":0,"player_choice":"Got Potions","damage_taken":0,"max_hp_gain":0,"max_hp_loss":0,"event_name":"Lab","floor":39,"gold_loss":0},{"damage_healed":0,"gold_gain":0,"player_choice":"Embrace Madness","damage_taken":11,"max_hp_gain":0,"max_hp_loss":0,"event_name":"Winding Halls","floor":48,"gold_loss":0,"cards_obtained":["Madness","Madness"]}],"is_beta":true,"boss_relics":[{"not_picked":["Velvet Choker","Sozu"],"picked":"FrozenCore"},{"not_picked":["Black Star","Fusion Hammer"],"picked":"Empty Cage"}],"items_purged_floors":[20,38,53],"is_endless":false,"potions_floor_spawned":[1,4,10,12,16,23,30,31,33,36,41,42,45,54],"ascension_level":0}