{"gold_per_floor":[114,114,127,147,147,180,180,190,190,200,200,200,200,230,230,230],"floor_reached":16,"playtime":313,"items_purged":[],"score":149,"play_id":"a97bdf13-0746-4072-9f2c-e30482fa472b","local_time":"20190115164110","is_ascension_mode":true,"campfire_choices":[{"floor":7,"key":"REST"},{"floor":11,"key":"REST"},{"floor":13,"key":"REST"},{"data":"Perfected Strike","floor":15,"key":"SMITH"}],"neow_cost":"NONE","seed_source_timestamp":190437607874783,"circlet_count":0,"master_deck":["Strike_R","Strike_R+1","Strike_R","Strike_R+1","Defend_R","Defend_R","Defend_R","Defend_R","Bash","Perfected Strike+1","Headbutt","Shrug It Off","Infernal Blade","Perfected Strike","Headbutt","True Grit"],"relics":["Burning Blood","NeowsBlessing","Shuriken","Sundial"],"potions_floor_usage":[6,16],"damage_taken":[{"damage":0,"enemies":"Jaw Worm","floor":1,"turns":1},{"damage":0,"enemies":"2 Louse","floor":3,"turns":1},{"damage":0,"enemies":"Cultist","floor":4,"turns":1},{"damage":60,"enemies":"Lagavulin","floor":6,"turns":6},{"damage":0,"enemies":"Large Slime","floor":8,"turns":4},{"damage":20,"enemies":"Gremlin Gang","floor":10,"turns":5},{"damage":36,"enemies":"Gremlin Nob","floor":14,"turns":4},{"damage":50,"enemies":"The Guardian","floor":16,"turns":9}],"seed_played":"4691881528824600893","potions_obtained":[{"floor":3,"key":"BloodPotion"},{"floor":8,"key":"EssenceOfSteel"}],"is_trial":false,"path_per_floor":["M","?","M","M","?","E","R","M","T","M","R","?","R","E","R","B"],"character_chosen":"IRONCLAD","items_purchased":[],"campfire_rested":3,"item_purchase_floors":[],"current_hp_per_floor":[78,78,80,80,64,18,42,48,48,34,58,58,80,50,50,0],"gold":230,"neow_bonus":"THREE_ENEMY_KILL","is_prod":false,"is_daily":false,"chose_seed":false,"campfire_upgraded":1,"win_rate":0,"timestamp":1547581270,"path_taken":["M","?","M","M","?","E","R","M","T","M","R","?","R","E","R","BOSS"],"build_version":"2019-01-10","purchased_purges":0,"victory":false,"max_hp_per_floor":[80,80,80,80,80,80,80,80,80,80,80,80,80,80,80,80],"card_choices":[{"not_picked":["Havoc","Twin Strike"],"picked":"Perfected Strike","floor":1},{"not_picked":["Shrug It Off","Havoc"],"picked":"Headbutt","floor":3},{"not_picked":["Juggernaut","Burning Pact"],"picked":"Shrug It Off","floor":4},{"not_picked":["Headbutt","Flex"],"picked":"Infernal Blade","floor":6},{"not_picked":["Power Through","Combust"],"picked":"Perfected Strike","floor":8},{"not_picked":["Dropkick","Havoc"],"picked":"Headbutt","floor":10},{"not_picked":["Warcry","Hemokinesis"],"picked":"True Grit","floor":14}],"player_experience":633725,"relics_obtained":[{"floor":6,"key":"Shuriken"},{"floor":14,"key":"Sundial"}],"event_choices":[{"damage_healed":0,"gold_gain":0,"player_choice":"Ignored","damage_taken":0,"max_hp_gain":0,"max_hp_loss":0,"event_name":"Golden Wing","floor":2,"gold_loss":0},{"damage_healed":0,"gold_gain":0,"player_choice":"Entered Light","damage_taken":16,"max_hp_gain":0,"max_hp_loss":0,"event_name":"Shining Light","floor":5,"gold_loss":0,"cards_upgraded":["Strike_R","Strike_R"]},{"cards_removed":["Strike_R"],"damage_healed":0,"gold_gain":0,"player_choice":"Offered Basic","damage_taken":0,"max_hp_gain":0,"max_hp_loss":0,"event_name":"Bonfire Elementals","floor":12,"gold_loss":0}],"is_beta":false,"boss_relics":[],"items_purged_floors":[],"is_endless":false,"potions_floor_spawned":[3,8],"killed_by":"The Guardian","ascension_level":7}