{"gold_per_floor":[114,131,206,257,274,274,274,318,318,318,339,339,374,388,388,388],"floor_reached":16,"playtime":413,"items_purged":[],"score":209,"play_id":"81445431-15f0-4ac0-8399-6e6cd5a4ad6c","local_time":"20190430201821","is_ascension_mode":true,"campfire_choices":[{"floor":10,"key":"REST"},{"floor":12,"key":"REST"},{"data":"Inflame","floor":15,"key":"SMITH"}],"neow_cost":"NONE","seed_source_timestamp":649447668781300,"circlet_count":0,"master_deck":["AscendersBane","Strike_R","Strike_R","Strike_R","Strike_R","Strike_R","Defend_R","Defend_R","Defend_R","Defend_R","Bash+1","Pommel Strike","Inflame+1","Cleave","Sword Boomerang","Rage+1","Shockwave+1","Thunderclap+1"],"relics":["Burning Blood","Lantern","Golden Idol","Toxic Egg 2","Happy Flower","Question Card","Molten Egg 2"],"potions_floor_usage":[16],"damage_taken":[{"damage":9,"enemies":"2 Louse","floor":1,"turns":3},{"damage":7,"enemies":"Jaw Worm","floor":2,"turns":3},{"damage":12,"enemies":"Small Slimes","floor":5,"turns":4},{"damage":35,"enemies":"Lagavulin","floor":8,"turns":6},{"damage":7,"enemies":"Looter","floor":11,"turns":3},{"damage":25,"enemies":"3 Sentries","floor":13,"turns":8},{"damage":9,"enemies":"Exordium Wildlife","floor":14,"turns":4},{"damage":28,"enemies":"Hexaghost","floor":16,"turns":8}],"seed_played":"-5397421528591900933","potions_obtained":[{"floor":8,"key":"Ancient Potion"},{"floor":11,"key":"AttackPotion"}],"is_trial":false,"path_per_floor":["M","M","?","T","M","?","?","E","T","R","M","R","E","M","R","B"],"character_chosen":"IRONCLAD","items_purchased":[],"campfire_rested":2,"item_purchase_floors":[],"current_hp_per_floor":[65,64,53,53,47,47,36,7,7,27,26,46,27,24,24,0],"gold":388,"neow_bonus":"UPGRADE_CARD","is_prod":false,"is_daily":false,"chose_seed":false,"campfire_upgraded":1,"win_rate":0,"timestamp":1556648301,"path_taken":["M","M","?","?","M","?","?","E","T","R","M","R","E","M","R","BOSS"],"build_version":"2019-01-23","purchased_purges":0,"victory":false,"max_hp_per_floor":[75,75,75,75,75,68,68,68,68,68,68,68,68,68,68,68],"card_choices":[{"not_picked":["Warcry","Heavy Blade"],"picked":"Pommel Strike","floor":1},{"not_picked":["True Grit","Warcry"],"picked":"Inflame","floor":2},{"not_picked":["Clash","Heavy Blade"],"picked":"Cleave","floor":5},{"not_picked":["Pommel Strike","Carnage"],"picked":"Sword Boomerang","floor":8},{"not_picked":["Battle Trance+1","Hemokinesis","Feel No Pain"],"picked":"Rage+1","floor":11},{"not_picked":["Iron Wave","Searing Blow","Clash"],"picked":"Shockwave+1","floor":13},{"not_picked":["Wild Strike+1","Perfected Strike+1","Clothesline+1"],"picked":"Thunderclap+1","floor":14}],"player_experience":657933,"relics_obtained":[{"floor":4,"key":"Lantern"},{"floor":8,"key":"Happy Flower"},{"floor":9,"key":"Question Card"},{"floor":13,"key":"Molten Egg 2"}],"event_choices":[{"damage_healed":0,"gold_gain":75,"player_choice":"Gather Gold","damage_taken":11,"max_hp_gain":0,"max_hp_loss":0,"event_name":"World of Goop","floor":3,"gold_loss":0},{"damage_healed":0,"gold_gain":0,"player_choice":"Lose Max HP","damage_taken":0,"relics_obtained":["Golden Idol"],"max_hp_gain":0,"max_hp_loss":7,"event_name":"Golden Idol","floor":6,"gold_loss":0},{"damage_healed":0,"gold_gain":0,"player_choice":"Success","damage_taken":11,"relics_obtained":["Toxic Egg 2"],"max_hp_gain":0,"max_hp_loss":0,"event_name":"Scrap Ooze","floor":7,"gold_loss":0}],"is_beta":false,"boss_relics":[],"items_purged_floors":[],"is_endless":false,"potions_floor_spawned":[8,11,13],"killed_by":"Hexaghost","ascension_level":18}