{"gold_per_floor":[115,135,135,135,150,177,177,238,310,325,325,336,336,356,356,430,430,444,369,387,76,91,91,101,101,148,166,166,194,194,208,208,282,282,295,9,9,26,126,126,153,1,1,1,35,64,64,95,95,95],"floor_reached":51,"playtime":4117,"items_purged":["Riddle With Holes"],"score":1476,"play_id":"4e6ddcfd-a6a4-4c96-930f-a6723c1c6217","local_time":"20190204121509","is_ascension_mode":true,"campfire_choices":[{"data":"Footwork","floor":7,"key":"SMITH"},{"data":"Noxious Fumes","floor":13,"key":"SMITH"},{"data":"Neutralize","floor":15,"key":"SMITH"},{"floor":23,"key":"REST"},{"data":"Envenom","floor":28,"key":"SMITH"},{"data":"After Image","floor":30,"key":"SMITH"},{"floor":32,"key":"REST"},{"data":"Malaise","floor":40,"key":"SMITH"},{"floor":47,"key":"REST"},{"floor":49,"key":"REST"}],"neow_cost":"NONE","seed_source_timestamp":4099009748187,"circlet_count":0,"master_deck":["AscendersBane","Survivor","Neutralize+1","Poisoned Stab","Dagger Throw","Footwork+1","Backflip","Skewer","Noxious Fumes+1","Deflect","After Image+1","Slice","Masterful Stab","Envenom+1","Expertise","Poisoned Stab","Tools of the Trade","Glass Knife","Infinite Blades","Dash","Cloak And Dagger+1","Prepared+1","Well Laid Plans","Cloak And Dagger","Dodge and Roll+1","Malaise+1","Doppelganger","Blade Dance+1","Backflip","Apotheosis","Cloak And Dagger+1","Escape Plan+1"],"relics":["Ring of the Snake","Tough Bandages","Tiny Chest","Question Card","Boot","Pandora\u0027s Box","Torii","Snake Skull","Juzu Bracelet","Sozu","Thread and Needle","WingedGreaves","MawBank","PreservedInsect","Bag of Marbles","FossilizedHelix","Kunai"],"potions_floor_usage":[6,8,8,8,10,22,29,29,33],"damage_taken":[{"damage":0,"enemies":"Small Slimes","floor":1,"turns":3},{"damage":0,"enemies":"2 Louse","floor":2,"turns":3},{"damage":7,"enemies":"Cultist","floor":5,"turns":4},{"damage":26,"enemies":"Gremlin Nob","floor":6,"turns":4},{"damage":0,"enemies":"3 Sentries","floor":8,"turns":12},{"damage":0,"enemies":"3 Louse","floor":10,"turns":4},{"damage":6,"enemies":"Blue Slaver","floor":12,"turns":5},{"damage":0,"enemies":"2 Fungi Beasts","floor":14,"turns":5},{"damage":8,"enemies":"Hexaghost","floor":16,"turns":11},{"damage":8,"enemies":"Spheric Guardian","floor":18,"turns":4},{"damage":3,"enemies":"2 Thieves","floor":20,"turns":4},{"damage":12,"enemies":"Snecko","floor":22,"turns":5},{"damage":0,"enemies":"Shelled Parasite and Fungi","floor":24,"turns":7},{"damage":18,"enemies":"Snake Plant","floor":27,"turns":4},{"damage":17,"enemies":"Slavers","floor":29,"turns":6},{"damage":0,"enemies":"Chosen and Byrds","floor":31,"turns":5},{"damage":0,"enemies":"Champ","floor":33,"turns":10},{"damage":25,"enemies":"3 Darklings","floor":35,"turns":5},{"damage":0,"enemies":"Orb Walker","floor":38,"turns":3},{"damage":0,"enemies":"Mind Bloom Boss Battle","floor":39,"turns":6},{"damage":0,"enemies":"Giant Head","floor":41,"turns":8},{"damage":10,"enemies":"Reptomancer","floor":45,"turns":7},{"damage":11,"enemies":"Nemesis","floor":46,"turns":5},{"damage":0,"enemies":"Giant Head","floor":48,"turns":6},{"damage":4,"enemies":"Awakened One","floor":50,"turns":13}],"seed_played":"1697454342271812262","potions_obtained":[{"floor":4,"key":"EntropicBrew"},{"floor":4,"key":"Strength Potion"},{"floor":6,"key":"SkillPotion"},{"floor":12,"key":"Weak Potion"},{"floor":16,"key":"Dexterity Potion"},{"floor":27,"key":"Dexterity Potion"},{"floor":31,"key":"PowerPotion"}],"is_trial":false,"path_per_floor":["M","M","?","?","M","E","R","E","T","M","?","M","R","M","R","B",null,"M","$","M","$","M","R","M","?","T","M","R","E","R","M","R","B",null,"M","$","?","M","?","R","E","$","T","?","E","E","R","E","R","B",null],"character_chosen":"THE_SILENT","items_purchased":["Torii","Thread and Needle","Apotheosis"],"campfire_rested":4,"item_purchase_floors":[21,36,42],"current_hp_per_floor":[65,65,70,70,63,37,37,37,37,37,25,19,19,19,19,11,61,53,53,50,50,38,61,61,61,61,43,43,26,26,26,49,49,70,45,45,45,45,45,45,45,45,45,45,35,24,45,45,66,62],"gold":95,"neow_bonus":"TEN_PERCENT_HP_BONUS","is_prod":false,"is_daily":false,"chose_seed":false,"campfire_upgraded":6,"win_rate":0,"timestamp":1549282509,"path_taken":["M","M","?","?","M","E","R","E","T","?","?","M","R","M","R","BOSS","M","$","M","$","M","R","M","?","T","M","R","E","R","M","R","BOSS","M","$","?","M","?","R","E","?","T","?","E","E","R","E","R","BOSS"],"build_version":"2019-01-23","purchased_purges":1,"victory":true,"max_hp_per_floor":[72,72,77,77,77,77,77,77,77,77,77,77,77,77,77,77,77,77,77,77,77,77,77,77,77,77,77,77,77,77,77,77,77,77,77,77,73,73,73,73,73,73,73,73,73,73,73,73,73,73],"card_choices":[{"not_picked":["Blade Dance","Dodge and Roll"],"picked":"Poisoned Stab","floor":1},{"not_picked":["Eviscerate","Bane"],"picked":"Dagger Throw","floor":2},{"not_picked":["Flechettes","Poisoned Stab"],"picked":"Footwork","floor":5},{"not_picked":["Accuracy","Catalyst"],"picked":"Backflip","floor":6},{"not_picked":["Prepared","Bane"],"picked":"Skewer","floor":8},{"not_picked":["Dagger Throw","Escape Plan","Deadly Poison"],"picked":"Noxious Fumes","floor":10},{"not_picked":["Outmaneuver","Expertise","Dagger Throw","Distraction"],"picked":"SKIP","floor":12},{"not_picked":["Expertise","Quick Slash","Backflip"],"picked":"Deflect","floor":14},{"not_picked":["Wraith Form v2","Burst","Venomology"],"picked":"After Image","floor":16},{"not_picked":["Blur","Dagger Throw","Flying Knee"],"picked":"Cloak And Dagger+1","floor":18},{"not_picked":["Blade Dance","Eviscerate","Slice","Infinite Blades+1"],"picked":"SKIP","floor":20},{"not_picked":["Distraction","Flying Knee","Eviscerate"],"picked":"Prepared+1","floor":22},{"not_picked":["Escape Plan","Noxious Fumes","Reflex+1"],"picked":"Well Laid Plans","floor":24},{"not_picked":["Flying Knee+1","Noxious Fumes","Dagger Spray"],"picked":"Cloak And Dagger","floor":27},{"not_picked":["PiercingWail","Crippling Poison","Prepared"],"picked":"Dodge and Roll+1","floor":29},{"not_picked":["Finisher","Skewer","Catalyst"],"picked":"Malaise","floor":31},{"not_picked":["Bullet Time","Grand Finale","Phantasmal Killer"],"picked":"Doppelganger","floor":33},{"not_picked":["Slice","Sucker Punch+1","Poisoned Stab","Skewer+1"],"picked":"SKIP","floor":35},{"not_picked":["Dodge and Roll","Deadly Poison","PiercingWail","Poisoned Stab"],"picked":"SKIP","floor":38},{"not_picked":["Concentrate+1","Dagger Throw+1","Accuracy"],"picked":"Blade Dance+1","floor":39},{"not_picked":["Prepared","Wraith Form v2","Tactician"],"picked":"Backflip","floor":41},{"not_picked":["Deflect","Prepared","Dagger Spray"],"picked":"Cloak And Dagger+1","floor":45},{"not_picked":["Sucker Punch+1","Dagger Spray","Finisher","Heel Hook"],"picked":"SKIP","floor":46},{"not_picked":["Leg Sweep","Corpse Explosion","Dodge and Roll"],"picked":"Escape Plan+1","floor":48}],"player_experience":818906,"relics_obtained":[{"floor":6,"key":"Tough Bandages"},{"floor":8,"key":"Tiny Chest"},{"floor":9,"key":"Question Card"},{"floor":26,"key":"Snake Skull"},{"floor":29,"key":"Juzu Bracelet"},{"floor":39,"key":"WingedGreaves"},{"floor":41,"key":"MawBank"},{"floor":43,"key":"PreservedInsect"},{"floor":45,"key":"Bag of Marbles"},{"floor":46,"key":"FossilizedHelix"},{"floor":48,"key":"Kunai"}],"event_choices":[{"damage_healed":0,"gold_gain":0,"player_choice":"Donut","damage_taken":0,"max_hp_gain":5,"max_hp_loss":0,"event_name":"Big Fish","floor":3,"gold_loss":0},{"damage_healed":0,"gold_gain":0,"player_choice":"Got Potions","damage_taken":0,"max_hp_gain":0,"max_hp_loss":0,"event_name":"Lab","floor":4,"gold_loss":0},{"damage_healed":0,"gold_gain":0,"player_choice":"Success","damage_taken":12,"relics_obtained":["Boot"],"max_hp_gain":0,"max_hp_loss":0,"event_name":"Scrap Ooze","floor":11,"gold_loss":0},{"damage_healed":0,"gold_gain":0,"player_choice":"Ignored","damage_taken":0,"max_hp_gain":0,"max_hp_loss":0,"event_name":"Ghosts","floor":25,"gold_loss":0},{"damage_healed":0,"gold_gain":0,"player_choice":"Max HP","damage_taken":0,"max_hp_gain":0,"max_hp_loss":4,"event_name":"Winding Halls","floor":37,"gold_loss":0},{"damage_healed":0,"gold_gain":0,"player_choice":"Fight","damage_taken":0,"max_hp_gain":0,"max_hp_loss":0,"event_name":"MindBloom","floor":39,"gold_loss":0},{"damage_healed":0,"gold_gain":0,"player_choice":"Memory 1","damage_taken":0,"max_hp_gain":0,"max_hp_loss":0,"event_name":"SensoryStone","floor":44,"gold_loss":0}],"is_beta":true,"boss_relics":[{"not_picked":["Velvet Choker","Calling Bell"],"picked":"Pandora\u0027s Box"},{"not_picked":["Runic Dome","Astrolabe"],"picked":"Sozu"}],"items_purged_floors":[19],"is_endless":false,"potions_floor_spawned":[6,12,16,20,27,31,35,38,41,45],"ascension_level":14}