{"gold_per_floor":[118,118,137,212,226,226,258,272,272,306,85,104,104,117,117,214,214,224,224,241,80,179,179,196,213,213,213,232,6,6,22,22,124,124,135,147,0,0,11,11,42,59,59,70,70,87,7,7,7,7],"floor_reached":50,"playtime":1499,"items_purged":[],"score":608,"play_id":"77f5ef4f-c533-4b2e-8413-3da576c2492d","local_time":"20190115154005","is_ascension_mode":true,"campfire_choices":[{"data":"Glass Knife","floor":6,"key":"SMITH"},{"floor":15,"key":"REST"},{"data":"Backflip","floor":23,"key":"SMITH"},{"data":"Terror","floor":27,"key":"SMITH"},{"data":"Leg Sweep","floor":32,"key":"SMITH"},{"data":"Venomology","floor":40,"key":"SMITH"},{"data":"Accuracy","floor":49,"key":"SMITH"}],"neow_cost":"TEN_PERCENT_HP_LOSS","seed_source_timestamp":185584436511641,"circlet_count":0,"master_deck":["Defend_G","Defend_G","Defend_G+1","Defend_G","Defend_G","Strike_G","Strike_G","Strike_G","Strike_G+1","Strike_G","Survivor","Neutralize","Glass Knife+1","Poisoned Stab","Backflip+1","Terror+1","Cloak And Dagger","PiercingWail","Unload+1","Quick Slash+1","Finisher+1","Venomology+1","Deflect+1","Riddle With Holes+1","Backstab+1","Infinite Blades","Dagger Spray+1","Dagger Spray+1","PiercingWail+1","Backflip+1","Leg Sweep+1","Dodge and Roll","Doppelganger","Accuracy+1","Acrobatics+1","Endless Agony+1","Dagger Spray+1","Leg Sweep+1","Doubt","PiercingWail","Accuracy+1"],"relics":["Ring of the Snake","Centennial Puzzle","Molten Egg 2","Vajra","Ornamental Fan","Blood Vial","Runic Dome","Enchiridion","Pear","Bag of Marbles","WristBlade","Red Mask","Happy Flower","Kunai","Bottled Lightning"],"potions_floor_usage":[16,16,25,33,33,39,39,41,41,42,42,42,46,50,50,50,50,50,50],"damage_taken":[{"damage":0,"enemies":"Jaw Worm","floor":1,"turns":4},{"damage":0,"enemies":"2 Louse","floor":3,"turns":3},{"damage":0,"enemies":"Small Slimes","floor":5,"turns":3},{"damage":6,"enemies":"Gremlin Nob","floor":7,"turns":3},{"damage":5,"enemies":"Exordium Wildlife","floor":8,"turns":3},{"damage":12,"enemies":"Lagavulin","floor":10,"turns":4},{"damage":0,"enemies":"3 Louse","floor":12,"turns":2},{"damage":0,"enemies":"Gremlin Gang","floor":14,"turns":2},{"damage":26,"enemies":"The Guardian","floor":16,"turns":14},{"damage":0,"enemies":"Shell Parasite","floor":18,"turns":3},{"damage":2,"enemies":"3 Byrds","floor":20,"turns":4},{"damage":0,"enemies":"3 Cultists","floor":24,"turns":3},{"damage":8,"enemies":"Cultist and Chosen","floor":25,"turns":4},{"damage":0,"enemies":"Snake Plant","floor":28,"turns":2},{"damage":0,"enemies":"Centurion and Healer","floor":31,"turns":2},{"damage":52,"enemies":"Automaton","floor":33,"turns":9},{"damage":9,"enemies":"3 Darklings","floor":35,"turns":2},{"damage":8,"enemies":"3 Shapes","floor":36,"turns":3},{"damage":8,"enemies":"Writhing Mass","floor":39,"turns":5},{"damage":28,"enemies":"Reptomancer","floor":41,"turns":4},{"damage":6,"enemies":"Transient","floor":42,"turns":5},{"damage":0,"enemies":"Spire Growth","floor":44,"turns":3},{"damage":13,"enemies":"Maw","floor":46,"turns":6},{"damage":65,"enemies":"Time Eater","floor":50,"turns":8}],"seed_played":"7594257903556063082","potions_obtained":[{"floor":10,"key":"Swift Potion"},{"floor":12,"key":"Weak Potion"},{"floor":16,"key":"PowerPotion"},{"floor":24,"key":"Strength Potion"},{"floor":30,"key":"PowerPotion"},{"floor":35,"key":"FearPotion"},{"floor":39,"key":"SkillPotion"},{"floor":41,"key":"Poison Potion"},{"floor":42,"key":"GhostInAJar"}],"is_trial":false,"path_per_floor":["M","?","M","?","M","R","E","M","T","E","$","M","?","M","R","B",null,"M","?","M","$","?","R","M","M","T","R","M","$","?","M","R","B",null,"M","M","?","$","M","R","E","M","T","M","?","M","$","T","R","B"],"character_chosen":"THE_SILENT","items_purchased":["Blood Vial","Unload+1","Backstab+1","Infinite Blades","Dagger Spray+1","Leg Sweep","Bag of Marbles","Accuracy"],"campfire_rested":1,"item_purchase_floors":[11,11,21,21,21,29,29,47],"current_hp_per_floor":[63,56,56,45,45,45,39,34,34,22,22,24,11,13,31,7,63,63,47,47,47,47,47,49,43,53,53,55,55,55,57,57,7,73,64,58,58,58,52,52,26,22,22,24,73,60,60,60,60,0],"gold":7,"neow_bonus":"THREE_RARE_CARDS","is_prod":false,"is_daily":false,"chose_seed":false,"campfire_upgraded":6,"win_rate":0,"timestamp":1547577605,"path_taken":["M","?","M","?","M","R","E","M","T","E","?","M","?","M","R","BOSS","M","?","M","$","?","R","M","M","T","R","M","?","?","M","R","BOSS","M","?","?","?","?","R","E","M","T","M","?","M","$","?","R","BOSS"],"build_version":"2019-01-10","purchased_purges":0,"victory":false,"max_hp_per_floor":[63,63,63,63,63,63,63,63,63,63,63,63,63,63,63,63,63,63,63,63,63,63,63,63,63,73,73,73,73,73,73,73,73,73,73,73,73,73,73,73,73,73,73,73,73,73,73,73,73,73],"card_choices":[{"not_picked":["Wraith Form v2","After Image"],"picked":"Glass Knife","floor":0},{"not_picked":["Dagger Throw","PiercingWail"],"picked":"Poisoned Stab","floor":1},{"not_picked":["Crippling Poison","Deflect"],"picked":"Backflip","floor":3},{"not_picked":["Deadly Poison","Accuracy","Concentrate"],"picked":"SKIP","floor":5},{"not_picked":["Prepared","Underhanded Strike"],"picked":"Terror","floor":7},{"not_picked":["PiercingWail","Outmaneuver"],"picked":"Cloak And Dagger","floor":8},{"not_picked":["Dodge and Roll","Bouncing Flask"],"picked":"PiercingWail","floor":10},{"not_picked":["PiercingWail","Slice+1"],"picked":"Quick Slash+1","floor":12},{"not_picked":["Predator+1","Terror"],"picked":"Finisher+1","floor":14},{"not_picked":["Grand Finale+1","A Thousand Cuts"],"picked":"Venomology","floor":16},{"not_picked":["Sucker Punch+1","Outmaneuver+1"],"picked":"Deflect+1","floor":18},{"not_picked":["Outmaneuver","Grand Finale+1"],"picked":"Riddle With Holes+1","floor":20},{"not_picked":["Sucker Punch+1","PiercingWail"],"picked":"Dagger Spray+1","floor":24},{"not_picked":["Acrobatics","Dodge and Roll"],"picked":"PiercingWail+1","floor":25},{"not_picked":["Flechettes+1","Prepared"],"picked":"Backflip+1","floor":28},{"not_picked":["Outmaneuver+1","Acrobatics"],"picked":"Dodge and Roll","floor":31},{"not_picked":["Envenom","Venomology"],"picked":"Doppelganger","floor":33},{"not_picked":["Blur+1","Caltrops"],"picked":"Accuracy+1","floor":35},{"not_picked":["Dagger Throw+1","Cloak And Dagger"],"picked":"Acrobatics+1","floor":36},{"not_picked":["Deadly Poison+1","Underhanded Strike+1","Acrobatics+1"],"picked":"SKIP","floor":39},{"not_picked":["Doppelganger","Reflex"],"picked":"Endless Agony+1","floor":41},{"not_picked":["Quick Slash+1","Dagger Throw+1"],"picked":"Dagger Spray+1","floor":42},{"not_picked":["Acrobatics","Dodge and Roll"],"picked":"Leg Sweep+1","floor":44},{"not_picked":["Dagger Throw+1","Catalyst"],"picked":"PiercingWail","floor":46}],"player_experience":629001,"relics_obtained":[{"floor":7,"key":"Molten Egg 2"},{"floor":9,"key":"Vajra"},{"floor":10,"key":"Ornamental Fan"},{"floor":19,"key":"Enchiridion"},{"floor":26,"key":"Pear"},{"floor":41,"key":"Happy Flower"},{"floor":43,"key":"Kunai"},{"floor":48,"key":"Bottled Lightning"}],"event_choices":[{"damage_healed":0,"gold_gain":0,"player_choice":"Success","damage_taken":7,"relics_obtained":["Centennial Puzzle"],"max_hp_gain":0,"max_hp_loss":0,"event_name":"Scrap Ooze","floor":2,"gold_loss":0},{"damage_healed":0,"gold_gain":75,"player_choice":"Gather Gold","damage_taken":11,"max_hp_gain":0,"max_hp_loss":0,"event_name":"World of Goop","floor":4,"gold_loss":0},{"damage_healed":0,"gold_gain":0,"player_choice":"Entered Light","damage_taken":13,"max_hp_gain":0,"max_hp_loss":0,"event_name":"Shining Light","floor":13,"gold_loss":0,"cards_upgraded":["Strike_G","Defend_G"]},{"damage_healed":0,"gold_gain":0,"player_choice":"Obtained Book","damage_taken":16,"max_hp_gain":0,"max_hp_loss":0,"event_name":"Cursed Tome","floor":19,"gold_loss":0},{"damage_healed":0,"gold_gain":99,"player_choice":"Stole From Cult","damage_taken":0,"max_hp_gain":0,"max_hp_loss":0,"event_name":"Nest","floor":22,"gold_loss":0},{"damage_healed":0,"gold_gain":0,"player_choice":"Got Potions","damage_taken":0,"max_hp_gain":0,"max_hp_loss":0,"event_name":"Lab","floor":30,"gold_loss":0},{"damage_healed":0,"gold_gain":0,"player_choice":"Paid","damage_taken":0,"relics_obtained":["Red Mask"],"max_hp_gain":0,"max_hp_loss":0,"event_name":"Tomb of Lord Red Mask","floor":37,"gold_loss":147},{"damage_healed":49,"gold_gain":0,"player_choice":"Heal","damage_taken":0,"max_hp_gain":0,"max_hp_loss":0,"event_name":"MindBloom","floor":45,"gold_loss":0,"cards_obtained":["Doubt"]}],"is_beta":false,"boss_relics":[{"not_picked":["Velvet Choker","Pandora\u0027s Box"],"picked":"Runic Dome"},{"not_picked":["Ring of the Serpent","Runic Pyramid"],"picked":"WristBlade"}],"items_purged_floors":[],"is_endless":false,"potions_floor_spawned":[10,12,16,24,25,28,35,39,41,42],"killed_by":"Time Eater","ascension_level":4}