{"gold_per_floor":[111,74,24,40,40,65,75,102,102,102,113,113,183,197,197,197],"floor_reached":16,"playtime":427,"items_purged":[],"score":230,"play_id":"3bfbdd2a-d293-4047-961b-28223aa6c7fb","local_time":"20190422234506","is_ascension_mode":true,"campfire_choices":[{"floor":10,"key":"REST"},{"data":"Genetic Algorithm","floor":15,"key":"SMITH"}],"neow_cost":"NONE","seed_source_timestamp":986247075021097,"circlet_count":0,"master_deck":["AscendersBane","Strike_B","Strike_B","Strike_B","Defend_B","Defend_B","Defend_B","Defend_B","Zap","Dualcast","Genetic Algorithm+1","Chill","Conserve Battery","Loop","Buffer","Core Surge","Rebound"],"relics":["Cracked Core","NeowsBlessing","Bag of Marbles","The Courier","Happy Flower","Bottled Flame"],"potions_floor_usage":[6,8,16],"damage_taken":[{"damage":0,"enemies":"Cultist","floor":1,"turns":1},{"damage":0,"enemies":"Small Slimes","floor":4,"turns":1},{"damage":0,"enemies":"Gremlin Nob","floor":6,"turns":1},{"damage":0,"enemies":"2 Louse","floor":7,"turns":3},{"damage":46,"enemies":"3 Sentries","floor":8,"turns":13},{"damage":9,"enemies":"Looter","floor":11,"turns":2},{"damage":6,"enemies":"2 Fungi Beasts","floor":14,"turns":2},{"damage":30,"enemies":"Hexaghost","floor":16,"turns":9}],"seed_played":"-4687080403728194917","potions_obtained":[{"floor":1,"key":"SneckoOil"},{"floor":6,"key":"Strength Potion"},{"floor":8,"key":"Fruit Juice"}],"is_trial":false,"path_per_floor":["M","$","?","M","?","E","M","E","T","R","M","T","?","M","R","B"],"character_chosen":"DEFECT","items_purchased":["Chill"],"campfire_rested":1,"item_purchase_floors":[2],"current_hp_per_floor":[64,64,64,64,64,64,64,23,23,45,36,36,36,30,30,0],"gold":197,"neow_bonus":"THREE_ENEMY_KILL","is_prod":false,"is_daily":false,"chose_seed":false,"campfire_upgraded":1,"win_rate":0,"timestamp":1555987506,"path_taken":["M","?","?","M","?","E","M","E","T","R","M","?","?","?","R","BOSS"],"build_version":"2019-01-23","purchased_purges":0,"victory":false,"max_hp_per_floor":[71,71,71,71,71,71,71,76,76,76,76,76,76,76,76,76],"card_choices":[{"not_picked":["Undo","Rip and Tear"],"picked":"Genetic Algorithm","floor":1},{"not_picked":["Gash","Steam"],"picked":"Conserve Battery","floor":4},{"not_picked":["Leap","Auto Shields"],"picked":"Loop","floor":6},{"not_picked":["Static Discharge","Tempest"],"picked":"Buffer","floor":7},{"not_picked":["Scrape","Steam Power"],"picked":"Core Surge","floor":8},{"not_picked":["Coolheaded","Darkness"],"picked":"Rebound","floor":11},{"not_picked":["Darkness","Skim","Steam"],"picked":"SKIP","floor":14}],"player_experience":1183795,"relics_obtained":[{"floor":6,"key":"Bag of Marbles"},{"floor":8,"key":"The Courier"},{"floor":9,"key":"Happy Flower"},{"floor":12,"key":"Bottled Flame"}],"event_choices":[{"cards_removed":["Strike_B"],"damage_healed":0,"gold_gain":0,"player_choice":"Card Removal","damage_taken":0,"max_hp_gain":0,"max_hp_loss":0,"event_name":"The Cleric","floor":3,"gold_loss":50},{"damage_healed":0,"gold_gain":0,"player_choice":"Ignored","damage_taken":0,"max_hp_gain":0,"max_hp_loss":0,"event_name":"Liars Game","floor":5,"gold_loss":0},{"damage_healed":0,"gold_gain":70,"player_choice":"Gained Gold","damage_taken":0,"max_hp_gain":0,"max_hp_loss":0,"event_name":"Golden Wing","floor":13,"gold_loss":0}],"is_beta":false,"boss_relics":[],"items_purged_floors":[],"is_endless":false,"potions_floor_spawned":[1,6,8],"killed_by":"Hexaghost","ascension_level":14}