{"gold_per_floor":[20,20,20,20,36,77,77,96,96,46,71,104,104,122,122,241,241,254,278,278,297,320,355,355,399,399,433,15,15,15,115,115,213,213,225,225,18,18,36,61,61,91,91,125,30,62,0,52,52,52,52,52,3,38,38],"floor_reached":56,"playtime":3079,"items_purged":[],"score":1508,"play_id":"ac63e98f-e6b4-4c90-a72e-947fd7e87a7a","local_time":"20190423174539","is_ascension_mode":true,"campfire_choices":[{"data":"Loop","floor":7,"key":"SMITH"},{"data":"Consume","floor":13,"key":"SMITH"},{"data":"Coolheaded","floor":15,"key":"SMITH"},{"floor":24,"key":"REST"},{"data":"Coolheaded","floor":29,"key":"SMITH"},{"floor":32,"key":"REST"},{"floor":41,"key":"RECALL"},{"data":"Fusion","floor":49,"key":"SMITH"},{"data":"Reboot","floor":52,"key":"SMITH"}],"neow_cost":"NO_GOLD","seed_source_timestamp":3709008127723340,"circlet_count":0,"master_deck":["Strike_B","Strike_B","Defend_B","Defend_B","Defend_B+1","Zap+1","Dualcast+1","Ball Lightning","Loop+1","Steam","Go for the Eyes+1","Consume+1","Coolheaded+1","Biased Cognition+1","Reboot+1","Static Discharge+1","Coolheaded+1","Cold Snap+1","Ball Lightning+1","Electrodynamics+1","Steam Power+1","Undo+1","Storm+1","Sunder+1","Glacier","Thunder Strike+1","Coolheaded+1","Panacea","Master of Strategy","Bandage Up","Conserve Battery+1","Hologram+1","Coolheaded+1","Loop+1","Double Energy","Cold Snap+1","Fusion+1","Stack+1"],"relics":["Cracked Core","Mango","Bloody Idol","Molten Egg 2","Frozen Egg 2","Bird Faced Urn","Runic Dome","Oddly Smooth Stone","Dream Catcher","Ornamental Fan","Turnip","Ice Cream","Torii","Shuriken","Nuclear Battery","Runic Capacitor","PreservedInsect","Vajra","Mercury Hourglass","Calipers","Red Mask","Nunchaku","Pen Nib"],"potions_floor_usage":[6,12,21,31,50,55,55,55,55,55,55],"damage_taken":[{"damage":1,"enemies":"Jaw Worm","floor":1,"turns":4},{"damage":0,"enemies":"2 Louse","floor":5,"turns":1},{"damage":2,"enemies":"Lagavulin","floor":6,"turns":6},{"damage":0,"enemies":"Small Slimes","floor":8,"turns":3},{"damage":1,"enemies":"Blue Slaver","floor":11,"turns":3},{"damage":8,"enemies":"Gremlin Nob","floor":12,"turns":3},{"damage":7,"enemies":"3 Louse","floor":14,"turns":3},{"damage":2,"enemies":"Hexaghost","floor":16,"turns":7},{"damage":5,"enemies":"Spheric Guardian","floor":18,"turns":3},{"damage":0,"enemies":"3 Byrds","floor":19,"turns":3},{"damage":4,"enemies":"Snake Plant","floor":21,"turns":6},{"damage":6,"enemies":"Cultist and Chosen","floor":22,"turns":6},{"damage":38,"enemies":"Slavers","floor":23,"turns":5},{"damage":32,"enemies":"Gremlin Leader","floor":25,"turns":3},{"damage":8,"enemies":"Book of Stabbing","floor":27,"turns":4},{"damage":8,"enemies":"Colosseum Slavers","floor":31,"turns":3},{"damage":15,"enemies":"Colosseum Nobs","floor":31,"turns":4},{"damage":19,"enemies":"Automaton","floor":33,"turns":9},{"damage":9,"enemies":"3 Shapes","floor":35,"turns":3},{"damage":0,"enemies":"3 Darklings","floor":39,"turns":4},{"damage":1,"enemies":"Giant Head","floor":40,"turns":7},{"damage":50,"enemies":"Nemesis","floor":42,"turns":3},{"damage":1,"enemies":"Giant Head","floor":44,"turns":7},{"damage":0,"enemies":"Reptomancer","floor":46,"turns":5},{"damage":11,"enemies":"2 Orb Walkers","floor":48,"turns":3},{"damage":0,"enemies":"Awakened One","floor":50,"turns":13},{"damage":20,"enemies":"Shield and Spear","floor":54,"turns":6},{"damage":0,"enemies":"The Heart","floor":55,"turns":11}],"seed_played":"3007192892425550772","potions_obtained":[{"floor":1,"key":"PowerPotion"},{"floor":5,"key":"Ancient Potion"},{"floor":8,"key":"FocusPotion"},{"floor":19,"key":"SkillPotion"},{"floor":23,"key":"Strength Potion"},{"floor":35,"key":"EntropicBrew"},{"floor":44,"key":"Weak Potion"}],"is_trial":false,"path_per_floor":["M","?","?","?","M","E","R","M","T","?","M","E","R","M","R","B",null,"M","M","?","M","M","E","R","E","T","E","$","R","?","?","R","B",null,"M","?","$","?","M","E","R","E","T","E","$","E","?","?","R","B",null,"R","$","E","B",null],"character_chosen":"DEFECT","items_purchased":["Storm+1","Ice Cream","Sunder+1","Runic Capacitor","Double Energy","Cold Snap+1","Weak Potion"],"campfire_rested":2,"item_purchase_floors":[28,28,28,37,45,45,53],"current_hp_per_floor":[88,66,48,48,48,46,46,46,46,46,45,37,37,32,32,34,89,84,86,86,88,85,53,79,53,53,53,53,53,53,47,73,69,89,87,87,87,77,89,89,89,48,48,66,66,85,85,86,86,89,89,89,89,80,89],"gold":38,"neow_bonus":"ONE_RARE_RELIC","is_prod":false,"is_daily":false,"chose_seed":false,"campfire_upgraded":6,"win_rate":0,"timestamp":1556055939,"path_taken":["M","?","?","?","M","E","R","?","T","?","M","E","R","M","R","BOSS","M","M","?","?","M","E","R","E","T","E","$","R","?","?","R","BOSS","M","?","$","?","M","E","R","E","T","E","?","E","?","?","R","BOSS","R","$","E","BOSS"],"build_version":"2019-04-21","purchased_purges":0,"victory":true,"max_hp_per_floor":[89,89,89,89,89,89,89,89,89,89,89,89,89,89,89,89,89,89,89,89,89,89,89,89,89,89,89,89,89,89,89,89,89,89,89,89,89,89,89,89,89,89,89,89,89,89,89,89,89,89,89,89,89,89,89],"card_choices":[{"not_picked":["Chill","Leap"],"picked":"Ball Lightning","floor":1},{"not_picked":["Redo","Beam Cell"],"picked":"Loop","floor":5},{"not_picked":["Leap","Multi-Cast"],"picked":"Steam","floor":6},{"not_picked":["Stack","Beam Cell+1"],"picked":"Go for the Eyes+1","floor":8},{"not_picked":["Darkness","Fusion"],"picked":"Consume","floor":11},{"not_picked":["Turbo","Compile Driver+1"],"picked":"Coolheaded","floor":12},{"not_picked":["Redo","Stack"],"picked":"Biased Cognition+1","floor":14},{"not_picked":["All For One+1","Multi-Cast"],"picked":"Reboot","floor":16},{"not_picked":["Recycle","Auto Shields"],"picked":"Static Discharge+1","floor":18},{"not_picked":["Leap","Compile Driver+1"],"picked":"Coolheaded","floor":19},{"not_picked":["Beam Cell+1","Reprogram+1"],"picked":"Cold Snap+1","floor":21},{"not_picked":["Conserve Battery+1","Rebound+1"],"picked":"Ball Lightning+1","floor":22},{"not_picked":["Streamline+1","Auto Shields"],"picked":"Electrodynamics+1","floor":23},{"not_picked":["Hologram","Heatsinks+1"],"picked":"Steam Power+1","floor":25},{"not_picked":["Chaos","Redo"],"picked":"Undo+1","floor":27},{"not_picked":["Compile Driver+1","Beam Cell+1"],"picked":"Glacier","floor":32},{"not_picked":["Electrodynamics+1","Core Surge+1"],"picked":"Thunder Strike+1","floor":33},{"not_picked":["FTL+1","Sweeping Beam+1"],"picked":"Coolheaded+1","floor":35},{"not_picked":["Madness","Good Instincts"],"picked":"Panacea","floor":38},{"not_picked":["Sadistic Nature+1","Madness"],"picked":"Master of Strategy","floor":38},{"not_picked":["Enlightenment","Violence"],"picked":"Bandage Up","floor":38},{"not_picked":["Consume+1","Cold Snap+1"],"picked":"Conserve Battery+1","floor":39},{"not_picked":["Redo","Steam+1"],"picked":"Hologram+1","floor":40},{"not_picked":["Scrape+1","Reprogram"],"picked":"Coolheaded+1","floor":42},{"not_picked":["Auto Shields","Barrage+1"],"picked":"Loop+1","floor":44},{"not_picked":["Multi-Cast","Barrage+1"],"picked":"Fusion","floor":46},{"not_picked":["Leap+1","Gash+1"],"picked":"Stack+1","floor":48},{"not_picked":["Self Repair+1","Melter+1","Doom and Gloom+1"],"picked":"SKIP","floor":54}],"player_experience":5461403,"relics_obtained":[{"floor":6,"key":"Molten Egg 2"},{"floor":9,"key":"Frozen Egg 2"},{"floor":12,"key":"Bird Faced Urn"},{"floor":23,"key":"Oddly Smooth Stone"},{"floor":25,"key":"Dream Catcher"},{"floor":26,"key":"Ornamental Fan"},{"floor":27,"key":"Turnip"},{"floor":31,"key":"Torii"},{"floor":31,"key":"Shuriken"},{"floor":40,"key":"PreservedInsect"},{"floor":42,"key":"Vajra"},{"floor":44,"key":"Mercury Hourglass"},{"floor":46,"key":"Calipers"},{"floor":48,"key":"Nunchaku"},{"floor":54,"key":"Pen Nib"}],"event_choices":[{"damage_healed":0,"gold_gain":0,"player_choice":"Take Damage","damage_taken":22,"relics_obtained":["Golden Idol"],"max_hp_gain":0,"max_hp_loss":0,"event_name":"Golden Idol","floor":2,"gold_loss":0},{"damage_healed":0,"gold_gain":0,"player_choice":"Entered Light","damage_taken":18,"max_hp_gain":0,"max_hp_loss":0,"event_name":"Shining Light","floor":3,"gold_loss":0,"cards_upgraded":["Zap","Defend_B"]},{"damage_healed":0,"gold_gain":0,"player_choice":"Grow","damage_taken":0,"max_hp_gain":0,"max_hp_loss":0,"event_name":"Living Wall","floor":4,"gold_loss":0,"cards_upgraded":["Dualcast"]},{"cards_removed":["Strike_B"],"damage_healed":0,"gold_gain":0,"player_choice":"Card Removal","damage_taken":0,"max_hp_gain":0,"max_hp_loss":0,"event_name":"The Cleric","floor":10,"gold_loss":50},{"cards_removed":["Defend_B"],"damage_healed":0,"gold_gain":0,"player_choice":"Offered Basic","damage_taken":0,"max_hp_gain":0,"max_hp_loss":0,"event_name":"Bonfire Elementals","floor":20,"gold_loss":0},{"damage_healed":0,"gold_gain":0,"player_choice":"Gave Idol","damage_taken":0,"relics_obtained":["Bloody Idol"],"max_hp_gain":0,"max_hp_loss":0,"event_name":"Forgotten Altar","floor":30,"relics_lost":["Golden Idol"],"gold_loss":0},{"damage_healed":0,"gold_gain":0,"player_choice":"Fight","damage_taken":0,"max_hp_gain":0,"max_hp_loss":0,"event_name":"Colosseum","floor":31,"gold_loss":0},{"damage_healed":0,"gold_gain":0,"player_choice":"Fought Nobs","damage_taken":0,"max_hp_gain":0,"max_hp_loss":0,"event_name":"Colosseum","floor":31,"gold_loss":0},{"cards_removed":["Strike_B"],"damage_healed":0,"gold_gain":0,"player_choice":"Removed Attack","damage_taken":0,"max_hp_gain":0,"max_hp_loss":0,"event_name":"Falling","floor":36,"gold_loss":0},{"damage_healed":0,"gold_gain":0,"player_choice":"Memory 3","damage_taken":10,"max_hp_gain":0,"max_hp_loss":0,"event_name":"SensoryStone","floor":38,"gold_loss":0},{"damage_healed":0,"gold_gain":0,"player_choice":"Paid","damage_taken":0,"relics_obtained":["Red Mask"],"max_hp_gain":0,"max_hp_loss":0,"event_name":"Tomb of Lord Red Mask","floor":47,"gold_loss":62},{"damage_healed":0,"gold_gain":0,"player_choice":"Fight","damage_taken":0,"max_hp_gain":0,"max_hp_loss":0,"event_name":"Mysterious Sphere","floor":48,"gold_loss":0}],"is_beta":true,"boss_relics":[{"not_picked":["Tiny House","Astrolabe"],"picked":"Runic Dome"},{"not_picked":["Eternal Feather","Pandora\u0027s Box"],"picked":"Nuclear Battery"}],"items_purged_floors":[],"is_endless":false,"potions_floor_spawned":[1,5,8,19,23,31,35,44,46],"ascension_level":1}