{"gold_per_floor":[113,113,288,308,151,180,180,208,235,235,15,27,27,38,38,134,184,202,127,127,138,89,89,122,122,122,122,85,104,104,121,121,121],"floor_reached":33,"playtime":1161,"items_purged":["Doubt"],"score":432,"play_id":"c9bed133-641a-4584-923f-6da21e871df2","local_time":"20190304190103","is_ascension_mode":true,"campfire_choices":[{"data":"Recycle","floor":10,"key":"SMITH"},{"data":"Apotheosis","floor":13,"key":"SMITH"},{"floor":15,"key":"REST"},{"data":"White Noise","floor":23,"key":"SMITH"},{"floor":25,"key":"REST"},{"floor":32,"key":"REST"}],"neow_cost":"NONE","seed_source_timestamp":1574103194395726,"circlet_count":0,"master_deck":["Strike_B","Strike_B","Strike_B","Strike_B+1","Defend_B","Defend_B","Defend_B","Defend_B","Zap","Dualcast","Tempest+1","Recycle+1","Leap","Melter+1","Defragment","Apotheosis+1","Ball Lightning+1","Conserve Battery","Hyperbeam+1","Sweeping Beam+1","White Noise+1","Hyperbeam+1","Doom and Gloom+1","Rebound+1","Hologram","Self Repair","Barrage+1","Streamline+1"],"relics":["Cracked Core","NeowsBlessing","Bronze Scales","Lantern","Molten Egg 2","Juzu Bracelet","Anchor","Orichalcum","Nloth\u0027s Gift"],"potions_floor_usage":[8,24,24,27],"damage_taken":[{"damage":0,"enemies":"2 Louse","floor":1,"turns":1},{"damage":0,"enemies":"Jaw Worm","floor":4,"turns":1},{"damage":0,"enemies":"Gremlin Nob","floor":6,"turns":1},{"damage":49,"enemies":"Lagavulin","floor":8,"turns":8},{"damage":0,"enemies":"Cultist","floor":12,"turns":2},{"damage":1,"enemies":"2 Fungi Beasts","floor":14,"turns":3},{"damage":31,"enemies":"Hexaghost","floor":16,"turns":9},{"damage":9,"enemies":"3 Byrds","floor":18,"turns":2},{"damage":0,"enemies":"Spheric Guardian","floor":21,"turns":2},{"damage":24,"enemies":"Slavers","floor":24,"turns":2},{"damage":1,"enemies":"Snecko","floor":27,"turns":3},{"damage":34,"enemies":"Shelled Parasite and Fungi","floor":29,"turns":4},{"damage":14,"enemies":"Chosen and Byrds","floor":31,"turns":5},{"damage":76,"enemies":"Automaton","floor":33,"turns":6}],"seed_played":"-6010919452835966690","potions_obtained":[{"floor":1,"key":"Ancient Potion"},{"floor":4,"key":"Energy Potion"},{"floor":16,"key":"Poison Potion"},{"floor":17,"key":"SmokeBomb"},{"floor":21,"key":"Explosive Potion"},{"floor":31,"key":"Weak Potion"}],"is_trial":false,"path_per_floor":["M","?","?","M","$","E","?","E","T","R","$","M","R","M","R","B",null,"M","$","?","M","$","R","E","R","T","M","$","M","?","M","R","B"],"character_chosen":"DEFECT","items_purchased":["Bronze Scales","Defragment","Apotheosis","Rebound+1","Self Repair"],"campfire_rested":3,"item_purchase_floors":[5,11,11,22,28],"current_hp_per_floor":[68,68,68,68,68,68,73,24,24,24,24,24,24,23,47,16,69,60,60,60,60,60,60,36,61,61,60,60,26,26,19,44,0],"gold":121,"neow_bonus":"THREE_ENEMY_KILL","is_prod":false,"is_daily":false,"chose_seed":false,"campfire_upgraded":3,"win_rate":0,"timestamp":1551736863,"path_taken":["M","?","?","M","?","E","?","E","T","R","$","M","R","M","R","BOSS","M","$","?","M","?","R","E","R","T","M","$","M","?","M","R","BOSS"],"build_version":"2019-01-23","purchased_purges":1,"victory":false,"max_hp_per_floor":[75,75,75,75,75,75,80,80,80,80,80,80,80,80,80,80,85,85,85,85,85,85,85,85,85,85,85,85,85,85,85,85,85],"card_choices":[{"not_picked":["Sweeping Beam","Barrage"],"picked":"Tempest","floor":1},{"not_picked":["Lockon","Redo"],"picked":"Recycle","floor":4},{"not_picked":["BootSequence","Storm"],"picked":"Leap","floor":6},{"not_picked":["Loop","Steam"],"picked":"Melter","floor":8},{"not_picked":["Coolheaded","Static Discharge"],"picked":"Ball Lightning+1","floor":12},{"not_picked":["Coolheaded","Static Discharge"],"picked":"Conserve Battery","floor":14},{"not_picked":["Multi-Cast","Seek"],"picked":"Hyperbeam+1","floor":16},{"not_picked":["Redo","Undo"],"picked":"Sweeping Beam+1","floor":17},{"not_picked":["Turbo","Leap"],"picked":"White Noise","floor":18},{"not_picked":["Coolheaded","Barrage+1"],"picked":"Doom and Gloom+1","floor":21},{"not_picked":["Creative AI","Barrage+1"],"picked":"Hologram","floor":24},{"not_picked":["Undo","Go for the Eyes+1"],"picked":"Barrage+1","floor":29},{"not_picked":["Defragment","Coolheaded"],"picked":"Streamline+1","floor":31}],"player_experience":893011,"relics_obtained":[{"floor":6,"key":"Lantern"},{"floor":8,"key":"Molten Egg 2"},{"floor":9,"key":"Juzu Bracelet"},{"floor":24,"key":"Anchor"},{"floor":26,"key":"Orichalcum"}],"event_choices":[{"damage_healed":0,"gold_gain":0,"player_choice":"Grow","damage_taken":0,"max_hp_gain":0,"max_hp_loss":0,"event_name":"Living Wall","floor":2,"gold_loss":0,"cards_upgraded":["Tempest"]},{"damage_healed":0,"gold_gain":175,"player_choice":"AGREE","damage_taken":0,"max_hp_gain":0,"max_hp_loss":0,"event_name":"Liars Game","floor":3,"gold_loss":0,"cards_obtained":["Doubt"]},{"damage_healed":0,"gold_gain":0,"player_choice":"Donut","damage_taken":0,"max_hp_gain":5,"max_hp_loss":0,"event_name":"Big Fish","floor":7,"gold_loss":0},{"damage_healed":0,"gold_gain":0,"player_choice":"Copied","damage_taken":0,"max_hp_gain":0,"max_hp_loss":0,"event_name":"Duplicator","floor":20,"gold_loss":0,"cards_obtained":["Hyperbeam"]},{"damage_healed":0,"gold_gain":0,"player_choice":"Traded Relic","damage_taken":0,"relics_obtained":["Nloth\u0027s Gift"],"max_hp_gain":0,"max_hp_loss":0,"event_name":"N\u0027loth","floor":30,"relics_lost":["Tiny House"],"gold_loss":0}],"is_beta":false,"boss_relics":[{"not_picked":["Calling Bell","Runic Dome"],"picked":"Tiny House"}],"items_purged_floors":[19],"is_endless":false,"potions_floor_spawned":[1,4,16,21,31],"killed_by":"Automaton","ascension_level":9}