{"gold_per_floor":[218,218,50,200,215,246,246,280,280,297,316,316,336,34,34,111,111,127,138,188,214,214,248,248,275,275,15,49,49,67,83,83,157,157,175,194,194,194,69,98,98,133,133,161,161,192,211,223,223,223,223],"floor_reached":51,"playtime":2218,"items_purged":["Doubt","Strike_R","Sever Soul+1"],"score":1787,"play_id":"ad596dca-51ea-4ab1-aadb-84fb5c954f9e","local_time":"20190513194357","is_ascension_mode":true,"campfire_choices":[{"data":"Bash","floor":7.0,"key":"SMITH"},{"data":"Sword Boomerang","floor":12.0,"key":"SMITH"},{"data":"Spot Weakness","floor":15.0,"key":"SMITH"},{"floor":24.0,"key":"REST"},{"data":"Limit Break","floor":29.0,"key":"SMITH"},{"data":"Flame Barrier","floor":32.0,"key":"SMITH"},{"data":"Flame Barrier","floor":41.0,"key":"SMITH"},{"floor":49.0,"key":"RECALL"}],"neow_cost":"NONE","seed_source_timestamp":0,"circlet_count":0,"master_deck":["AscendersBane","Strike_R","Defend_R+1","Defend_R","Defend_R","Defend_R","Bash+1","Twin Strike","Pommel Strike","Spot Weakness+1","Sword Boomerang+1","Shrug It Off","Limit Break+1","Immolate","Flame Barrier+1","Flame Barrier+1","Flame Barrier+1","Impervious","Impervious","Offering+1","Havoc+1","Fiend Fire+1","Heavy Blade+1","Cleave+1","Headbutt+1","Immolate","Heavy Blade+1","Inflame","Shrug It Off+1","Shockwave"],"special_seed":0,"relics":["Burning Blood","PreservedInsect","Self Forming Clay","Omamori","Centennial Puzzle","Medical Kit","Sozu","War Paint","Pantograph","Vajra","Dodecahedron","Blue Candle","Bag of Marbles","Bag of Preparation","Astrolabe","Happy Flower","Ancient Tea Set","Potion Belt","Lantern"],"potions_floor_usage":[51],"damage_taken":[{"damage":1.0,"enemies":"2 Louse","floor":1.0,"turns":3.0},{"damage":18.0,"enemies":"Small Slimes","floor":5.0,"turns":6.0},{"damage":35.0,"enemies":"3 Sentries","floor":6.0,"turns":10.0},{"damage":32.0,"enemies":"Lagavulin","floor":8.0,"turns":5.0},{"damage":7.0,"enemies":"Jaw Worm","floor":10.0,"turns":2.0},{"damage":2.0,"enemies":"2 Fungi Beasts","floor":11.0,"turns":3.0},{"damage":1.0,"enemies":"Exordium Wildlife","floor":13.0,"turns":3.0},{"damage":5.0,"enemies":"Hexaghost","floor":16.0,"turns":5.0},{"damage":11.0,"enemies":"Spheric Guardian","floor":18.0,"turns":4.0},{"damage":16.0,"enemies":"2 Thieves","floor":19.0,"turns":3.0},{"damage":29.0,"enemies":"Book of Stabbing","floor":23.0,"turns":4.0},{"damage":0.0,"enemies":"Gremlin Leader","floor":25.0,"turns":4.0},{"damage":8.0,"enemies":"Slavers","floor":28.0,"turns":2.0},{"damage":7.0,"enemies":"Snecko","floor":30.0,"turns":4.0},{"damage":12.0,"enemies":"Shelled Parasite and Fungi","floor":31.0,"turns":4.0},{"damage":25.0,"enemies":"Champ","floor":33.0,"turns":9.0},{"damage":0.0,"enemies":"Orb Walker","floor":35.0,"turns":3.0},{"damage":1.0,"enemies":"3 Darklings","floor":36.0,"turns":3.0},{"damage":6.0,"enemies":"Reptomancer","floor":40.0,"turns":3.0},{"damage":6.0,"enemies":"Giant Head","floor":42.0,"turns":3.0},{"damage":0.0,"enemies":"Nemesis","floor":44.0,"turns":5.0},{"damage":25.0,"enemies":"Giant Head","floor":46.0,"turns":6.0},{"damage":0.0,"enemies":"Jaw Worm Horde","floor":47.0,"turns":1.0},{"damage":4.0,"enemies":"Sphere and 2 Shapes","floor":48.0,"turns":4.0},{"damage":68,"enemies":"Donu and Deca","floor":50,"turns":8},{"damage":53,"enemies":"Time Eater","floor":51,"turns":10}],"seed_played":"-4611634669831360387","potions_obtained":[{"floor":10.0,"key":"Block Potion"},{"floor":13.0,"key":"Energy Potion"},{"floor":16.0,"key":"BloodPotion"}],"is_trial":false,"path_per_floor":["M","?","$","?","M","E","R","E","T","M","M","R","M","$","R","B",null,"M","M","?","T","?","E","R","E","T","$","E","R","M","M","R","B",null,"M","M","?","?","$","E","R","E","T","E","?","E","M","M","R","B","B"],"character_chosen":"IRONCLAD","items_purchased":["PreservedInsect","Medical Kit","Bag of Marbles"],"campfire_rested":1,"item_purchase_floors":[3,14,27],"current_hp_per_floor":[73,78,78,78,66,37,37,11,11,10,14,14,19,19,19,20,65,60,50,50,50,50,27,51,57,57,57,55,55,54,48,48,54,74,80,80,80,80,80,80,80,80,80,80,80,61,67,69,69,18,0],"gold":223,"neow_bonus":"HUNDRED_GOLD","is_prod":false,"is_daily":false,"chose_seed":false,"campfire_upgraded":6,"win_rate":0,"timestamp":1557791037,"path_taken":["M","?","$","?","?","E","R","E","T","M","M","R","M","$","R","BOSS","M","M","?","?","?","E","R","E","T","?","E","R","M","M","R","BOSS","M","M","?","?","$","E","R","E","T","E","?","E","M","M","R","BOSS","BOSS"],"build_version":"2019-01-23","purchased_purges":3,"victory":false,"max_hp_per_floor":[75,80,80,80,80,80,80,80,80,80,80,80,80,80,80,80,80,80,80,80,80,80,80,80,80,80,80,80,80,80,80,80,80,80,80,80,80,80,80,80,80,80,80,80,80,80,80,80,80,80,80],"card_choices":[{"not_picked":["Thunderclap","Infernal Blade","Warcry"],"picked":"SKIP","floor":1.0},{"not_picked":["Pommel Strike","Clash"],"picked":"Twin Strike","floor":5.0},{"not_picked":["Double Tap","Bloodletting"],"picked":"Pommel Strike","floor":6.0},{"not_picked":["Clothesline","Shrug It Off"],"picked":"Spot Weakness","floor":8.0},{"not_picked":["Perfected Strike","Second Wind"],"picked":"Sword Boomerang","floor":10.0},{"not_picked":["Uppercut","Heavy Blade"],"picked":"Shrug It Off","floor":11.0},{"not_picked":["Sword Boomerang","Rage"],"picked":"Limit Break","floor":13.0},{"not_picked":["Demon Form","Bludgeon"],"picked":"Immolate","floor":16.0},{"not_picked":["Havoc","Clothesline"],"picked":"Flame Barrier","floor":18.0},{"not_picked":["Disarm+1","Burning Pact"],"picked":"Flame Barrier","floor":19.0},{"not_picked":["Armaments","Iron Wave","Sentinel"],"picked":"SKIP","floor":23.0},{"not_picked":["Fire Breathing","Cleave"],"picked":"Flame Barrier","floor":25.0},{"not_picked":["Shrug It Off","Shockwave"],"picked":"Impervious","floor":28.0},{"not_picked":["True Grit","Armaments"],"picked":"Headbutt+1","floor":30.0},{"not_picked":["Shrug It Off","Entrench"],"picked":"Impervious","floor":31.0},{"not_picked":["Bludgeon","Exhume"],"picked":"Offering","floor":33.0},{"not_picked":["Seeing Red","Twin Strike+1"],"picked":"Heavy Blade+1","floor":35.0},{"not_picked":["Rampage+1","Anger+1"],"picked":"Cleave+1","floor":36.0},{"not_picked":["Blood for Blood+1","Anger"],"picked":"Headbutt+1","floor":40.0},{"not_picked":["Dropkick","Burning Pact"],"picked":"Immolate","floor":42.0},{"not_picked":["Anger+1","True Grit"],"picked":"Heavy Blade+1","floor":44.0},{"not_picked":["Heavy Blade","Armaments+1"],"picked":"Inflame","floor":46.0},{"not_picked":["Hemokinesis","Sentinel"],"picked":"Shrug It Off+1","floor":47.0},{"not_picked":["Metallicize","Bloodletting"],"picked":"Shockwave","floor":48.0}],"player_experience":808545,"relics_obtained":[{"floor":6.0,"key":"Self Forming Clay"},{"floor":8.0,"key":"Omamori"},{"floor":9.0,"key":"Centennial Puzzle"},{"floor":21.0,"key":"War Paint"},{"floor":23.0,"key":"Vajra"},{"floor":25.0,"key":"Dodecahedron"},{"floor":26.0,"key":"Blue Candle"},{"floor":28.0,"key":"Bag of Preparation"},{"floor":40.0,"key":"Happy Flower"},{"floor":42.0,"key":"Ancient Tea Set"},{"floor":44.0,"key":"Potion Belt"},{"floor":46.0,"key":"Lantern"}],"event_choices":[{"damage_healed":0.0,"max_hp_gain":5.0,"max_hp_loss":0.0,"gold_gain":0.0,"event_name":"Big Fish","player_choice":"Donut","floor":2.0,"gold_loss":0.0,"damage_taken":0.0},{"damage_healed":0.0,"max_hp_gain":0.0,"max_hp_loss":0.0,"gold_gain":150.0,"event_name":"Liars Game","player_choice":"AGREE","floor":4.0,"gold_loss":0.0,"damage_taken":0.0,"cards_obtained":["Doubt"]},{"damage_healed":0.0,"max_hp_gain":0.0,"max_hp_loss":0.0,"gold_gain":50.0,"event_name":"Nest","player_choice":"Stole From Cult","floor":20.0,"gold_loss":0.0,"damage_taken":0.0},{"damage_healed":0.0,"max_hp_gain":0.0,"max_hp_loss":0.0,"gold_gain":0.0,"event_name":"The Mausoleum","player_choice":"Opened","floor":22.0,"gold_loss":0.0,"damage_taken":0.0,"relics_obtained":["Pantograph"],"cards_obtained":["Writhe"]},{"cards_removed":["Headbutt"],"damage_healed":0.0,"max_hp_gain":0.0,"max_hp_loss":0.0,"gold_gain":0.0,"event_name":"Falling","player_choice":"Removed Attack","floor":37.0,"gold_loss":0.0,"damage_taken":0.0},{"damage_healed":0.0,"max_hp_gain":0.0,"max_hp_loss":0.0,"gold_gain":0.0,"event_name":"SensoryStone","player_choice":"Memory 1","floor":38.0,"gold_loss":0.0,"damage_taken":0.0},{"damage_healed":0.0,"max_hp_gain":0.0,"max_hp_loss":0.0,"gold_gain":0.0,"event_name":"Upgrade Shrine","player_choice":"Upgraded","floor":45.0,"gold_loss":0.0,"damage_taken":0.0,"cards_upgraded":["Offering"]}],"is_beta":false,"boss_relics":[{"not_picked":["Black Star","Runic Dome"],"picked":"Sozu"},{"not_picked":["Black Blood","Philosopher\u0027s Stone"],"picked":"Astrolabe"}],"items_purged_floors":[14,27,39],"is_endless":false,"potions_floor_spawned":[10,13,16,18,23,30,33,35,40,42,48],"killed_by":"Time Eater","ascension_level":20}