{"gold_per_floor":[113,188,68,38,38,72,86,86,166,166,197,210,236,249,249,328,328,344,361,361,211,310,310,40,66,121,121,121,121,121,134,134,134],"floor_reached":33,"playtime":1580,"items_purged":["Strike_R","Strike_R","Strike_R"],"score":517,"play_id":"17e0984d-007b-43d7-9c10-70697a512b87","local_time":"20190203131753","is_ascension_mode":true,"campfire_choices":[{"data":"Inflame","floor":8,"key":"SMITH"},{"data":"Thunderclap","floor":10,"key":"SMITH"},{"data":"Juggernaut","floor":15,"key":"SMITH"},{"data":"Armaments","floor":23,"key":"SMITH"},{"data":"Metallicize","floor":30,"key":"SMITH"},{"data":"Bash","floor":32,"key":"SMITH"}],"neow_cost":"NONE","seed_source_timestamp":237981823167793,"circlet_count":0,"master_deck":["AscendersBane","Strike_R+1","Strike_R+1","Defend_R+1","Defend_R+1","Defend_R+1","Defend_R+1","Bash+1","Thunderclap+1","Shrug It Off","Inflame+1","Metallicize+1","Battle Trance","Pommel Strike","Juggernaut+1","Battle Trance","Reaper","Feel No Pain+1","Armaments+1","Shrug It Off","Clothesline"],"relics":["Burning Blood","NeowsBlessing","Smiling Mask","Blue Candle","Ginger","Turnip","Coffee Dripper","PreservedInsect","Omamori","Ancient Tea Set","Paper Frog"],"potions_floor_usage":[11,13,16,18,20,25,25],"damage_taken":[{"damage":0,"enemies":"Cultist","floor":1,"turns":1},{"damage":0,"enemies":"Gremlin Nob","floor":6,"turns":1},{"damage":0,"enemies":"Jaw Worm","floor":7,"turns":1},{"damage":24,"enemies":"Lagavulin","floor":11,"turns":7},{"damage":3,"enemies":"Small Slimes","floor":12,"turns":4},{"damage":30,"enemies":"Gremlin Nob","floor":13,"turns":5},{"damage":8,"enemies":"Looter","floor":14,"turns":4},{"damage":22,"enemies":"Slime Boss","floor":16,"turns":7},{"damage":4,"enemies":"Chosen","floor":18,"turns":4},{"damage":23,"enemies":"Shell Parasite","floor":19,"turns":5},{"damage":33,"enemies":"Colosseum Slavers","floor":20,"turns":5},{"damage":49,"enemies":"Slavers","floor":25,"turns":7},{"damage":11,"enemies":"Cultist and Chosen","floor":31,"turns":7},{"damage":33,"enemies":"Collector","floor":33,"turns":3}],"seed_played":"-702283698599741184","potions_obtained":[{"floor":4,"key":"Poison Potion"},{"floor":4,"key":"Block Potion"},{"floor":12,"key":"SkillPotion"},{"floor":14,"key":"GamblersBrew"},{"floor":19,"key":"Explosive Potion"}],"is_trial":false,"path_per_floor":["M","?","$","?","$","E","M","R","T","R","E","M","E","M","R","B",null,"M","M","?","$","?","R","$","E","T","?","?","?","R","M","R","B"],"character_chosen":"IRONCLAD","items_purchased":["Shrug It Off","Shrug It Off","Block Potion","PreservedInsect","Dexterity Potion","Clothesline"],"campfire_rested":0,"item_purchase_floors":[3,21,21,24,24,24],"current_hp_per_floor":[74,67,67,67,67,73,75,75,75,75,57,60,36,34,34,18,61,73,65,58,58,58,58,58,27,27,27,27,27,27,33,33,0],"gold":134,"neow_bonus":"THREE_ENEMY_KILL","is_prod":false,"is_daily":false,"chose_seed":false,"campfire_upgraded":6,"win_rate":0,"timestamp":1549199873,"path_taken":["M","?","?","?","$","E","?","R","T","R","E","M","E","M","R","BOSS","M","M","?","$","?","R","$","E","T","?","?","?","R","M","R","BOSS"],"build_version":"2019-01-23","purchased_purges":3,"victory":false,"max_hp_per_floor":[75,75,75,75,75,75,75,75,75,75,75,75,75,75,75,75,75,75,75,75,75,75,75,75,75,75,75,75,75,75,75,75,75],"card_choices":[{"not_picked":["Armaments","Heavy Blade"],"picked":"Thunderclap","floor":1},{"not_picked":["Dropkick","Spot Weakness"],"picked":"Inflame","floor":6},{"not_picked":["Heavy Blade","Perfected Strike"],"picked":"Metallicize","floor":7},{"not_picked":["Reckless Charge","Hemokinesis"],"picked":"Battle Trance","floor":11},{"not_picked":["Dual Wield","Uppercut"],"picked":"Pommel Strike","floor":12},{"not_picked":["Headbutt","Searing Blow"],"picked":"Juggernaut","floor":13},{"not_picked":["Sentinel","Rupture"],"picked":"Battle Trance","floor":14},{"not_picked":["Dark Embrace","Brutality"],"picked":"Reaper","floor":16},{"not_picked":["Ghostly Armor","True Grit"],"picked":"Feel No Pain+1","floor":18},{"not_picked":["Thunderclap","Warcry"],"picked":"Armaments","floor":19},{"not_picked":["Entrench","Body Slam","Clash"],"picked":"SKIP","floor":25},{"not_picked":["Twin Strike","Havoc","Battle Trance"],"picked":"SKIP","floor":31}],"player_experience":813721,"relics_obtained":[{"floor":6,"key":"Smiling Mask"},{"floor":9,"key":"Blue Candle"},{"floor":11,"key":"Ginger"},{"floor":13,"key":"Turnip"},{"floor":25,"key":"Omamori"},{"floor":26,"key":"Ancient Tea Set"}],"event_choices":[{"damage_healed":0,"gold_gain":75,"player_choice":"Touch","damage_taken":7,"max_hp_gain":0,"max_hp_loss":0,"event_name":"FaceTrader","floor":2,"gold_loss":0},{"damage_healed":0,"gold_gain":0,"player_choice":"Bought 2 Potions","damage_taken":0,"max_hp_gain":0,"max_hp_loss":0,"event_name":"The Woman in Blue","floor":4,"gold_loss":0},{"damage_healed":0,"gold_gain":0,"player_choice":"Fight","damage_taken":0,"max_hp_gain":0,"max_hp_loss":0,"event_name":"Colosseum","floor":20,"gold_loss":0},{"damage_healed":0,"gold_gain":0,"player_choice":"Fled From Nobs","damage_taken":0,"max_hp_gain":0,"max_hp_loss":0,"event_name":"Colosseum","floor":20,"gold_loss":0},{"damage_healed":0,"gold_gain":99,"player_choice":"Stole From Cult","damage_taken":0,"max_hp_gain":0,"max_hp_loss":0,"event_name":"Nest","floor":22,"gold_loss":0},{"damage_healed":0,"gold_gain":0,"player_choice":"Simplicity","damage_taken":0,"max_hp_gain":0,"max_hp_loss":0,"event_name":"Back to Basics","floor":27,"gold_loss":0,"cards_upgraded":["Strike_R","Strike_R","Defend_R","Defend_R","Defend_R","Defend_R"]},{"damage_healed":0,"gold_gain":0,"player_choice":"Smashed Altar","damage_taken":0,"max_hp_gain":0,"max_hp_loss":0,"event_name":"Forgotten Altar","floor":28,"gold_loss":0,"cards_obtained":["Decay"]},{"damage_healed":0,"gold_gain":0,"player_choice":"Stole Relic","damage_taken":0,"relics_obtained":["Paper Frog"],"max_hp_gain":0,"max_hp_loss":0,"event_name":"Addict","floor":29,"gold_loss":0,"cards_obtained":["Shame"]}],"is_beta":true,"boss_relics":[{"not_picked":["Astrolabe","White Beast Statue"],"picked":"Coffee Dripper"}],"items_purged_floors":[3,21,24],"is_endless":false,"potions_floor_spawned":[6,7,12,14,19],"killed_by":"Collector","ascension_level":14}