{"gold_per_floor":[112,132,146,159,173,173,191,203,203,128,128,128],"floor_reached":12,"playtime":377,"items_purged":["Strike_G"],"score":122,"play_id":"ff14849d-32bf-4397-9e1a-eafcaa689c00","local_time":"20190413095017","is_ascension_mode":true,"campfire_choices":[{"data":"Caltrops","floor":6,"key":"SMITH"}],"neow_cost":"NONE","seed_source_timestamp":158560169073571,"circlet_count":0,"master_deck":["AscendersBane","Defend_G","Defend_G","Defend_G","Defend_G","Defend_G","Strike_G","Strike_G","Strike_G","Strike_G","Survivor","Neutralize+1","Dagger Spray","Dodge and Roll","Caltrops+1","Dagger Spray","Dagger Spray","Blur","Prepared"],"relics":["Ring of the Snake","Pear","SsserpentHead"],"potions_floor_usage":[12],"damage_taken":[{"damage":2,"enemies":"Cultist","floor":1,"turns":4},{"damage":3,"enemies":"Small Slimes","floor":2,"turns":4},{"damage":6,"enemies":"Jaw Worm","floor":3,"turns":5},{"damage":7,"enemies":"Looter","floor":4,"turns":4},{"damage":12,"enemies":"3 Louse","floor":5,"turns":2},{"damage":6,"enemies":"2 Fungi Beasts","floor":7,"turns":3},{"damage":0,"enemies":"Large Slime","floor":8,"turns":5},{"damage":42,"enemies":"Lagavulin","floor":12,"turns":9}],"seed_played":"4491009457707861111","potions_obtained":[{"floor":1,"key":"Ancient Potion"},{"floor":8,"key":"SpeedPotion"}],"is_trial":false,"path_per_floor":["M","M","M","M","M","R","M","M","T","$","?","E"],"character_chosen":"THE_SILENT","items_purchased":[],"campfire_rested":0,"item_purchase_floors":[],"current_hp_per_floor":[61,58,52,45,33,33,27,27,37,37,37,0],"gold":128,"neow_bonus":"UPGRADE_CARD","is_prod":false,"is_daily":false,"chose_seed":false,"campfire_upgraded":1,"win_rate":0,"timestamp":1555159817,"path_taken":["M","?","M","M","M","R","M","?","T","$","?","E"],"build_version":"2019-01-23","purchased_purges":1,"victory":false,"max_hp_per_floor":[70,70,70,70,70,70,70,70,80,80,80,80],"card_choices":[{"not_picked":["Underhanded Strike","Prepared"],"picked":"Dagger Spray","floor":1},{"not_picked":["Quick Slash","Finisher"],"picked":"Dodge and Roll","floor":2},{"not_picked":["Deflect","Quick Slash"],"picked":"Caltrops","floor":3},{"not_picked":["Poisoned Stab","PiercingWail"],"picked":"Dagger Spray","floor":4},{"not_picked":["Flechettes","Outmaneuver"],"picked":"Dagger Spray","floor":5},{"not_picked":["Calculated Gamble","Bane"],"picked":"Blur","floor":7},{"not_picked":["Masterful Stab","Underhanded Strike"],"picked":"Prepared","floor":8}],"player_experience":1106899,"relics_obtained":[{"floor":9,"key":"Pear"}],"event_choices":[{"damage_healed":0,"gold_gain":0,"player_choice":"Trade","damage_taken":0,"relics_obtained":["SsserpentHead"],"max_hp_gain":0,"max_hp_loss":0,"event_name":"FaceTrader","floor":11,"gold_loss":0}],"is_beta":false,"boss_relics":[],"items_purged_floors":[10],"is_endless":false,"potions_floor_spawned":[1,8],"killed_by":"Lagavulin","ascension_level":13}