{"gold_per_floor":[111,111,111,129,141,159,159,185,257,357,373,222,232,232,232,232],"floor_reached":16,"playtime":642,"items_purged":["Strike_B"],"score":173,"play_id":"42c182cd-a594-41ac-8d6a-026300d86142","local_time":"20190412152600","is_ascension_mode":true,"campfire_choices":[{"floor":7,"key":"REST"},{"data":"hubris:Prefetch","floor":15,"key":"SMITH"}],"neow_cost":"NONE","seed_source_timestamp":92015605395854,"circlet_count":0,"master_deck":["AscendersBane","Strike_B","Strike_B","Strike_B","Defend_B","Defend_B","Defend_B","Defend_B","Zap","Dualcast","hubris:Prefetch+1","Sweeping Beam","Barrage","Beam Cell","Hologram","Coolheaded","Coolheaded","Auto Shields","Doom and Gloom"],"relics":["Cracked Core","hubris:RGBLights","hubris:EvacipatedBox","Dodecahedron","Meat on the Bone"],"potions_floor_usage":[8,11,16],"damage_taken":[{"damage":0,"enemies":"Small Slimes","floor":1,"turns":3},{"damage":1,"enemies":"Cultist","floor":4,"turns":3},{"damage":1,"enemies":"2 Louse","floor":5,"turns":2},{"damage":14,"enemies":"Red Slaver","floor":6,"turns":3},{"damage":18,"enemies":"3 Sentries","floor":8,"turns":6},{"damage":13,"enemies":"2 Fungi Beasts","floor":11,"turns":3},{"damage":9,"enemies":"Exordium Wildlife","floor":13,"turns":4},{"damage":41,"enemies":"Hexaghost","floor":16,"turns":10}],"seed_played":"-856993430514860651","potions_obtained":[{"floor":1,"key":"Weak Potion"},{"floor":6,"key":"SkillPotion"},{"floor":8,"key":"Fire Potion"},{"floor":13,"key":"FocusPotion"}],"is_trial":false,"path_per_floor":["M","?","$","M","M","M","R","E","T","?","M","$","M","?","R","B"],"character_chosen":"DEFECT","items_purchased":["hubris:RGBLights","hubris:EvacipatedBox","Auto Shields"],"campfire_rested":1,"item_purchase_floors":[3,3,12],"current_hp_per_floor":[64,64,28,27,26,12,33,15,15,15,14,14,17,40,40,0],"gold":232,"neow_bonus":"ONE_RANDOM_RARE_CARD","is_prod":false,"is_daily":false,"chose_seed":false,"campfire_upgraded":1,"win_rate":0,"timestamp":1555093560,"path_taken":["M","?","?","M","M","M","R","E","T","?","M","$","?","?","R","BOSS"],"build_version":"2019-01-23","purchased_purges":1,"victory":false,"max_hp_per_floor":[71,71,71,71,71,71,71,71,71,71,71,71,71,71,71,71],"card_choices":[{"not_picked":["vexMod:ChargeBeam","Compile Driver"],"picked":"Sweeping Beam","floor":1},{"not_picked":["vexMod:TuneUp","Sunder"],"picked":"Barrage","floor":4},{"not_picked":["Reinforced Body","vexMod:ChargeBeam"],"picked":"Beam Cell","floor":5},{"not_picked":["Barrage","vexMod:DiverseOrb"],"picked":"Hologram","floor":6},{"not_picked":["Auto Shields","Leap"],"picked":"Coolheaded","floor":8},{"not_picked":["vexMod:DiverseOrb","vexMod:ShockKick"],"picked":"Coolheaded","floor":11},{"not_picked":["Coolheaded","vexMod:BeamPop"],"picked":"Doom and Gloom","floor":13}],"player_experience":1100666,"relics_obtained":[{"floor":8,"key":"Dodecahedron"},{"floor":9,"key":"Meat on the Bone"}],"event_choices":[{"damage_healed":0,"gold_gain":100,"player_choice":"Pray","damage_taken":0,"max_hp_gain":0,"max_hp_loss":0,"event_name":"Golden Shrine","floor":10,"gold_loss":0},{"damage_healed":23,"gold_gain":0,"player_choice":"Banana","damage_taken":0,"max_hp_gain":0,"max_hp_loss":0,"event_name":"Big Fish","floor":14,"gold_loss":0}],"is_beta":false,"boss_relics":[],"items_purged_floors":[12],"is_endless":false,"potions_floor_spawned":[1,6,8,13],"killed_by":"Hexaghost","ascension_level":14}