{"gold_per_floor":[112,62,62,76,90,128,53,53,78,99,122,160,160,176,176,300,300,316,340,340,359,359,359,392,392,392,425,174,208,224,33,33,159,159,183,183,202,220,220,254,275,275,325,359,373,414,430,430,430,430],"floor_reached":51,"playtime":3263,"items_purged":["Strike_R","Strike_R"],"score":909,"play_id":"8e1aea03-fa7f-49ce-b764-e52de7548667","local_time":"20190301121830","is_ascension_mode":false,"campfire_choices":[{"data":"True Grit","floor":13,"key":"SMITH"},{"data":"Body Slam","floor":15,"key":"SMITH"},{"data":"Barricade","floor":23,"key":"SMITH"},{"data":"Battle Trance","floor":25,"key":"SMITH"},{"data":"Metallicize","floor":32,"key":"SMITH"},{"data":"Rage","floor":42,"key":"SMITH"},{"data":"Flame Barrier","floor":49,"key":"SMITH"}],"neow_cost":"NONE","seed_source_timestamp":124207143056156,"circlet_count":0,"master_deck":["Defend_R","Defend_R+1","Defend_R","Bash","Battle Trance+1","True Grit+1","Flame Barrier+1","Feed","Body Slam+1","Iron Wave+1","Rampage","Barricade+1","Armaments+1","Headbutt+1","Body Slam+1","Warcry+1","Rage+1","Metallicize+1","Shrug It Off+1","Shockwave+1","Feel No Pain+1","Battle Trance+1","Second Wind+1","True Grit+1"],"relics":["Burning Blood","Golden Idol","Lantern","Potion Belt","Dodecahedron","Eternal Feather","Paper Frog","Magic Flower","Blood Vial","Happy Flower","TheAbacus","Empty Cage","Centennial Puzzle","Dream Catcher","Whetstone","Vajra"],"potions_floor_usage":[6,6,19,24,24,27,29,39,41,44,50],"damage_taken":[{"damage":1,"enemies":"2 Louse","floor":1,"turns":4},{"damage":0,"enemies":"Small Slimes","floor":4,"turns":2},{"damage":6,"enemies":"Jaw Worm","floor":5,"turns":3},{"damage":17,"enemies":"3 Sentries","floor":6,"turns":8},{"damage":0,"enemies":"Exordium Wildlife","floor":10,"turns":4},{"damage":2,"enemies":"Looter","floor":11,"turns":3},{"damage":14,"enemies":"Gremlin Nob","floor":12,"turns":3},{"damage":8,"enemies":"Lots of Slimes","floor":14,"turns":4},{"damage":27,"enemies":"The Guardian","floor":16,"turns":11},{"damage":6,"enemies":"Shell Parasite","floor":18,"turns":5},{"damage":0,"enemies":"2 Thieves","floor":19,"turns":4},{"damage":0,"enemies":"Snake Plant","floor":21,"turns":2},{"damage":0,"enemies":"Gremlin Leader","floor":24,"turns":6},{"damage":25,"enemies":"Slavers","floor":27,"turns":7},{"damage":10,"enemies":"Gremlin Leader","floor":29,"turns":7},{"damage":10,"enemies":"Snecko","floor":30,"turns":4},{"damage":13,"enemies":"Automaton","floor":33,"turns":11},{"damage":0,"enemies":"3 Darklings","floor":35,"turns":6},{"damage":6,"enemies":"Orb Walker","floor":37,"turns":5},{"damage":0,"enemies":"Maw","floor":38,"turns":7},{"damage":0,"enemies":"Transient","floor":39,"turns":2},{"damage":29,"enemies":"Nemesis","floor":40,"turns":9},{"damage":0,"enemies":"Sphere and 2 Shapes","floor":41,"turns":7},{"damage":56,"enemies":"Reptomancer","floor":44,"turns":13},{"damage":0,"enemies":"3 Darklings","floor":45,"turns":5},{"damage":0,"enemies":"Giant Head","floor":46,"turns":7},{"damage":8,"enemies":"Spire Growth","floor":47,"turns":5},{"damage":6,"enemies":"Awakened One","floor":50,"turns":8}],"seed_played":"-8782711749504765015","potions_obtained":[{"floor":4,"key":"Fire Potion"},{"floor":5,"key":"Fire Potion"},{"floor":12,"key":"Weak Potion"},{"floor":16,"key":"Energy Potion"},{"floor":18,"key":"Weak Potion"},{"floor":19,"key":"Explosive Potion"},{"floor":24,"key":"EssenceOfSteel"},{"floor":30,"key":"Ancient Potion"},{"floor":38,"key":"SmokeBomb"},{"floor":40,"key":"Block Potion"},{"floor":41,"key":"FearPotion"},{"floor":45,"key":"SkillPotion"},{"floor":47,"key":"SteroidPotion"}],"is_trial":false,"path_per_floor":["M","?","?","M","M","E","$","?","T","M","M","E","R","M","R","B",null,"M","M","?","M","?","R","E","R","T","E","$","E","M","$","R","B",null,"M","?","M","M","M","E","M","R","T","E","M","E","M","?","R","B",null],"character_chosen":"IRONCLAD","items_purchased":["Blood Vial","TheAbacus"],"campfire_rested":0,"item_purchase_floors":[28,31],"current_hp_per_floor":[80,80,60,66,66,55,55,39,39,48,55,47,47,48,48,30,92,95,98,98,101,101,101,101,101,101,82,82,90,98,98,109,110,112,112,101,112,118,118,98,115,121,121,74,91,108,112,112,124,130],"gold":430,"neow_bonus":"TRANSFORM_CARD","is_prod":false,"is_daily":false,"chose_seed":false,"campfire_upgraded":7,"win_rate":0,"timestamp":1551442710,"path_taken":["M","?","?","M","M","E","$","?","T","M","M","E","R","M","R","BOSS","M","M","?","M","?","R","E","R","T","E","$","E","M","?","R","BOSS","M","?","M","?","M","E","M","R","T","E","M","E","M","?","R","BOSS"],"build_version":"2019-02-06","purchased_purges":2,"victory":true,"max_hp_per_floor":[80,80,80,80,80,80,80,80,80,83,86,86,86,89,89,92,92,95,98,98,101,101,101,101,101,101,101,101,105,109,109,109,112,112,112,112,115,118,118,118,121,121,121,121,124,127,127,127,127,130],"card_choices":[{"not_picked":["Perfected Strike","Flame Barrier"],"picked":"Carnage","floor":1},{"not_picked":["Pommel Strike","Entrench"],"picked":"True Grit","floor":4},{"not_picked":["Havoc","Cleave"],"picked":"Flame Barrier","floor":5},{"not_picked":["Immolate","Sentinel"],"picked":"Feed","floor":6},{"not_picked":["Warcry","Heavy Blade"],"picked":"Body Slam","floor":10},{"not_picked":["Heavy Blade","Warcry"],"picked":"Iron Wave","floor":11},{"not_picked":["Second Wind","Wild Strike"],"picked":"Rampage","floor":12},{"not_picked":["Twin Strike","Entrench","Wild Strike"],"picked":"SKIP","floor":14},{"not_picked":["Juggernaut","Exhume"],"picked":"Barricade","floor":16},{"not_picked":["Clash+1","Cleave+1"],"picked":"Armaments+1","floor":18},{"not_picked":["Thunderclap+1","Clash"],"picked":"Headbutt","floor":19},{"not_picked":["Inflame+1","Second Wind+1"],"picked":"Body Slam+1","floor":21},{"not_picked":["Uppercut","Seeing Red"],"picked":"Warcry+1","floor":24},{"not_picked":["Cleave+1","Headbutt","Anger+1"],"picked":"SKIP","floor":27},{"not_picked":["Clothesline","Iron Wave"],"picked":"Rage","floor":29},{"not_picked":["Havoc","Clash+1"],"picked":"Metallicize","floor":30},{"not_picked":["Headbutt","Blood for Blood+1","Infernal Blade"],"picked":"SKIP","floor":35},{"not_picked":["Infernal Blade+1","True Grit+1"],"picked":"Shrug It Off+1","floor":37},{"not_picked":["Pummel","Anger+1","Pommel Strike"],"picked":"SKIP","floor":38},{"not_picked":["Whirlwind","Berserk"],"picked":"Shockwave+1","floor":40},{"not_picked":["Wild Strike","Flex"],"picked":"Feel No Pain+1","floor":41},{"not_picked":["Twin Strike","Infernal Blade+1"],"picked":"Battle Trance+1","floor":44},{"not_picked":["Clothesline","Wild Strike+1","Clash"],"picked":"SKIP","floor":45},{"not_picked":["Demon Form","Sword Boomerang"],"picked":"Second Wind+1","floor":46},{"not_picked":["Inflame","Armaments+1"],"picked":"True Grit+1","floor":47}],"player_experience":977722,"relics_obtained":[{"floor":6,"key":"Lantern"},{"floor":9,"key":"Potion Belt"},{"floor":12,"key":"Dodecahedron"},{"floor":24,"key":"Paper Frog"},{"floor":27,"key":"Magic Flower"},{"floor":29,"key":"Happy Flower"},{"floor":40,"key":"Centennial Puzzle"},{"floor":43,"key":"Dream Catcher"},{"floor":44,"key":"Whetstone"},{"floor":46,"key":"Vajra"}],"event_choices":[{"cards_removed":["Defend_R"],"damage_healed":0,"gold_gain":0,"player_choice":"Card Removal","damage_taken":0,"max_hp_gain":0,"max_hp_loss":0,"event_name":"The Cleric","floor":2,"gold_loss":50},{"damage_healed":0,"gold_gain":0,"player_choice":"Take Damage","damage_taken":20,"relics_obtained":["Golden Idol"],"max_hp_gain":0,"max_hp_loss":0,"event_name":"Golden Idol","floor":3,"gold_loss":0},{"damage_healed":0,"gold_gain":0,"player_choice":"Entered Light","damage_taken":16,"max_hp_gain":0,"max_hp_loss":0,"event_name":"Shining Light","floor":8,"gold_loss":0,"cards_upgraded":["Strike_R","Defend_R"]},{"cards_removed":["Strike_R"],"damage_healed":0,"gold_gain":0,"player_choice":"Elegance","damage_taken":0,"max_hp_gain":0,"max_hp_loss":0,"event_name":"Back to Basics","floor":20,"gold_loss":0},{"damage_healed":0,"gold_gain":0,"player_choice":"Ignored","damage_taken":0,"max_hp_gain":0,"max_hp_loss":0,"event_name":"Vampires","floor":22,"gold_loss":0},{"damage_healed":0,"gold_gain":0,"player_choice":"Damaged","damage_taken":11,"max_hp_gain":0,"max_hp_loss":0,"event_name":"Wheel of Change","floor":36,"gold_loss":0},{"damage_healed":0,"gold_gain":0,"player_choice":"Ignored","damage_taken":0,"max_hp_gain":0,"max_hp_loss":0,"event_name":"Tomb of Lord Red Mask","floor":48,"gold_loss":0}],"is_beta":true,"boss_relics":[{"not_picked":["Black Star","Calling Bell"],"picked":"Eternal Feather"},{"not_picked":["Pandora\u0027s Box","Orrery"],"picked":"Empty Cage"}],"items_purged_floors":[7,28],"is_endless":false,"potions_floor_spawned":[4,5,12,16,18,19,24,30,38,39,40,41,45,47],"ascension_level":0}