{"gold_per_floor":[109,126,126,126,140,165,165,179,179,26,26,26],"floor_reached":12,"playtime":445,"items_purged":[],"score":78,"play_id":"2ec88254-b58c-43e1-92b1-fc0ba4d04f7e","local_time":"20190327105125","is_ascension_mode":false,"campfire_choices":[{"data":"A Thousand Cuts","floor":7,"key":"SMITH"}],"neow_cost":"NONE","seed_source_timestamp":349835871214300,"circlet_count":0,"master_deck":["Defend_G","Defend_G","Defend_G","Defend_G","Defend_G","Strike_G","Strike_G","Strike_G","Survivor","Neutralize","Skewer","Deadly Poison","A Thousand Cuts+1","Deadly Poison","Prepared","Poisoned Stab","Envenom","PiercingWail"],"relics":["Ring of the Snake","Pantograph","Shuriken"],"potions_floor_usage":[1],"damage_taken":[{"damage":3,"enemies":"Jaw Worm","floor":1,"turns":4},{"damage":2,"enemies":"Small Slimes","floor":2,"turns":4},{"damage":9,"enemies":"2 Louse","floor":5,"turns":3},{"damage":47,"enemies":"3 Sentries","floor":6,"turns":10},{"damage":1,"enemies":"Red Slaver","floor":8,"turns":5},{"damage":27,"enemies":"Large Slime","floor":12,"turns":2}],"seed_played":"-2390269812419299366","potions_obtained":[{"floor":1,"key":"Fruit Juice"}],"is_trial":false,"path_per_floor":["M","M","?","?","M","E","R","M","T","$","?","M"],"character_chosen":"THE_SILENT","items_purchased":["Envenom"],"campfire_rested":0,"item_purchase_floors":[10],"current_hp_per_floor":[79,77,77,77,68,21,21,20,20,20,20,0],"gold":26,"neow_bonus":"TEN_PERCENT_HP_BONUS","is_prod":false,"is_daily":false,"chose_seed":false,"campfire_upgraded":1,"win_rate":0.0,"timestamp":1553698285,"path_taken":["M","M","?","?","M","E","R","M","T","$","?","M"],"build_version":"2019-01-23","purchased_purges":0,"victory":false,"max_hp_per_floor":[82,82,82,82,82,82,82,82,82,82,82,82],"card_choices":[{"not_picked":["Reflex","Terror"],"picked":"Skewer","floor":1},{"not_picked":["Quick Slash","Outmaneuver"],"picked":"Deadly Poison","floor":2},{"not_picked":["Slice","Dash"],"picked":"Deadly Poison","floor":5},{"not_picked":["Tactician","Outmaneuver"],"picked":"Prepared","floor":6},{"not_picked":["Tactician","Blade Dance"],"picked":"Poisoned Stab","floor":8}],"player_experience":4694,"relics_obtained":[{"floor":6,"key":"Pantograph"},{"floor":9,"key":"Shuriken"}],"event_choices":[{"damage_healed":0,"gold_gain":0,"cards_transformed":["Strike_G"],"player_choice":"Change","damage_taken":0,"max_hp_gain":0,"max_hp_loss":0,"event_name":"Living Wall","floor":3,"gold_loss":0,"cards_obtained":["A Thousand Cuts"]},{"damage_healed":0,"gold_gain":0,"player_choice":"Ignored","damage_taken":0,"max_hp_gain":0,"max_hp_loss":0,"event_name":"Golden Idol","floor":4,"gold_loss":0},{"damage_healed":0,"gold_gain":0,"cards_transformed":["Strike_G"],"player_choice":"Transformed","damage_taken":0,"max_hp_gain":0,"max_hp_loss":0,"event_name":"Transmorgrifier","floor":11,"gold_loss":0,"cards_obtained":["PiercingWail"]}],"is_beta":false,"boss_relics":[],"items_purged_floors":[],"is_endless":false,"potions_floor_spawned":[1],"killed_by":"Large Slime","ascension_level":0}