{"gold_per_floor":[118,118,129,148,81,81,81,81,81,3,20,20,32,43,43,139,139],"floor_reached":17,"playtime":2546,"items_purged":[],"score":147,"play_id":"b6170b88-8708-4b4c-b677-301e51507729","local_time":"20190330220017","daily_mods":["Draft","Flight","Binary"],"is_ascension_mode":false,"campfire_choices":[{"data":"Armaments","floor":6,"key":"SMITH"},{"data":"Battle Trance","floor":8,"key":"SMITH"},{"data":"Armaments","floor":15,"key":"SMITH"}],"neow_cost":"","seed_source_timestamp":853014177824000,"circlet_count":0,"master_deck":["Wild Strike","Iron Wave","Thunderclap","Shrug It Off","Ghostly Armor","Shrug It Off","Iron Wave","Intimidate","Intimidate","Metallicize","Cleave","Pummel","Flame Barrier","Battle Trance+1","Armaments+1","Metallicize","Barricade","Combust","Rage","Cleave","Armaments+1","Feed"],"relics":["Burning Blood","Champion Belt"],"potions_floor_usage":[11,11],"damage_taken":[{"damage":0,"enemies":"2 Louse","floor":1,"turns":1},{"damage":0,"enemies":"Jaw Worm","floor":3,"turns":3},{"damage":7,"enemies":"Small Slimes","floor":4,"turns":2},{"damage":0,"enemies":"Gremlin Gang","floor":11,"turns":3},{"damage":3,"enemies":"Exordium Wildlife","floor":13,"turns":4},{"damage":0,"enemies":"Looter","floor":14,"turns":4},{"damage":18,"enemies":"The Guardian","floor":16,"turns":16}],"seed_played":"-3441250747314768802","potions_obtained":[{"floor":2,"key":"GamblersBrew"},{"floor":2,"key":"FairyPotion"},{"floor":2,"key":"Fire Potion"},{"floor":11,"key":"Fruit Juice"},{"floor":13,"key":"Strength Potion"}],"is_trial":true,"path_per_floor":["M","?","M","M","$","R","?","R","T","$","M","?","M","M","R","B",null],"character_chosen":"IRONCLAD","items_purchased":["Metallicize","Barricade"],"campfire_rested":0,"item_purchase_floors":[5,10],"current_hp_per_floor":[80,80,80,79,79,79,79,79,79,79,85,85,85,85,85,73,73],"gold":139,"neow_bonus":"","is_prod":false,"is_daily":false,"chose_seed":false,"campfire_upgraded":3,"win_rate":0,"timestamp":1553994017,"path_taken":["M","?","M","M","?","R","?","R","T","$","?","?","?","M","R","BOSS"],"build_version":"2019-01-23","purchased_purges":0,"victory":false,"max_hp_per_floor":[80,80,80,80,80,80,80,80,80,80,85,85,85,85,85,85,85],"card_choices":[{"not_picked":["Warcry","Fire Breathing"],"picked":"Wild Strike","floor":0},{"not_picked":["Warcry","Clothesline"],"picked":"Iron Wave","floor":0},{"not_picked":["Clothesline","Perfected Strike"],"picked":"Thunderclap","floor":0},{"not_picked":["Feel No Pain","Flex"],"picked":"Shrug It Off","floor":0},{"not_picked":["Clash","Seeing Red"],"picked":"Ghostly Armor","floor":0},{"not_picked":["Clothesline","Dual Wield"],"picked":"Shrug It Off","floor":0},{"not_picked":["Intimidate","Shrug It Off"],"picked":"Iron Wave","floor":0},{"not_picked":["Shrug It Off","Intimidate"],"picked":"Cleave","floor":0},{"not_picked":["Flame Barrier","Pommel Strike"],"picked":"Intimidate","floor":0},{"not_picked":["Whirlwind","Body Slam"],"picked":"Intimidate","floor":0},{"not_picked":["Shrug It Off","Perfected Strike"],"picked":"Metallicize","floor":0},{"not_picked":["Flex","Havoc"],"picked":"Cleave","floor":0},{"not_picked":["Flex","Havoc"],"picked":"Pummel","floor":0},{"not_picked":["Combust","Hemokinesis"],"picked":"Flame Barrier","floor":0},{"not_picked":["Armaments","Shrug It Off"],"picked":"Iron Wave","floor":0},{"not_picked":["Pommel Strike"],"picked":"Battle Trance","floor":1},{"not_picked":["Havoc","Evolve"],"picked":"SKIP","floor":3},{"not_picked":["Power Through"],"picked":"Armaments","floor":4},{"not_picked":["Sword Boomerang"],"picked":"Combust","floor":11},{"not_picked":["Flex"],"picked":"Cleave","floor":13},{"not_picked":["Infernal Blade"],"picked":"Armaments","floor":14},{"not_picked":["Impervious"],"picked":"Feed","floor":16}],"player_experience":1018198,"relics_obtained":[{"floor":9,"key":"Champion Belt"}],"event_choices":[{"damage_healed":0,"gold_gain":0,"player_choice":"Got Potions","damage_taken":0,"max_hp_gain":0,"max_hp_loss":0,"event_name":"Lab","floor":2,"gold_loss":0},{"cards_removed":["Cleave"],"damage_healed":0,"gold_gain":0,"player_choice":"Purged","damage_taken":0,"max_hp_gain":0,"max_hp_loss":0,"event_name":"Purifier","floor":7,"gold_loss":0},{"damage_healed":0,"gold_gain":0,"cards_transformed":["Iron Wave"],"player_choice":"Transformed","damage_taken":0,"max_hp_gain":0,"max_hp_loss":0,"event_name":"Transmorgrifier","floor":12,"gold_loss":0,"cards_obtained":["Rage"]}],"is_beta":false,"boss_relics":[],"items_purged_floors":[],"is_endless":false,"potions_floor_spawned":[4,11,13,16],"ascension_level":0}