{"gold_per_floor":[116,116,116,2,17,17,50,50,132,132,15,25,43,73,73,169,169,159,259,31,49,62,62,82,82,134,162,174,202,233,260,272,388,400,427,453,465,489,38,38,63,63,63,75,75,92,121,2,2,2,2,2,2,31,31],"floor_reached":56,"playtime":4325,"items_purged":["Strike_G","Accuracy"],"score":1412,"play_id":"29074369-b54d-47b3-82fd-9e3069496ce8","local_time":"20190513133803","is_ascension_mode":false,"campfire_choices":[{"data":"Footwork","floor":6,"key":"SMITH"},{"data":"Noxious Fumes","floor":8,"key":"SMITH"},{"floor":10,"key":"REST"},{"data":"Crippling Poison","floor":15,"key":"SMITH"},{"floor":23,"key":"REST"},{"floor":25,"key":"REST"},{"floor":32,"key":"REST"},{"floor":40,"key":"RECALL"},{"data":"Well Laid Plans","floor":42,"key":"SMITH"},{"data":"Infinite Blades","floor":49,"key":"SMITH"},{"data":"Leg Sweep","floor":52,"key":"SMITH"}],"neow_cost":"NONE","seed_source_timestamp":1301409708592023,"circlet_count":0,"master_deck":["Survivor","Neutralize+1","Finisher","Footwork+1","Dodge and Roll+1","Noxious Fumes+1","Infinite Blades+1","Leg Sweep+1","Deflect","Crippling Poison+1","Well Laid Plans+1","Die Die Die","Calculated Gamble+1","Concentrate+1","Flying Knee+1","Crippling Poison+1","Escape Plan+1","Escape Plan+1","Adrenaline+1","Dagger Throw","Blade Dance+1","Dodge and Roll+1","Tools of the Trade","Tactician+1","Dagger Spray","Expertise+1","Burst+1","Prepared+1","Reflex+1","Deflect+1","Backstab+1","Malaise+1","Heel Hook+1","Backflip+1","Expertise+1","Bouncing Flask+1"],"relics":["Ring of the Snake","Sundial","Matryoshka","Boot","Black Star","Nunchaku","Toxic Egg 2","Happy Flower","Smiling Mask","Strawberry","Kunai","MawBank","Pandora\u0027s Box","Tough Bandages","Blood Vial","War Paint","Anchor","Bottled Tornado","Juzu Bracelet","Shuriken","Bottled Lightning"],"potions_floor_usage":[7,16,19,19,29,31],"damage_taken":[{"damage":0,"enemies":"Small Slimes","floor":1,"turns":3},{"damage":0,"enemies":"2 Louse","floor":5,"turns":2},{"damage":41,"enemies":"Lagavulin","floor":7,"turns":13},{"damage":0,"enemies":"Jaw Worm","floor":12,"turns":4},{"damage":4,"enemies":"3 Louse","floor":13,"turns":4},{"damage":8,"enemies":"3 Sentries","floor":14,"turns":7},{"damage":0,"enemies":"The Guardian","floor":16,"turns":10},{"damage":2,"enemies":"2 Thieves","floor":18,"turns":4},{"damage":21,"enemies":"Colosseum Slavers","floor":19,"turns":5},{"damage":13,"enemies":"Colosseum Nobs","floor":19,"turns":5},{"damage":12,"enemies":"Chosen","floor":21,"turns":6},{"damage":15,"enemies":"Snake Plant","floor":22,"turns":6},{"damage":1,"enemies":"Chosen and Byrds","floor":24,"turns":4},{"damage":8,"enemies":"Gremlin Leader","floor":27,"turns":7},{"damage":2,"enemies":"Centurion and Healer","floor":29,"turns":5},{"damage":6,"enemies":"Sentry and Sphere","floor":30,"turns":5},{"damage":7,"enemies":"Shelled Parasite and Fungi","floor":31,"turns":3},{"damage":13,"enemies":"Collector","floor":33,"turns":10},{"damage":14,"enemies":"3 Darklings","floor":35,"turns":3},{"damage":9,"enemies":"3 Shapes","floor":36,"turns":3},{"damage":8,"enemies":"Transient","floor":38,"turns":5},{"damage":0,"enemies":"Giant Head","floor":41,"turns":7},{"damage":0,"enemies":"3 Darklings","floor":44,"turns":4},{"damage":19,"enemies":"Sphere and 2 Shapes","floor":46,"turns":6},{"damage":9,"enemies":"Reptomancer","floor":47,"turns":6},{"damage":0,"enemies":"Donu and Deca","floor":50,"turns":9},{"damage":0,"enemies":"Shield and Spear","floor":54,"turns":5},{"damage":41,"enemies":"The Heart","floor":55,"turns":10}],"seed_played":"2838769164956085378","potions_obtained":[{"floor":1,"key":"Fire Potion"},{"floor":7,"key":"Dexterity Potion"},{"floor":16,"key":"Dexterity Potion"},{"floor":18,"key":"AttackPotion"},{"floor":21,"key":"Weak Potion"},{"floor":24,"key":"Swift Potion"},{"floor":29,"key":"Energy Potion"},{"floor":35,"key":"FearPotion"},{"floor":36,"key":"SpeedPotion"}],"is_trial":false,"path_per_floor":["M","?","?","$","M","R","E","R","T","R","$","M","M","E","R","B",null,"M","?","$","M","M","R","M","R","T","E","?","M","M","M","R","B",null,"M","M","?","M","$","R","E","R","T","M","?","M","E","$","R","B",null,"R","$","E","B",null],"character_chosen":"THE_SILENT","items_purchased":["Footwork","Infinite Blades","Leg Sweep","Concentrate+1","Happy Flower","Malaise+1","Tough Bandages","Expertise+1"],"campfire_rested":4,"item_purchase_floors":[4,11,11,20,20,39,39,48],"current_hp_per_floor":[70,63,68,68,68,68,27,27,27,49,49,49,45,37,37,37,75,73,39,39,27,12,34,33,55,62,54,54,52,46,39,63,50,82,68,59,92,84,84,84,84,84,84,86,86,69,62,62,62,64,92,92,92,92,51],"gold":31,"neow_bonus":"UPGRADE_CARD","is_prod":false,"is_daily":false,"chose_seed":false,"campfire_upgraded":6,"win_rate":0,"timestamp":1557751083,"path_taken":["M","?","?","$","M","R","E","R","T","R","$","?","M","E","R","BOSS","M","?","$","M","M","R","M","R","T","E","?","M","M","M","R","BOSS","M","M","?","?","?","R","E","R","T","M","?","?","E","$","R","BOSS","R","$","E","BOSS"],"build_version":"2019-05-07","purchased_purges":2,"victory":true,"max_hp_per_floor":[70,70,75,75,75,75,75,75,75,75,75,75,75,75,75,75,75,75,75,75,75,75,75,75,75,82,82,82,82,82,82,82,82,82,82,82,92,92,92,92,92,92,92,92,92,92,92,92,92,92,92,92,92,92,92],"card_choices":[{"not_picked":["Outmaneuver","Accuracy"],"picked":"Finisher","floor":1},{"not_picked":["Outmaneuver","PiercingWail"],"picked":"Dodge and Roll","floor":5},{"not_picked":["Flechettes","Dash"],"picked":"Noxious Fumes","floor":7},{"not_picked":["Eviscerate","Deadly Poison"],"picked":"Deflect","floor":12},{"not_picked":["Underhanded Strike","Dagger Throw"],"picked":"Crippling Poison","floor":13},{"not_picked":["Backflip","Dagger Spray"],"picked":"Well Laid Plans","floor":14},{"not_picked":["Tools of the Trade","Doppelganger"],"picked":"Die Die Die","floor":16},{"not_picked":["Dagger Spray","Finisher"],"picked":"Calculated Gamble","floor":18},{"not_picked":["Prepared+1","Quick Slash"],"picked":"Flying Knee+1","floor":21},{"not_picked":["All Out Attack","Dagger Throw"],"picked":"Crippling Poison+1","floor":22},{"not_picked":["Prepared+1","Quick Slash"],"picked":"Escape Plan+1","floor":24},{"not_picked":["Setup+1","Deadly Poison+1"],"picked":"Escape Plan+1","floor":27},{"not_picked":["Flying Knee","Underhanded Strike+1"],"picked":"Dagger Throw","floor":29},{"not_picked":["Quick Slash","Outmaneuver+1"],"picked":"Blade Dance+1","floor":30},{"not_picked":["Bullet Time+1","Sucker Punch"],"picked":"Dodge and Roll+1","floor":31},{"not_picked":["Wraith Form v2","Glass Knife"],"picked":"Tools of the Trade","floor":33},{"not_picked":["Sucker Punch+1","Dagger Spray+1"],"picked":"Deflect+1","floor":35},{"not_picked":["Choke","Sucker Punch","Eviscerate"],"picked":"SKIP","floor":36},{"not_picked":["PiercingWail+1","Slice+1"],"picked":"Backstab+1","floor":38},{"not_picked":["Deflect+1","Poisoned Stab"],"picked":"Heel Hook+1","floor":41},{"not_picked":["Deadly Poison+1","Endless Agony+1","Skewer+1"],"picked":"SKIP","floor":44},{"not_picked":["Well Laid Plans+1","Slice+1","Skewer+1"],"picked":"SKIP","floor":46},{"not_picked":["Dash+1","Slice+1"],"picked":"Backflip+1","floor":47},{"not_picked":["Poisoned Stab+1","PiercingWail+1"],"picked":"Bouncing Flask+1","floor":54}],"player_experience":1404234,"relics_obtained":[{"floor":7,"key":"Sundial"},{"floor":9,"key":"Matryoshka"},{"floor":14,"key":"Boot"},{"floor":19,"key":"Nunchaku"},{"floor":19,"key":"Toxic Egg 2"},{"floor":26,"key":"Smiling Mask"},{"floor":26,"key":"Strawberry"},{"floor":27,"key":"Kunai"},{"floor":27,"key":"MawBank"},{"floor":41,"key":"Blood Vial"},{"floor":41,"key":"War Paint"},{"floor":43,"key":"Anchor"},{"floor":47,"key":"Bottled Tornado"},{"floor":47,"key":"Juzu Bracelet"},{"floor":54,"key":"Shuriken"},{"floor":54,"key":"Bottled Lightning"}],"event_choices":[{"cards_removed":["Defend_G"],"damage_healed":0,"gold_gain":0,"player_choice":"Card Removal","damage_taken":7,"max_hp_gain":0,"max_hp_loss":0,"event_name":"Golden Wing","floor":2,"gold_loss":0},{"damage_healed":0,"gold_gain":0,"player_choice":"Donut","damage_taken":0,"max_hp_gain":5,"max_hp_loss":0,"event_name":"Big Fish","floor":3,"gold_loss":0},{"damage_healed":0,"gold_gain":0,"player_choice":"Fight","damage_taken":0,"max_hp_gain":0,"max_hp_loss":0,"event_name":"Colosseum","floor":19,"gold_loss":0},{"damage_healed":0,"gold_gain":0,"player_choice":"Fought Nobs","damage_taken":0,"max_hp_gain":0,"max_hp_loss":0,"event_name":"Colosseum","floor":19,"gold_loss":0},{"damage_healed":0,"gold_gain":0,"player_choice":"Read","damage_taken":0,"max_hp_gain":0,"max_hp_loss":0,"event_name":"The Library","floor":28,"gold_loss":0,"cards_obtained":["Adrenaline"]},{"cards_removed":["Unload"],"damage_healed":23,"gold_gain":0,"player_choice":"Offered Rare","damage_taken":0,"max_hp_gain":10,"max_hp_loss":0,"event_name":"Bonfire Elementals","floor":37,"gold_loss":0},{"damage_healed":0,"gold_gain":0,"player_choice":"Ignored","damage_taken":0,"max_hp_gain":0,"max_hp_loss":0,"event_name":"NoteForYourself","floor":45,"gold_loss":0}],"is_beta":true,"boss_relics":[{"not_picked":["White Beast Statue","Ectoplasm"],"picked":"Black Star"},{"not_picked":["Empty Cage","Lizard Tail"],"picked":"Pandora\u0027s Box"}],"items_purged_floors":[4,48],"is_endless":false,"potions_floor_spawned":[1,7,16,18,21,24,29,35,36,47,54],"ascension_level":0}