{"gold_per_floor":[112,112,132,11,86,86,106,106,106,32,49,68,85,85,85,184,184,198,173,184,149,168,168,168],"floor_reached":24,"playtime":700,"items_purged":["Injury"],"score":273,"play_id":"aef98554-0637-455a-bc29-9212bd20c023","local_time":"20190304151407","is_ascension_mode":true,"campfire_choices":[{"data":"Buffer","floor":6,"key":"SMITH"},{"data":"Chaos","floor":8,"key":"SMITH"},{"floor":15,"key":"REST"},{"data":"Fission","floor":23,"key":"SMITH"}],"neow_cost":"CURSE","seed_source_timestamp":1560942955942920,"circlet_count":0,"master_deck":["Strike_B","Strike_B","Defend_B","Defend_B","Defend_B","Defend_B","Zap","Dualcast","Buffer+1","Chaos+1","Conserve Battery","Gash","Sunder","Conserve Battery","Steam Power","Gash","Fission+1","Turbo","Doom and Gloom+1"],"relics":["Cracked Core","Dead Branch","SsserpentHead","Inserter","Bronze Scales"],"potions_floor_usage":[16,20,24,24],"damage_taken":[{"damage":15,"enemies":"2 Louse","floor":1,"turns":3},{"damage":0,"enemies":"Cultist","floor":3,"turns":5},{"damage":5,"enemies":"Jaw Worm","floor":7,"turns":3},{"damage":5,"enemies":"Looter","floor":11,"turns":3},{"damage":4,"enemies":"Red Slaver","floor":12,"turns":3},{"damage":7,"enemies":"3 Louse","floor":13,"turns":3},{"damage":6,"enemies":"Slime Boss","floor":16,"turns":8},{"damage":17,"enemies":"2 Thieves","floor":18,"turns":4},{"damage":9,"enemies":"Shell Parasite","floor":20,"turns":7},{"damage":6,"enemies":"Snecko","floor":22,"turns":5},{"damage":38,"enemies":"Book of Stabbing","floor":24,"turns":6}],"seed_played":"-601218942164009356","potions_obtained":[{"floor":1,"key":"Dexterity Potion"},{"floor":7,"key":"Strength Potion"},{"floor":16,"key":"Explosive Potion"},{"floor":18,"key":"Weak Potion"}],"is_trial":false,"path_per_floor":["M","?","M","$","?","R","M","R","T","$","M","M","M","?","R","B",null,"M","?","M","?","M","R","E"],"character_chosen":"DEFECT","items_purchased":["Gash","Sunder"],"campfire_rested":1,"item_purchase_floors":[4,10],"current_hp_per_floor":[53,53,53,53,42,42,37,37,37,37,32,28,21,21,43,37,66,49,49,40,40,34,34,0],"gold":168,"neow_bonus":"THREE_RARE_CARDS","is_prod":false,"is_daily":false,"chose_seed":false,"campfire_upgraded":3,"win_rate":0,"timestamp":1551723247,"path_taken":["M","?","?","$","?","R","M","R","T","$","M","M","M","?","R","BOSS","M","?","M","?","M","R","E"],"build_version":"2019-01-23","purchased_purges":1,"victory":false,"max_hp_per_floor":[75,75,75,75,75,75,75,75,75,75,75,75,75,75,75,75,75,75,75,75,75,75,75,75],"card_choices":[{"not_picked":["Thunder Strike","Multi-Cast"],"picked":"Buffer","floor":0},{"not_picked":["Hologram","Capacitor"],"picked":"Chaos","floor":1},{"not_picked":["Rebound","Beam Cell","Reprogram"],"picked":"SKIP","floor":3},{"not_picked":["Steam","Storm","Lockon"],"picked":"SKIP","floor":7},{"not_picked":["Barrage","Leap"],"picked":"Conserve Battery","floor":11},{"not_picked":["Leap","Steam"],"picked":"Steam Power","floor":12},{"not_picked":["Genetic Algorithm","Heatsinks"],"picked":"Gash","floor":13},{"not_picked":["Meteor Strike","Amplify"],"picked":"Fission","floor":16},{"not_picked":["Sweeping Beam","Storm"],"picked":"Turbo","floor":18},{"not_picked":["Barrage","Steam","Go for the Eyes"],"picked":"SKIP","floor":20},{"not_picked":["Turbo","Ball Lightning"],"picked":"Doom and Gloom+1","floor":22}],"player_experience":891137,"relics_obtained":[{"floor":9,"key":"Dead Branch"}],"event_choices":[{"damage_healed":0,"gold_gain":0,"cards_transformed":["Strike_B"],"player_choice":"Transformed","damage_taken":0,"max_hp_gain":0,"max_hp_loss":0,"event_name":"Transmorgrifier","floor":2,"gold_loss":0,"cards_obtained":["Conserve Battery"]},{"damage_healed":0,"gold_gain":75,"player_choice":"Gather Gold","damage_taken":11,"max_hp_gain":0,"max_hp_loss":0,"event_name":"World of Goop","floor":5,"gold_loss":0},{"damage_healed":0,"gold_gain":0,"player_choice":"Trade","damage_taken":0,"relics_obtained":["SsserpentHead"],"max_hp_gain":0,"max_hp_loss":0,"event_name":"FaceTrader","floor":14,"gold_loss":0},{"cards_removed":["Strike_B"],"damage_healed":0,"gold_gain":0,"player_choice":"Gave Gold","damage_taken":0,"max_hp_gain":0,"max_hp_loss":0,"event_name":"Beggar","floor":19,"gold_loss":75},{"damage_healed":0,"gold_gain":0,"player_choice":"Obtained Relic","damage_taken":0,"relics_obtained":["Bronze Scales"],"max_hp_gain":0,"max_hp_loss":0,"event_name":"Addict","floor":21,"gold_loss":85}],"is_beta":false,"boss_relics":[{"not_picked":["Sozu","Fusion Hammer"],"picked":"Inserter"}],"items_purged_floors":[4],"is_endless":false,"potions_floor_spawned":[1,7,16,18],"killed_by":"Book of Stabbing","ascension_level":9}