{"gold_per_floor":[117,168,168,187,25,25,53,53,53,83,8,8,8,8],"floor_reached":14,"playtime":366,"items_purged":["Decay"],"score":160,"play_id":"93866474-9e7e-41d1-866a-310203e57d04","local_time":"20190411221620","is_ascension_mode":true,"campfire_choices":[{"data":"Havoc","floor":6,"key":"SMITH"},{"floor":8,"key":"REST"}],"neow_cost":"TEN_PERCENT_HP_LOSS","seed_source_timestamp":30512770157222,"circlet_count":0,"master_deck":["AscendersBane","Strike_R","Strike_R","Strike_R","Defend_R","Defend_R","Defend_R","Defend_R","Bash","Demon Form","Infernal Blade","Heavy Blade","Havoc+1","Demon Form","Armaments","Cleave","Parasite"],"relics":["Burning Blood","Bottled Lightning","Thread and Needle","Bottled Tornado"],"potions_floor_usage":[10],"damage_taken":[{"damage":1,"enemies":"Small Slimes","floor":1,"turns":4},{"damage":1,"enemies":"Cultist","floor":4,"turns":3},{"damage":54,"enemies":"3 Sentries","floor":7,"turns":7},{"damage":29,"enemies":"Gremlin Nob","floor":10,"turns":4},{"damage":37,"enemies":"3 Sentries","floor":14,"turns":5}],"seed_played":"-924048271134369082","potions_obtained":[{"floor":7,"key":"Poison Potion"}],"is_trial":false,"path_per_floor":["M","?","?","M","$","R","E","R","T","E","$","?","?","E"],"character_chosen":"IRONCLAD","items_purchased":["Demon Form"],"campfire_rested":1,"item_purchase_floors":[5],"current_hp_per_floor":[68,68,68,68,68,68,20,40,40,17,17,17,34,0],"gold":8,"neow_bonus":"TRANSFORM_TWO_CARDS","is_prod":false,"is_daily":false,"chose_seed":false,"campfire_upgraded":1,"win_rate":0,"timestamp":1555031780,"path_taken":["M","?","?","?","$","R","E","R","T","E","$","?","?","E"],"build_version":"2019-01-23","purchased_purges":1,"victory":false,"max_hp_per_floor":[68,68,68,68,68,68,68,68,68,68,68,68,68,68],"card_choices":[{"not_picked":["Clothesline","Sword Boomerang"],"picked":"Heavy Blade","floor":1},{"not_picked":["Combust","Anger"],"picked":"Havoc","floor":4},{"not_picked":["Infernal Blade","True Grit"],"picked":"Armaments","floor":7},{"not_picked":["Dropkick","Reckless Charge"],"picked":"Cleave","floor":10}],"player_experience":1078657,"relics_obtained":[{"floor":7,"key":"Bottled Lightning"},{"floor":9,"key":"Thread and Needle"},{"floor":10,"key":"Bottled Tornado"}],"event_choices":[{"damage_healed":0,"gold_gain":51,"player_choice":"Gained Gold","damage_taken":0,"max_hp_gain":0,"max_hp_loss":0,"event_name":"Golden Wing","floor":2,"gold_loss":0},{"damage_healed":0,"gold_gain":0,"player_choice":"Cursed","damage_taken":0,"max_hp_gain":0,"max_hp_loss":0,"event_name":"Wheel of Change","floor":3,"gold_loss":0,"cards_obtained":["Decay"]},{"damage_healed":0,"gold_gain":0,"player_choice":"Ignored","damage_taken":0,"max_hp_gain":0,"max_hp_loss":0,"event_name":"Liars Game","floor":12,"gold_loss":0},{"damage_healed":17,"gold_gain":0,"player_choice":"Healed and dodged fight","damage_taken":0,"max_hp_gain":0,"max_hp_loss":0,"event_name":"Mushrooms","floor":13,"gold_loss":0,"cards_obtained":["Parasite"]}],"is_beta":false,"boss_relics":[],"items_purged_floors":[11],"is_endless":false,"potions_floor_spawned":[7],"killed_by":"3 Sentries","ascension_level":14}