{"gold_per_floor":[111,126,145,145,155,186,186,35,35,35,35,47,81,94,94,193,193,203,213,34,51,151,151,2,22,22,22,22,22,22,22,22,122,122,142,142,160,160,213,213,227,227,227,238,113,113,113,24,24,24],"floor_reached":51,"playtime":4236,"items_purged":["Defend_R","Strike_R","Normality"],"score":628,"play_id":"593f4004-a244-4e8f-afd8-d7819a2b0ab4","local_time":"20181129041032","is_ascension_mode":false,"campfire_choices":[{"data":"Armaments","floor":7,"key":"SMITH"},{"data":"Rampage","floor":11,"key":"SMITH"},{"data":"Feed","floor":15,"key":"SMITH"},{"floor":23,"key":"REST"},{"data":"Double Tap","floor":27,"key":"SMITH"},{"data":"Inflame","floor":29,"key":"SMITH"},{"floor":30,"key":"REST"},{"data":"Spot Weakness","floor":32,"key":"SMITH"},{"data":"Sword Boomerang","floor":40,"key":"SMITH"},{"floor":42,"key":"REST"},{"floor":46,"key":"REST"},{"floor":49,"key":"REST"}],"neow_cost":"NONE","seed_source_timestamp":712986353888006,"circlet_count":0,"master_deck":["Defend_R","Defend_R","Bash","Shrug It Off","Rampage","Armaments+1","Pummel+1","Inflame+1","Cleave","Rampage","Rampage+1","Feed+1","Shrug It Off","Double Tap+1","Armaments+1","Spot Weakness+1","Fire Breathing+1","Writhe","Bite","Bite","Bite","Bite","Bite","Sword Boomerang+1","Deep Breath","Headbutt","Parasite","Pain","Seeing Red+1","Finesse"],"relics":["Black Blood","Thread and Needle","Whetstone","Frozen Egg 2","Happy Flower","Cursed Key","Shovel","Kunai","Red Skull","WingedGreaves","Nilry\u0027s Codex","Tiny Chest","Question Card"],"potions_floor_usage":[6,6,16,22,22,33,44,50,50],"damage_taken":[{"damage":6,"enemies":"Cultist","floor":1,"turns":3},{"damage":0,"enemies":"2 Louse","floor":2,"turns":2},{"damage":2,"enemies":"Jaw Worm","floor":3,"turns":4},{"damage":0,"enemies":"3 Louse","floor":5,"turns":4},{"damage":14,"enemies":"3 Sentries","floor":6,"turns":6},{"damage":0,"enemies":"Large Slime","floor":12,"turns":5},{"damage":12,"enemies":"Lagavulin","floor":13,"turns":6},{"damage":4,"enemies":"Blue Slaver","floor":14,"turns":4},{"damage":18,"enemies":"Slime Boss","floor":16,"turns":9},{"damage":6,"enemies":"3 Byrds","floor":18,"turns":3},{"damage":0,"enemies":"Chosen","floor":19,"turns":4},{"damage":21,"enemies":"Snake Plant","floor":21,"turns":4},{"damage":21,"enemies":"Colosseum Slavers","floor":22,"turns":3},{"damage":58,"enemies":"Colosseum Nobs","floor":22,"turns":5},{"damage":5,"enemies":"Shelled Parasite and Fungi","floor":25,"turns":3},{"damage":58,"enemies":"Champ","floor":33,"turns":10},{"damage":19,"enemies":"3 Shapes","floor":35,"turns":5},{"damage":5,"enemies":"Orb Walker","floor":37,"turns":3},{"damage":72,"enemies":"Writhing Mass","floor":41,"turns":8},{"damage":63,"enemies":"3 Darklings","floor":44,"turns":5},{"damage":93,"enemies":"Awakened One","floor":50,"turns":13}],"seed_played":"-1574765051718364012","potions_obtained":[{"floor":1,"key":"AttackPotion"},{"floor":5,"key":"Weak Potion"},{"floor":14,"key":"EssenceOfSteel"},{"floor":18,"key":"Poison Potion"},{"floor":21,"key":"Regen Potion"},{"floor":22,"key":"GamblersBrew"},{"floor":33,"key":"SteroidPotion"},{"floor":41,"key":"GamblersBrew"},{"floor":44,"key":"Weak Potion"}],"is_trial":false,"path_per_floor":["M","M","M","T","M","E","R","$","T","?","R","M","E","M","R","B",null,"M","M","$","M","?","R","$","M","T","R","?","R","R","?","R","B",null,"M","?","M","?","T","R","M","R","T","M","$","R","$","$","R","B",null],"character_chosen":"IRONCLAD","items_purchased":["Rampage","Spot Weakness","Red Skull","Finesse"],"campfire_rested":5,"item_purchase_floors":[8,20,24,48],"current_hp_per_floor":[80,80,80,80,80,72,72,72,72,72,72,78,76,82,82,74,92,92,92,92,81,18,48,48,53,53,53,37,37,68,68,68,49,76,73,73,84,84,84,84,36,61,61,18,18,43,43,43,68,21],"gold":24,"neow_bonus":"THREE_CARDS","is_prod":false,"is_daily":false,"chose_seed":false,"campfire_upgraded":7,"win_rate":0.0,"timestamp":1543486232,"path_taken":["M","M","M","?","M","E","R","$","T","?","R","M","E","M","R","BOSS","M","M","?","?","?","R","$","M","T","R","?","R","R","?","R","BOSS","M","?","M","?","?","R","M","R","T","M","$","R","?","$","R","BOSS"],"build_version":"2018-11-15","purchased_purges":3,"victory":true,"max_hp_per_floor":[80,80,80,80,80,80,80,80,80,80,80,80,84,88,88,92,92,92,92,92,96,100,100,100,104,104,104,104,104,104,72,72,76,76,80,80,84,84,84,84,84,84,84,84,84,84,84,84,84,88],"card_choices":[{"not_picked":["Havoc","Anger"],"picked":"Shrug It Off","floor":0},{"not_picked":["Corruption","Wild Strike"],"picked":"Rampage","floor":1},{"not_picked":["Anger","Warcry"],"picked":"Armaments","floor":2},{"not_picked":["Clash","Warcry"],"picked":"Pummel","floor":3},{"not_picked":["Shockwave","Corruption"],"picked":"Inflame","floor":5},{"not_picked":["True Grit","Corruption"],"picked":"Cleave","floor":6},{"not_picked":["Iron Wave","Clothesline"],"picked":"Feed","floor":12},{"not_picked":["Burning Pact","Pommel Strike","Bloodletting"],"picked":"SKIP","floor":13},{"not_picked":["Carnage","Wild Strike"],"picked":"Shrug It Off","floor":14},{"not_picked":["Bludgeon","Juggernaut+1"],"picked":"Double Tap","floor":16},{"not_picked":["Bloodletting+1","Shockwave+1"],"picked":"Armaments+1","floor":18},{"not_picked":["Flame Barrier","Thunderclap","Body Slam"],"picked":"SKIP","floor":19},{"not_picked":["Havoc","Sentinel","Thunderclap"],"picked":"SKIP","floor":21},{"not_picked":["Metallicize+1","Perfected Strike+1"],"picked":"Fire Breathing+1","floor":25},{"not_picked":["Metallicize+1","Havoc"],"picked":"Sword Boomerang","floor":35},{"not_picked":["Dark Shackles","Good Instincts"],"picked":"Deep Breath","floor":36},{"not_picked":["Iron Wave+1","Anger"],"picked":"Headbutt","floor":37},{"not_picked":["Disarm","Hemokinesis+1","Searing Blow"],"picked":"SKIP","floor":41},{"not_picked":["Bloodletting","Heavy Blade+1","Body Slam"],"picked":"Seeing Red+1","floor":44}],"player_experience":171598,"relics_obtained":[{"floor":4,"key":"Thread and Needle"},{"floor":6,"key":"Whetstone"},{"floor":9,"key":"Frozen Egg 2"},{"floor":13,"key":"Happy Flower"},{"floor":22,"key":"Shovel"},{"floor":22,"key":"Kunai"},{"floor":26,"key":"WingedGreaves"},{"floor":28,"key":"Nilry\u0027s Codex"},{"floor":39,"key":"Tiny Chest"},{"floor":43,"key":"Question Card"}],"event_choices":[{"damage_healed":0,"gold_gain":0,"cards_transformed":["Strike_R"],"player_choice":"Transformed","damage_taken":0,"max_hp_gain":0,"max_hp_loss":0,"event_name":"Transmorgrifier","floor":10,"gold_loss":0,"cards_obtained":["Rampage"]},{"damage_healed":0,"gold_gain":0,"player_choice":"Fight","damage_taken":0,"max_hp_gain":0,"max_hp_loss":0,"event_name":"Colosseum","floor":22,"gold_loss":0},{"damage_healed":0,"gold_gain":0,"player_choice":"Fought Nobs","damage_taken":0,"max_hp_gain":0,"max_hp_loss":0,"event_name":"Colosseum","floor":22,"gold_loss":0},{"damage_healed":0,"gold_gain":0,"player_choice":"Obtained Book","damage_taken":16,"max_hp_gain":0,"max_hp_loss":0,"event_name":"Cursed Tome","floor":28,"gold_loss":0},{"damage_healed":0,"gold_gain":0,"player_choice":"Became a vampire","damage_taken":0,"max_hp_gain":0,"max_hp_loss":32,"event_name":"Vampires","floor":31,"gold_loss":0,"cards_obtained":["Bite","Bite","Bite","Bite","Bite"]},{"damage_healed":0,"gold_gain":0,"player_choice":"Memory 1","damage_taken":0,"max_hp_gain":0,"max_hp_loss":0,"event_name":"SensoryStone","floor":36,"gold_loss":0},{"cards_removed":["Defend_R"],"damage_healed":0,"gold_gain":0,"player_choice":"Removed Skill","damage_taken":0,"max_hp_gain":0,"max_hp_loss":0,"event_name":"Falling","floor":38,"gold_loss":0}],"is_beta":false,"boss_relics":[{"not_picked":["Snecko Eye","Runic Cube"],"picked":"Cursed Key"},{"not_picked":["White Beast Statue","Calling Bell"],"picked":"Black Blood"}],"items_purged_floors":[8,20,45],"is_endless":false,"potions_floor_spawned":[1,5,14,18,21,22,33,41,44],"ascension_level":0}