{"gold_per_floor":[209,219,229,10,10,42,42,72,72,72,99,111,186,196,196,300,300,311,311,311,323,248,282,282,314,314,69,249,279,299,313,313,413,413,426,13,32,56,68,100,134,134,186,286,316,316,345,363,363,363,363,363,42,69,69],"floor_reached":56,"playtime":3943,"items_purged":["Strike_R","Regret","Strike_R"],"score":1472,"play_id":"4a66e84f-8df8-46c9-bf0c-354c29440c81","local_time":"20190327201441","is_ascension_mode":true,"campfire_choices":[{"data":"True Grit","floor":7,"key":"SMITH"},{"data":"Armaments","floor":10,"key":"SMITH"},{"data":"Dark Embrace","floor":15,"key":"SMITH"},{"data":"Demon Form","floor":24,"key":"SMITH"},{"data":"Immolate","floor":32,"key":"SMITH"},{"floor":49,"key":"RECALL"},{"data":"Offering","floor":52,"key":"SMITH"}],"neow_cost":"NONE","seed_source_timestamp":1384294098991606,"circlet_count":0,"master_deck":["Strike_R","Strike_R","Defend_R","Defend_R","Defend_R","Defend_R","Bash","Pommel Strike","Armaments+1","Good Instincts","True Grit+1","Cleave","Body Slam","Dark Embrace+1","Reaper","Headbutt+1","Shrug It Off","Demon Form+1","Sword Boomerang","Sword Boomerang","Shrug It Off+1","Power Through+1","Warcry","Immolate+1","Barricade","Shrug It Off","Offering+1","Entrench+1","True Grit+1","Uppercut+1","Metallicize+1","Battle Trance+1","Armaments+1","Metallicize+1","Sword Boomerang","Headbutt","Havoc+1","Offering+1","Evolve","Entrench+1"],"relics":["Burning Blood","Red Skull","Self Forming Clay","Darkstone Periapt","Happy Flower","WingedGreaves","Cursed Key","Boot","Letter Opener","Omamori","Prayer Wheel","Mark of Pain","Potion Belt","Anchor","Ancient Tea Set","Singing Bowl","Pen Nib","Bird Faced Urn","Bag of Marbles","Unceasing Top","DollysMirror","Bottled Tornado"],"potions_floor_usage":[6,6,16,23,29,29,33,41,50,55,55,55,55],"damage_taken":[{"damage":2,"enemies":"Small Slimes","floor":1,"turns":4},{"damage":1,"enemies":"Cultist","floor":2,"turns":3},{"damage":2,"enemies":"2 Louse","floor":3,"turns":3},{"damage":2,"enemies":"Gremlin Nob","floor":6,"turns":3},{"damage":18,"enemies":"3 Sentries","floor":8,"turns":14},{"damage":11,"enemies":"Lagavulin","floor":11,"turns":7},{"damage":5,"enemies":"Looter","floor":12,"turns":3},{"damage":0,"enemies":"2 Fungi Beasts","floor":14,"turns":2},{"damage":31,"enemies":"Slime Boss","floor":16,"turns":8},{"damage":4,"enemies":"Chosen","floor":18,"turns":5},{"damage":12,"enemies":"Shell Parasite","floor":21,"turns":5},{"damage":21,"enemies":"Slavers","floor":23,"turns":6},{"damage":25,"enemies":"Gremlin Leader","floor":25,"turns":7},{"damage":38,"enemies":"Slavers","floor":29,"turns":5},{"damage":15,"enemies":"Snake Plant","floor":30,"turns":4},{"damage":0,"enemies":"Centurion and Healer","floor":31,"turns":8},{"damage":45,"enemies":"Automaton","floor":33,"turns":8},{"damage":1,"enemies":"3 Darklings","floor":35,"turns":3},{"damage":20,"enemies":"3 Shapes","floor":37,"turns":4},{"damage":13,"enemies":"Transient","floor":39,"turns":5},{"damage":6,"enemies":"Nemesis","floor":40,"turns":1},{"damage":64,"enemies":"Giant Head","floor":41,"turns":9},{"damage":6,"enemies":"Mind Bloom Boss Battle","floor":44,"turns":7},{"damage":8,"enemies":"Reptomancer","floor":45,"turns":7},{"damage":36,"enemies":"Nemesis","floor":47,"turns":9},{"damage":0,"enemies":"Jaw Worm Horde","floor":48,"turns":4},{"damage":62,"enemies":"Donu and Deca","floor":50,"turns":9},{"damage":66,"enemies":"Shield and Spear","floor":54,"turns":10},{"damage":12,"enemies":"The Heart","floor":55,"turns":9}],"seed_played":"-1985722691451920516","potions_obtained":[{"floor":1,"key":"Swift Potion"},{"floor":3,"key":"SkillPotion"},{"floor":12,"key":"Energy Potion"},{"floor":14,"key":"Regen Potion"},{"floor":21,"key":"Ancient Potion"},{"floor":25,"key":"SteroidPotion"},{"floor":31,"key":"Energy Potion"},{"floor":33,"key":"AttackPotion"},{"floor":35,"key":"SpeedPotion"},{"floor":39,"key":"Regen Potion"},{"floor":40,"key":"Dexterity Potion"},{"floor":45,"key":"Energy Potion"}],"is_trial":false,"path_per_floor":["M","M","M","$","?","E","R","E","T","R","E","M","?","M","R","B",null,"M","?","?","M","?","E","R","E","T","$","?","E","M","M","R","B",null,"M","$","M","T","M","E","E","?","T","?","E","?","E","M","R","B",null,"R","$","E","B",null],"character_chosen":"IRONCLAD","items_purchased":["Good Instincts","AttackPotion","Omamori","Offering","Potion Belt","DollysMirror","Dexterity Potion","Evolve"],"campfire_rested":0,"item_purchase_floors":[4,4,27,36,36,53,53,53],"current_hp_per_floor":[80,80,80,80,80,80,80,68,68,68,63,64,53,59,59,34,80,80,80,80,80,80,80,80,73,79,79,55,58,49,75,75,36,86,86,86,85,85,86,86,39,39,39,86,86,86,82,86,86,40,86,86,86,86,86],"gold":69,"neow_bonus":"HUNDRED_GOLD","is_prod":false,"is_daily":false,"chose_seed":false,"campfire_upgraded":6,"win_rate":0,"timestamp":1553732081,"path_taken":["M","M","M","$","?","E","R","E","T","R","E","?","?","M","R","BOSS","M","?","?","M","?","E","R","E","T","$","?","E","M","?","R","BOSS","M","$","M","?","M","E","E","?","T","?","E","?","E","M","R","BOSS","R","$","E","BOSS"],"build_version":"2019-03-15","purchased_purges":3,"victory":true,"max_hp_per_floor":[80,80,80,80,80,80,80,80,80,80,80,80,80,80,80,80,80,80,80,80,80,80,80,80,80,86,86,86,86,86,86,86,86,86,86,86,86,86,86,86,86,86,86,86,86,86,86,86,86,86,86,86,86,86,86],"card_choices":[{"not_picked":["Second Wind","Sword Boomerang"],"picked":"Pommel Strike","floor":1},{"not_picked":["Burning Pact","Warcry"],"picked":"Armaments","floor":2},{"not_picked":["Sever Soul","Blood for Blood"],"picked":"Body Slam","floor":3},{"not_picked":["Cleave","Clothesline"],"picked":"True Grit","floor":6},{"not_picked":["Pummel","Sword Boomerang"],"picked":"Cleave","floor":8},{"not_picked":["Burning Pact","Blood for Blood"],"picked":"Body Slam","floor":11},{"not_picked":["Cleave","Heavy Blade","Corruption"],"picked":"SKIP","floor":12},{"not_picked":["Blood for Blood","Body Slam"],"picked":"Dark Embrace","floor":14},{"not_picked":["Limit Break","Dark Embrace"],"picked":"Reaper","floor":16},{"not_picked":["Body Slam","Pummel"],"picked":"Headbutt+1","floor":18},{"not_picked":["Pommel Strike+1","True Grit","Flex"],"picked":"SKIP","floor":21},{"not_picked":["Armaments","Hemokinesis"],"picked":"Demon Form","floor":23},{"not_picked":["Cleave","Evolve"],"picked":"Sword Boomerang","floor":25},{"not_picked":["Body Slam","Rupture+1"],"picked":"Sword Boomerang","floor":29},{"not_picked":["Clothesline","Combust"],"picked":"Shrug It Off+1","floor":30},{"not_picked":["Body Slam","Clothesline"],"picked":"Power Through+1","floor":30},{"not_picked":["Heavy Blade","Wild Strike+1"],"picked":"Warcry","floor":31},{"not_picked":["Clothesline+1","Corruption+1"],"picked":"Immolate","floor":31},{"not_picked":["Bludgeon","Double Tap"],"picked":"Barricade","floor":33},{"not_picked":["Havoc","Flex"],"picked":"Shrug It Off","floor":35},{"not_picked":["Spot Weakness","Dropkick","Perfected Strike+1"],"picked":"SKIP","floor":35},{"not_picked":["Wild Strike","Twin Strike+1"],"picked":"Entrench+1","floor":37},{"not_picked":["Heavy Blade+1","Warcry"],"picked":"True Grit+1","floor":37},{"not_picked":["Havoc","Searing Blow+1"],"picked":"Uppercut+1","floor":39},{"not_picked":["Cleave+1","Heavy Blade+1"],"picked":"Metallicize+1","floor":39},{"not_picked":["Warcry","Fiend Fire","Armaments"],"picked":"SKIP","floor":40},{"not_picked":["Second Wind+1","Pommel Strike+1"],"picked":"Battle Trance+1","floor":41},{"not_picked":["Hemokinesis+1","Clothesline"],"picked":"Armaments+1","floor":44},{"not_picked":["Havoc+1","Clothesline+1"],"picked":"Metallicize+1","floor":45},{"not_picked":["Ghostly Armor+1","Anger"],"picked":"Sword Boomerang","floor":47},{"not_picked":["Wild Strike","Ghostly Armor"],"picked":"Headbutt","floor":48},{"not_picked":["Fiend Fire","Fire Breathing"],"picked":"Havoc+1","floor":48},{"not_picked":["Bloodletting","Dropkick+1"],"picked":"Entrench+1","floor":54}],"player_experience":5049652,"relics_obtained":[{"floor":6,"key":"Self Forming Clay"},{"floor":8,"key":"Darkstone Periapt"},{"floor":9,"key":"Happy Flower"},{"floor":11,"key":"WingedGreaves"},{"floor":23,"key":"Boot"},{"floor":25,"key":"Letter Opener"},{"floor":29,"key":"Prayer Wheel"},{"floor":38,"key":"Anchor"},{"floor":40,"key":"Ancient Tea Set"},{"floor":41,"key":"Singing Bowl"},{"floor":43,"key":"Pen Nib"},{"floor":44,"key":"Bird Faced Urn"},{"floor":45,"key":"Bag of Marbles"},{"floor":47,"key":"Unceasing Top"},{"floor":54,"key":"Bottled Tornado"}],"event_choices":[{"damage_healed":0,"gold_gain":0,"player_choice":"Gave Potion","damage_taken":0,"relics_obtained":["Red Skull"],"max_hp_gain":0,"max_hp_loss":0,"event_name":"WeMeetAgain","floor":5,"gold_loss":0},{"damage_healed":0,"gold_gain":75,"player_choice":"Gather Gold","damage_taken":11,"max_hp_gain":0,"max_hp_loss":0,"event_name":"World of Goop","floor":13,"gold_loss":0},{"damage_healed":0,"gold_gain":0,"player_choice":"Ignored","damage_taken":0,"max_hp_gain":0,"max_hp_loss":0,"event_name":"Vampires","floor":19,"gold_loss":0},{"damage_healed":0,"gold_gain":0,"player_choice":"Read","damage_taken":0,"max_hp_gain":0,"max_hp_loss":0,"event_name":"The Library","floor":20,"gold_loss":0,"cards_obtained":["Shrug It Off"]},{"cards_removed":["Strike_R"],"damage_healed":0,"gold_gain":0,"player_choice":"Gave Gold","damage_taken":0,"max_hp_gain":0,"max_hp_loss":0,"event_name":"Beggar","floor":22,"gold_loss":75},{"damage_healed":0,"gold_gain":180,"player_choice":"GOLD GOLD ","damage_taken":24,"max_hp_gain":0,"max_hp_loss":0,"event_name":"Knowing Skull","floor":28,"potions_obtained":[],"gold_loss":0,"cards_obtained":[]},{"damage_healed":0,"gold_gain":0,"player_choice":"Ignored","damage_taken":0,"max_hp_gain":0,"max_hp_loss":0,"event_name":"Tomb of Lord Red Mask","floor":42,"gold_loss":0},{"damage_healed":0,"gold_gain":0,"player_choice":"Fight","damage_taken":0,"max_hp_gain":0,"max_hp_loss":0,"event_name":"MindBloom","floor":44,"gold_loss":0},{"cards_removed":["Body Slam"],"damage_healed":0,"gold_gain":0,"player_choice":"Removed Attack","damage_taken":0,"max_hp_gain":0,"max_hp_loss":0,"event_name":"Falling","floor":46,"gold_loss":0}],"is_beta":true,"boss_relics":[{"not_picked":["Runic Cube","Eternal Feather"],"picked":"Cursed Key"},{"not_picked":["Black Star","Fusion Hammer"],"picked":"Mark of Pain"}],"items_purged_floors":[4,27,36],"is_endless":false,"potions_floor_spawned":[1,3,12,14,21,25,31,33,35,39,40,45],"ascension_level":1}