{"gold_per_floor":[119,133,50,50,65,97,97,114,114,40,40],"floor_reached":11,"playtime":308,"items_purged":[],"score":124,"play_id":"12e8fa54-2671-462a-bcfa-62b511d59c6f","local_time":"20190422233731","is_ascension_mode":true,"campfire_choices":[{"data":"Redo","floor":7,"key":"SMITH"}],"neow_cost":"NONE","seed_source_timestamp":985910454498275,"circlet_count":0,"master_deck":["AscendersBane","Strike_B","Strike_B","Strike_B","Strike_B","Defend_B","Defend_B","Defend_B","Defend_B","Zap+1","Dualcast","Redo+1","Leap","Static Discharge","Rebound","Rebound","Loop","Fission","Self Repair"],"relics":["Cracked Core","Unceasing Top","StoneCalendar"],"potions_floor_usage":[11,11,11,11],"damage_taken":[{"damage":0,"enemies":"Cultist","floor":1,"turns":3},{"damage":0,"enemies":"Small Slimes","floor":2,"turns":2},{"damage":8,"enemies":"2 Louse","floor":5,"turns":2},{"damage":30,"enemies":"Lagavulin","floor":6,"turns":6},{"damage":12,"enemies":"Looter","floor":8,"turns":3},{"damage":21,"enemies":"Gremlin Gang","floor":11,"turns":2}],"seed_played":"-5960871845661503647","potions_obtained":[{"floor":1,"key":"FocusPotion"},{"floor":4,"key":"EntropicBrew"}],"is_trial":false,"path_per_floor":["M","M","$","?","M","E","R","M","T","$","M"],"character_chosen":"DEFECT","items_purchased":["Static Discharge","Rebound","Self Repair"],"campfire_rested":0,"item_purchase_floors":[3,3,10],"current_hp_per_floor":[64,64,64,64,56,26,26,14,14,14,0],"gold":40,"neow_bonus":"UPGRADE_CARD","is_prod":false,"is_daily":false,"chose_seed":false,"campfire_upgraded":1,"win_rate":0,"timestamp":1555987051,"path_taken":["M","?","$","?","M","E","R","M","T","?","M"],"build_version":"2019-01-23","purchased_purges":0,"victory":false,"max_hp_per_floor":[71,71,71,71,71,71,71,71,71,71,71],"card_choices":[{"not_picked":["Fusion","Hello World"],"picked":"Redo","floor":1},{"not_picked":["Double Energy","BootSequence"],"picked":"Leap","floor":2},{"not_picked":["Conserve Battery","Gash"],"picked":"Rebound","floor":5},{"not_picked":["Ball Lightning","Blizzard"],"picked":"Loop","floor":6},{"not_picked":["Ball Lightning","Double Energy"],"picked":"Fission","floor":8}],"player_experience":1183487,"relics_obtained":[{"floor":6,"key":"Unceasing Top"},{"floor":9,"key":"StoneCalendar"}],"event_choices":[{"damage_healed":0,"gold_gain":0,"player_choice":"Got Potions","damage_taken":0,"max_hp_gain":0,"max_hp_loss":0,"event_name":"Lab","floor":4,"gold_loss":0}],"is_beta":false,"boss_relics":[],"items_purged_floors":[],"is_endless":false,"potions_floor_spawned":[1,8],"killed_by":"Gremlin Gang","ascension_level":14}