{"gold_per_floor":[111,111,125,125,145,178,178,191,191,201,201,213,226,259,259,259],"floor_reached":16,"playtime":1047,"items_purged":[],"score":154,"play_id":"804fb44c-d8ac-4907-8205-831667e1e7fe","local_time":"20181228154419","is_ascension_mode":true,"campfire_choices":[{"floor":7,"key":"REST"},{"floor":11,"key":"REST"},{"floor":15,"key":"REST"}],"neow_cost":"TEN_PERCENT_HP_LOSS","seed_source_timestamp":587390666529914,"circlet_count":0,"master_deck":["Strike_B","Strike_B","Strike_B","Strike_B","Defend_B","Defend_B","Defend_B","Defend_B","Zap","Dualcast","Amplify","White Noise+1","Enlightenment","Rip and Tear","BootSequence","Turbo","Steam","Doom and Gloom","Aggregate","Redo","Aggregate","Echo Form"],"relics":["Cracked Core","Meat on the Bone","Shuriken","Letter Opener"],"potions_floor_usage":[12,12,14],"damage_taken":[{"damage":0,"enemies":"Small Slimes","floor":1,"turns":4},{"damage":0,"enemies":"Cultist","floor":3,"turns":4},{"damage":7,"enemies":"2 Louse","floor":5,"turns":3},{"damage":15,"enemies":"3 Sentries","floor":6,"turns":6},{"damage":19,"enemies":"Lots of Slimes","floor":8,"turns":4},{"damage":10,"enemies":"Large Slime","floor":10,"turns":5},{"damage":0,"enemies":"Gremlin Gang","floor":12,"turns":2},{"damage":11,"enemies":"3 Louse","floor":13,"turns":2},{"damage":33,"enemies":"Gremlin Nob","floor":14,"turns":4},{"damage":46,"enemies":"Slime Boss","floor":16,"turns":6}],"seed_played":"884763351088976373","potions_obtained":[{"floor":5,"key":"PowerPotion"},{"floor":8,"key":"EssenceOfSteel"},{"floor":13,"key":"Explosive Potion"},{"floor":14,"key":"Energy Potion"}],"is_trial":false,"path_per_floor":["M","?","M","?","M","E","R","M","T","M","R","M","M","E","R","B"],"character_chosen":"DEFECT","items_purchased":[],"campfire_rested":3,"item_purchase_floors":[],"current_hp_per_floor":[68,68,68,68,61,46,66,47,47,37,57,57,46,25,45,0],"gold":259,"neow_bonus":"THREE_RARE_CARDS","is_prod":false,"is_daily":false,"chose_seed":false,"campfire_upgraded":0,"win_rate":0,"timestamp":1546022659,"path_taken":["M","?","?","?","M","E","R","M","T","M","R","M","?","E","R","BOSS"],"build_version":"2018-12-20","purchased_purges":0,"victory":false,"max_hp_per_floor":[68,68,68,68,68,68,68,68,68,68,68,68,68,68,68,68],"card_choices":[{"not_picked":["Multi-Cast","Buffer"],"picked":"Amplify","floor":0},{"not_picked":["Turbo","Streamline"],"picked":"White Noise","floor":1},{"not_picked":["Capacitor","Cold Snap"],"picked":"BootSequence","floor":3},{"not_picked":["Redo","Blizzard"],"picked":"Turbo","floor":5},{"not_picked":["Hologram","Multi-Cast"],"picked":"Steam","floor":6},{"not_picked":["Self Repair","Beam Cell"],"picked":"Doom and Gloom","floor":8},{"not_picked":["Stack","Compile Driver"],"picked":"Aggregate","floor":10},{"not_picked":["Undo","Compile Driver"],"picked":"Redo","floor":12},{"not_picked":["Leap","Rebound"],"picked":"Aggregate","floor":13},{"not_picked":["Fusion","FTL"],"picked":"Echo Form","floor":14}],"player_experience":556204,"relics_obtained":[{"floor":6,"key":"Meat on the Bone"},{"floor":9,"key":"Shuriken"},{"floor":14,"key":"Letter Opener"}],"event_choices":[{"damage_healed":0,"gold_gain":0,"player_choice":"2 cards matched","damage_taken":0,"max_hp_gain":0,"max_hp_loss":0,"event_name":"Match and Keep!","floor":2,"gold_loss":0,"cards_obtained":["Enlightenment","Rip and Tear"]},{"damage_healed":0,"gold_gain":0,"player_choice":"Upgraded","damage_taken":0,"max_hp_gain":0,"max_hp_loss":0,"event_name":"Upgrade Shrine","floor":4,"gold_loss":0,"cards_upgraded":["White Noise"]}],"is_beta":false,"boss_relics":[],"items_purged_floors":[],"is_endless":false,"potions_floor_spawned":[5,8,13,14],"killed_by":"Slime Boss","ascension_level":7}