{"gold_per_floor":[111,129,129,141,159,191,201,201,201,201,212,212,245,265,265,339,339,358,376,376,0,0,0,0],"floor_reached":24,"playtime":1025,"items_purged":[],"score":416,"play_id":"73b8351d-d5d3-424c-b5e4-65ade2c8e07c","local_time":"20190216153821","is_ascension_mode":true,"campfire_choices":[{"data":"Sucker Punch","floor":12,"key":"SMITH"},{"data":"Infinite Blades","floor":15,"key":"SMITH"},{"floor":23,"key":"REST"}],"neow_cost":"NONE","seed_source_timestamp":168268177043799,"circlet_count":0,"master_deck":["AscendersBane","Defend_G","Defend_G","Defend_G","Defend_G","Defend_G","Strike_G","Strike_G","Strike_G","Strike_G","Survivor","Neutralize+1","Sucker Punch+1","PiercingWail","Quick Slash","Dagger Spray","Predator","Infinite Blades+1","Crippling Poison","Bouncing Flask","Backflip","After Image","Skewer"],"relics":["Ring of the Snake","Meat on the Bone","Omamori","Happy Flower","Velvet Choker","Chemical X","Bag of Preparation"],"potions_floor_usage":[6,7,11,24],"damage_taken":[{"damage":3,"enemies":"2 Louse","floor":1,"turns":3},{"damage":0,"enemies":"Cultist","floor":2,"turns":4},{"damage":2,"enemies":"Jaw Worm","floor":4,"turns":8},{"damage":0,"enemies":"3 Louse","floor":5,"turns":4},{"damage":8,"enemies":"Gremlin Nob","floor":6,"turns":3},{"damage":20,"enemies":"Gremlin Gang","floor":7,"turns":9},{"damage":9,"enemies":"Exordium Thugs","floor":11,"turns":5},{"damage":20,"enemies":"3 Sentries","floor":13,"turns":7},{"damage":1,"enemies":"Large Slime","floor":14,"turns":6},{"damage":37,"enemies":"Hexaghost","floor":16,"turns":12},{"damage":13,"enemies":"Chosen","floor":18,"turns":5},{"damage":7,"enemies":"Shell Parasite","floor":19,"turns":5},{"damage":41,"enemies":"Slavers","floor":24,"turns":5}],"seed_played":"5345460315009949277","potions_obtained":[{"floor":2,"key":"Ancient Potion"},{"floor":4,"key":"FearPotion"},{"floor":6,"key":"AttackPotion"},{"floor":7,"key":"Poison Potion"},{"floor":16,"key":"Block Potion"}],"is_trial":false,"path_per_floor":["M","M","?","M","M","E","M","?","T","?","M","R","E","M","R","B",null,"M","M","?","$","?","R","E"],"character_chosen":"THE_SILENT","items_purchased":["Chemical X","Bag of Preparation"],"campfire_rested":1,"item_purchase_floors":[21,21],"current_hp_per_floor":[62,62,62,60,60,52,44,44,44,44,47,47,39,38,38,13,57,44,37,17,17,17,40,0],"gold":0,"neow_bonus":"TEN_PERCENT_HP_BONUS","is_prod":false,"is_daily":false,"chose_seed":false,"campfire_upgraded":2,"win_rate":0,"timestamp":1550349501,"path_taken":["M","M","?","?","M","E","M","?","T","?","M","R","E","?","R","BOSS","M","M","?","$","?","R","E"],"build_version":"2019-02-06","purchased_purges":0,"victory":false,"max_hp_per_floor":[72,72,72,72,72,72,72,72,72,72,72,72,72,72,72,72,72,72,72,77,77,77,77,77],"card_choices":[{"not_picked":["Dodge and Roll","Cloak And Dagger"],"picked":"Sucker Punch","floor":1},{"not_picked":["Flying Knee","Setup"],"picked":"PiercingWail","floor":2},{"not_picked":["Dodge and Roll","Underhanded Strike"],"picked":"Dagger Spray","floor":4},{"not_picked":["Prepared","After Image"],"picked":"Predator","floor":5},{"not_picked":["Sucker Punch","Backflip"],"picked":"Infinite Blades","floor":6},{"not_picked":["Underhanded Strike","Riddle With Holes"],"picked":"Crippling Poison","floor":7},{"not_picked":["Flying Knee","Deflect","Acrobatics"],"picked":"SKIP","floor":11},{"not_picked":["Sucker Punch","Endless Agony"],"picked":"Bouncing Flask","floor":13},{"not_picked":["Slice","Backflip","Dagger Spray"],"picked":"SKIP","floor":14},{"not_picked":["Slice","Dagger Spray"],"picked":"Backflip","floor":14},{"not_picked":["Phantasmal Killer","Unload"],"picked":"After Image","floor":16},{"not_picked":["Choke","Poisoned Stab"],"picked":"Skewer","floor":18},{"not_picked":["Slice","Backflip","Dagger Throw+1"],"picked":"SKIP","floor":19}],"player_experience":941184,"relics_obtained":[{"floor":6,"key":"Meat on the Bone"},{"floor":9,"key":"Omamori"},{"floor":13,"key":"Happy Flower"}],"event_choices":[{"damage_healed":0,"gold_gain":0,"cards_transformed":["Strike_G"],"player_choice":"Transformed","damage_taken":0,"max_hp_gain":0,"max_hp_loss":0,"event_name":"Transmorgrifier","floor":3,"gold_loss":0,"cards_obtained":["Quick Slash"]},{"damage_healed":0,"gold_gain":0,"player_choice":"Grow","damage_taken":0,"max_hp_gain":0,"max_hp_loss":0,"event_name":"Living Wall","floor":8,"gold_loss":0,"cards_upgraded":["Neutralize"]},{"damage_healed":0,"gold_gain":0,"player_choice":"0 cards matched","damage_taken":0,"max_hp_gain":0,"max_hp_loss":0,"event_name":"Match and Keep!","floor":10,"gold_loss":0,"cards_obtained":[]},{"damage_healed":0,"gold_gain":0,"player_choice":"Shed Blood","damage_taken":25,"max_hp_gain":5,"max_hp_loss":0,"event_name":"Forgotten Altar","floor":20,"gold_loss":0},{"damage_healed":0,"gold_gain":0,"player_choice":"Ignored","damage_taken":0,"max_hp_gain":0,"max_hp_loss":0,"event_name":"Ghosts","floor":22,"gold_loss":0}],"is_beta":true,"boss_relics":[{"not_picked":["Empty Cage","HoveringKite"],"picked":"Velvet Choker"}],"items_purged_floors":[],"is_endless":false,"potions_floor_spawned":[2,4,6,7,16,19],"killed_by":"Slavers","ascension_level":20}