{"gold_per_floor":[117,36,36,55,67,67,93,93,120,140,151,186,202,127,127,205,205,224,240,240,240,240,268,268,302,329,329,348,377,377,395,395,469,469,486,586,586,601,165,165,165],"floor_reached":41,"playtime":4067,"items_purged":["Strike_B"],"score":968,"play_id":"97440b61-5915-429b-a7c9-90dd5fd2fa66","local_time":"20190428205656","is_ascension_mode":true,"campfire_choices":[{"data":"Sunder","floor":6,"key":"SMITH"},{"data":"Doom and Gloom","floor":8,"key":"SMITH"},{"data":"Hologram","floor":15,"key":"SMITH"},{"floor":24,"key":"REST"},{"floor":30,"key":"REST"},{"floor":32,"key":"REST"},{"data":"Reinforced Body","floor":40,"key":"SMITH"}],"neow_cost":"NONE","seed_source_timestamp":31985438504180,"circlet_count":0,"master_deck":["AscendersBane","Strike_B","Defend_B","Defend_B","Defend_B","Defend_B","Zap+1","Dualcast","Chill","Sunder+1","Doom and Gloom+1","Cold Snap","BootSequence","Hologram+1","Gash","Compile Driver","Compile Driver","Echo Form","Leap","Steam","Gash","Beam Cell+1","Biased Cognition","Leap","Multi-Cast","Reinforced Body+1"],"relics":["Cracked Core","NeowsBlessing","Ancient Tea Set","Strawberry","Pantograph","Sozu","Nilry\u0027s Codex","Bronze Scales","Smiling Mask","Happy Flower","Regal Pillow","Black Star","Prayer Wheel","Sling","Pen Nib"],"potions_floor_usage":[7,12,16,16,29],"damage_taken":[{"damage":0,"enemies":"Jaw Worm","floor":1,"turns":1},{"damage":0,"enemies":"Cultist","floor":4,"turns":1},{"damage":0,"enemies":"2 Louse","floor":5,"turns":1},{"damage":6,"enemies":"Gremlin Nob","floor":7,"turns":3},{"damage":0,"enemies":"Exordium Wildlife","floor":10,"turns":4},{"damage":0,"enemies":"3 Louse","floor":11,"turns":2},{"damage":10,"enemies":"3 Sentries","floor":12,"turns":4},{"damage":0,"enemies":"2 Fungi Beasts","floor":13,"turns":2},{"damage":31,"enemies":"Slime Boss","floor":16,"turns":6},{"damage":6,"enemies":"Chosen","floor":18,"turns":6},{"damage":4,"enemies":"3 Byrds","floor":19,"turns":4},{"damage":3,"enemies":"Gremlin Leader","floor":23,"turns":5},{"damage":36,"enemies":"Slavers","floor":25,"turns":3},{"damage":14,"enemies":"Centurion and Healer","floor":28,"turns":6},{"damage":7,"enemies":"Gremlin Leader","floor":29,"turns":6},{"damage":8,"enemies":"Sentry and Sphere","floor":31,"turns":5},{"damage":46,"enemies":"Automaton","floor":33,"turns":8},{"damage":2,"enemies":"3 Shapes","floor":35,"turns":3},{"damage":0,"enemies":"Mind Bloom Boss Battle","floor":36,"turns":5},{"damage":10,"enemies":"Orb Walker","floor":38,"turns":3},{"damage":87,"enemies":"Giant Head","floor":41,"turns":6}],"seed_played":"-7643940270782877261","potions_obtained":[{"floor":1,"key":"FearPotion"},{"floor":7,"key":"Strength Potion"},{"floor":10,"key":"AttackPotion"},{"floor":13,"key":"Explosive Potion"},{"floor":16,"key":"Energy Potion"}],"is_trial":false,"path_per_floor":["M","$","?","M","M","R","E","R","T","M","M","E","M","?","R","B",null,"M","M","?","?","?","E","R","E","T","?","M","E","R","M","R","B",null,"M","?","?","M","$","R","E"],"character_chosen":"DEFECT","items_purchased":["Sunder","Sling","Pen Nib"],"campfire_rested":3,"item_purchase_floors":[2,39,39],"current_hp_per_floor":[64,64,64,64,64,64,58,58,65,65,65,55,55,55,55,47,70,64,60,60,39,39,36,59,23,23,23,9,2,40,32,70,32,67,65,78,74,64,64,64,0],"gold":165,"neow_bonus":"THREE_ENEMY_KILL","is_prod":false,"is_daily":false,"chose_seed":false,"campfire_upgraded":4,"win_rate":0,"timestamp":1556481416,"path_taken":["M","$","?","?","M","R","E","R","T","M","M","E","M","?","R","BOSS","M","M","?","?","?","E","R","E","T","?","M","E","R","?","R","BOSS","M","?","?","M","$","R","E"],"build_version":"2019-04-23","purchased_purges":1,"victory":false,"max_hp_per_floor":[71,71,71,71,71,71,71,71,78,78,78,78,78,78,78,78,78,78,78,78,78,78,78,78,78,78,78,78,78,78,78,78,78,78,78,78,74,74,74,74,74],"card_choices":[{"not_picked":["Scrape","Consume"],"picked":"Chill","floor":1},{"not_picked":["Loop","Hologram"],"picked":"Cold Snap","floor":4},{"not_picked":["Reprogram","Redo","Rebound"],"picked":"SKIP","floor":5},{"not_picked":["Rebound","Storm"],"picked":"BootSequence","floor":7},{"not_picked":["Go for the Eyes","Stack"],"picked":"Hologram","floor":10},{"not_picked":["Sunder","Melter"],"picked":"Gash","floor":11},{"not_picked":["Chaos","Double Energy"],"picked":"Compile Driver","floor":12},{"not_picked":["Streamline","Rainbow"],"picked":"Compile Driver","floor":13},{"not_picked":["Buffer","Reboot"],"picked":"Echo Form","floor":16},{"not_picked":["Compile Driver","Stack"],"picked":"Leap","floor":18},{"not_picked":["Sweeping Beam","Rebound"],"picked":"Steam","floor":19},{"not_picked":["Go for the Eyes","Barrage"],"picked":"Gash","floor":23},{"not_picked":["Compile Driver","Ball Lightning"],"picked":"Beam Cell+1","floor":25},{"not_picked":["Rebound","Lockon+1","Fusion"],"picked":"SKIP","floor":28},{"not_picked":["FTL","Reinforced Body"],"picked":"Biased Cognition","floor":29},{"not_picked":["Darkness","Compile Driver"],"picked":"Leap","floor":31},{"not_picked":["Echo Form","Reboot"],"picked":"Multi-Cast","floor":33},{"not_picked":["Compile Driver","Gash","Chaos+1"],"picked":"SKIP","floor":35},{"not_picked":["Hello World+1","Hologram"],"picked":"Reinforced Body","floor":36},{"not_picked":["Heatsinks+1","Leap","Ball Lightning"],"picked":"SKIP","floor":38},{"not_picked":["Steam+1","Force Field","Blizzard"],"picked":"SKIP","floor":38}],"player_experience":1246289,"relics_obtained":[{"floor":7,"key":"Ancient Tea Set"},{"floor":9,"key":"Strawberry"},{"floor":12,"key":"Pantograph"},{"floor":21,"key":"Nilry\u0027s Codex"},{"floor":23,"key":"Bronze Scales"},{"floor":25,"key":"Smiling Mask"},{"floor":26,"key":"Happy Flower"},{"floor":29,"key":"Regal Pillow"},{"floor":36,"key":"Prayer Wheel"}],"event_choices":[{"damage_healed":0,"gold_gain":0,"cards_transformed":["Strike_B"],"player_choice":"Transformed","damage_taken":0,"max_hp_gain":0,"max_hp_loss":0,"event_name":"Transmorgrifier","floor":3,"gold_loss":0,"cards_obtained":["Doom and Gloom"]},{"cards_removed":["Strike_B"],"damage_healed":0,"gold_gain":0,"player_choice":"Card Removal","damage_taken":0,"max_hp_gain":0,"max_hp_loss":0,"event_name":"The Cleric","floor":14,"gold_loss":75},{"damage_healed":0,"gold_gain":0,"player_choice":"Ignored","damage_taken":0,"max_hp_gain":0,"max_hp_loss":0,"event_name":"The Mausoleum","floor":20,"gold_loss":0},{"damage_healed":0,"gold_gain":0,"player_choice":"Obtained Book","damage_taken":21,"max_hp_gain":0,"max_hp_loss":0,"event_name":"Cursed Tome","floor":21,"gold_loss":0},{"damage_healed":0,"gold_gain":0,"player_choice":"Ignored","damage_taken":0,"max_hp_gain":0,"max_hp_loss":0,"event_name":"Vampires","floor":22,"gold_loss":0},{"damage_healed":0,"gold_gain":0,"player_choice":"Forge","damage_taken":0,"max_hp_gain":0,"max_hp_loss":0,"event_name":"Accursed Blacksmith","floor":27,"gold_loss":0,"cards_upgraded":["Zap"]},{"damage_healed":0,"gold_gain":0,"player_choice":"Fight","damage_taken":0,"max_hp_gain":0,"max_hp_loss":0,"event_name":"MindBloom","floor":36,"gold_loss":0},{"damage_healed":0,"gold_gain":0,"player_choice":"Max HP","damage_taken":0,"max_hp_gain":0,"max_hp_loss":4,"event_name":"Winding Halls","floor":37,"gold_loss":0}],"is_beta":true,"boss_relics":[{"not_picked":["Eternal Feather","Velvet Choker"],"picked":"Sozu"},{"not_picked":["Runic Dome","Calling Bell"],"picked":"Black Star"}],"items_purged_floors":[39],"is_endless":false,"potions_floor_spawned":[1,7,10,13,16,18,23,25,29,38],"killed_by":"Giant Head","ascension_level":20}