{"gold_per_floor":[114,125,200,220,230,230,230,230,230,230,241,241,252,279,279,378,378,397,397,412,61,61,61,73,101,127,127,127,154,154,166,166,263,263,273,373,383,91,103,103,118,143,170,186,186,212,212,228,228,228,228,228,69,104,104],"floor_reached":55,"playtime":3647,"items_purged":["Fire Breathing","Warcry"],"score":867,"play_id":"24d16981-03e4-476b-9d0f-58ba4579dea4","local_time":"20190301174357","is_ascension_mode":false,"campfire_choices":[{"data":"Whirlwind","floor":6,"key":"SMITH"},{"data":"Rampage","floor":8,"key":"SMITH"},{"data":"Bash","floor":10,"key":"SMITH"},{"data":"Metallicize","floor":15,"key":"SMITH"},{"data":"Armaments","floor":23,"key":"SMITH"},{"data":"RitualDagger","floor":28,"key":"SMITH"},{"data":"Berserk","floor":30,"key":"SMITH"},{"data":"Battle Trance","floor":32,"key":"SMITH"},{"data":"Disarm","floor":40,"key":"SMITH"},{"data":"Deep Breath","floor":45,"key":"SMITH"},{"floor":49,"key":"RECALL"},{"data":"Burning Pact","floor":52,"key":"SMITH"}],"neow_cost":"NONE","seed_source_timestamp":143355808506627,"circlet_count":0,"master_deck":["Bash+1","Deep Breath+1","Headbutt","Rampage+1","Clothesline+1","Shrug It Off","Metallicize+1","Impervious","Power Through+1","Disarm+1","Berserk+1","Immolate","Body Slam","Armaments+1","Metallicize","Metallicize+1","Metallicize","Battle Trance+1","RitualDagger+1","True Grit+1","Burning Pact+1","Battle Trance+1","Shrug It Off+1"],"relics":["Burning Blood","Incense Burner","Letter Opener","Pandora\u0027s Box","Meat on the Bone","Torii","StoneCalendar","Busted Crown","Peace Pipe","DollysMirror","Mango","Bag of Marbles","The Courier","FossilizedHelix","Pen Nib","War Paint"],"potions_floor_usage":[25,33,33,50,54,55,55,55,55],"damage_taken":[{"damage":1,"enemies":"Jaw Worm","floor":1,"turns":3},{"damage":2,"enemies":"2 Louse","floor":2,"turns":3},{"damage":1,"enemies":"Cultist","floor":4,"turns":3},{"damage":4,"enemies":"Exordium Wildlife","floor":5,"turns":3},{"damage":26,"enemies":"Exordium Thugs","floor":11,"turns":4},{"damage":5,"enemies":"Gremlin Gang","floor":13,"turns":3},{"damage":20,"enemies":"Gremlin Nob","floor":14,"turns":4},{"damage":12,"enemies":"Hexaghost","floor":16,"turns":8},{"damage":21,"enemies":"Spheric Guardian","floor":18,"turns":4},{"damage":7,"enemies":"Chosen","floor":20,"turns":6},{"damage":14,"enemies":"Sentry and Sphere","floor":24,"turns":6},{"damage":0,"enemies":"Slavers","floor":25,"turns":4},{"damage":0,"enemies":"Gremlin Leader","floor":29,"turns":6},{"damage":0,"enemies":"Centurion and Healer","floor":31,"turns":5},{"damage":27,"enemies":"Collector","floor":33,"turns":10},{"damage":0,"enemies":"3 Shapes","floor":35,"turns":5},{"damage":2,"enemies":"Mind Bloom Boss Battle","floor":36,"turns":6},{"damage":0,"enemies":"3 Darklings","floor":37,"turns":4},{"damage":3,"enemies":"4 Shapes","floor":39,"turns":5},{"damage":0,"enemies":"Spire Growth","floor":41,"turns":5},{"damage":1,"enemies":"Giant Head","floor":42,"turns":8},{"damage":16,"enemies":"Jaw Worm Horde","floor":44,"turns":3},{"damage":2,"enemies":"Nemesis","floor":46,"turns":7},{"damage":21,"enemies":"3 Darklings","floor":48,"turns":3},{"damage":0,"enemies":"Time Eater","floor":50,"turns":15},{"damage":10,"enemies":"Shield and Spear","floor":54,"turns":8},{"damage":104,"enemies":"The Heart","floor":55,"turns":12}],"seed_played":"6845208824171349101","potions_obtained":[{"floor":4,"key":"Poison Potion"},{"floor":16,"key":"EssenceOfSteel"},{"floor":18,"key":"Weak Potion"},{"floor":19,"key":"Dexterity Potion"},{"floor":19,"key":"PowerPotion"},{"floor":31,"key":"Fire Potion"},{"floor":35,"key":"Fire Potion"},{"floor":39,"key":"EntropicBrew"},{"floor":42,"key":"Swift Potion"},{"floor":44,"key":"Weak Potion"}],"is_trial":false,"path_per_floor":["M","M","?","M","M","R","?","R","T","R","M","?","M","E","R","B",null,"M","?","M","$","?","R","M","E","T","?","R","E","R","M","R","B",null,"M","?","M","$","M","R","M","E","T","M","R","E","?","M","R","B",null,"R","$","E","B"],"character_chosen":"IRONCLAD","items_purchased":["Battle Trance","Meat on the Bone","DollysMirror","Pen Nib","Fire Potion"],"campfire_rested":0,"item_purchase_floors":[21,21,38,53,53],"current_hp_per_floor":[80,80,69,74,76,76,76,76,76,76,56,56,57,43,43,37,80,65,65,64,64,64,64,56,62,62,56,56,62,62,68,68,47,80,80,80,80,80,80,80,80,94,94,84,84,88,88,73,73,79,94,94,94,90,0],"gold":104,"neow_bonus":"RANDOM_COLORLESS","is_prod":false,"is_daily":false,"chose_seed":false,"campfire_upgraded":11,"win_rate":0,"timestamp":1551462237,"path_taken":["M","M","?","M","M","R","?","R","T","R","?","?","M","E","R","BOSS","M","?","?","$","?","R","M","E","T","?","R","E","R","M","R","BOSS","M","?","M","$","M","R","M","E","T","M","R","E","?","?","R","BOSS","R","$","E","BOSS"],"build_version":"2019-02-06","purchased_purges":2,"victory":false,"max_hp_per_floor":[80,80,80,80,80,80,80,80,80,80,80,80,80,80,80,80,80,80,80,80,80,80,80,80,80,80,80,80,80,80,80,80,80,80,80,80,80,80,80,80,80,94,94,94,94,94,94,94,94,94,94,94,94,94,94],"card_choices":[{"not_picked":["True Grit","Clothesline"],"picked":"Headbutt","floor":1},{"not_picked":["Combust","Clash"],"picked":"Rampage","floor":2},{"not_picked":["Anger","Perfected Strike"],"picked":"Clothesline","floor":4},{"not_picked":["Thunderclap","Cleave"],"picked":"Whirlwind","floor":5},{"not_picked":["Warcry","Clash","Wild Strike"],"picked":"SKIP","floor":11},{"not_picked":["True Grit","Immolate"],"picked":"Shrug It Off","floor":13},{"not_picked":["Feed","Twin Strike"],"picked":"Metallicize","floor":14},{"not_picked":["Immolate","Limit Break"],"picked":"Impervious","floor":16},{"not_picked":["Power Through","True Grit"],"picked":"Metallicize+1","floor":18},{"not_picked":["Armaments","Pommel Strike"],"picked":"Metallicize","floor":20},{"not_picked":["Feel No Pain","Clash+1","Pommel Strike"],"picked":"SKIP","floor":24},{"not_picked":["Uppercut","Dropkick","Sword Boomerang"],"picked":"SKIP","floor":25},{"not_picked":["Bloodletting","Clash"],"picked":"True Grit+1","floor":29},{"not_picked":["Perfected Strike","Body Slam","Cleave+1"],"picked":"SKIP","floor":31},{"not_picked":["Heavy Blade"],"picked":"SKIP","floor":35},{"not_picked":[],"picked":"Burning Pact","floor":37},{"not_picked":["Anger"],"picked":"SKIP","floor":39},{"not_picked":["Iron Wave+1"],"picked":"SKIP","floor":41},{"not_picked":["Clash+1"],"picked":"SKIP","floor":42},{"not_picked":["Pummel+1"],"picked":"SKIP","floor":44},{"not_picked":["Burning Pact"],"picked":"SKIP","floor":46},{"not_picked":[],"picked":"Shrug It Off","floor":48},{"not_picked":["Sentinel+1"],"picked":"SKIP","floor":54}],"player_experience":988290,"relics_obtained":[{"floor":9,"key":"Incense Burner"},{"floor":14,"key":"Letter Opener"},{"floor":25,"key":"Torii"},{"floor":29,"key":"StoneCalendar"},{"floor":36,"key":"Peace Pipe"},{"floor":42,"key":"Mango"},{"floor":43,"key":"Bag of Marbles"},{"floor":46,"key":"The Courier"},{"floor":54,"key":"War Paint"}],"event_choices":[{"damage_healed":0,"gold_gain":75,"player_choice":"Gather Gold","damage_taken":11,"max_hp_gain":0,"max_hp_loss":0,"event_name":"World of Goop","floor":3,"gold_loss":0},{"damage_healed":0,"gold_gain":0,"player_choice":"0 cards matched","damage_taken":0,"max_hp_gain":0,"max_hp_loss":0,"event_name":"Match and Keep!","floor":7,"gold_loss":0,"cards_obtained":[]},{"damage_healed":0,"gold_gain":0,"player_choice":"Upgraded","damage_taken":0,"max_hp_gain":0,"max_hp_loss":0,"event_name":"Upgrade Shrine","floor":12,"gold_loss":0,"cards_upgraded":["Clothesline"]},{"damage_healed":0,"gold_gain":0,"player_choice":"Got Potions","damage_taken":0,"max_hp_gain":0,"max_hp_loss":0,"event_name":"Lab","floor":19,"gold_loss":0},{"damage_healed":0,"gold_gain":0,"player_choice":"Ignored","damage_taken":0,"max_hp_gain":0,"max_hp_loss":0,"event_name":"The Mausoleum","floor":22,"gold_loss":0},{"damage_healed":0,"gold_gain":0,"player_choice":"Joined the Cult","damage_taken":6,"max_hp_gain":0,"max_hp_loss":0,"event_name":"Nest","floor":27,"gold_loss":0,"cards_obtained":["RitualDagger"]},{"damage_healed":0,"gold_gain":0,"player_choice":"Fight","damage_taken":0,"max_hp_gain":0,"max_hp_loss":0,"event_name":"MindBloom","floor":36,"gold_loss":0},{"cards_removed":["Whirlwind"],"damage_healed":0,"gold_gain":0,"player_choice":"Gave Card","damage_taken":0,"relics_obtained":["FossilizedHelix"],"max_hp_gain":0,"max_hp_loss":0,"event_name":"WeMeetAgain","floor":47,"gold_loss":0}],"is_beta":true,"boss_relics":[{"not_picked":["Fusion Hammer","Orrery"],"picked":"Pandora\u0027s Box"},{"not_picked":["Velvet Choker","Empty Cage"],"picked":"Busted Crown"}],"items_purged_floors":[21,38],"is_endless":false,"potions_floor_spawned":[4,16,18,31,35,39,42,44,46],"killed_by":"The Heart","ascension_level":0}