{"gold_per_floor":[116,132,132,147,101,101,101,101,150,177,189,207,207],"floor_reached":13,"playtime":505,"items_purged":[],"score":85,"play_id":"62b1eccc-190c-49fd-bf95-9e14437fbe42","local_time":"20190514185048","is_ascension_mode":false,"campfire_choices":[{"data":"Body Slam","floor":6,"key":"SMITH"},{"data":"Limit Break","floor":8,"key":"SMITH"}],"neow_cost":"NONE","seed_source_timestamp":116377861778700,"circlet_count":0,"master_deck":["Strike_R","Strike_R","Strike_R","Strike_R","Defend_R","Defend_R","Defend_R","Defend_R","Bash","Iron Wave","Whirlwind","Anger","Body Slam+1","Armaments","Limit Break+1","Bash","Armaments","True Grit"],"relics":["Burning Blood","Boot","Bag of Preparation"],"potions_floor_usage":[13],"damage_taken":[{"damage":5,"enemies":"Jaw Worm","floor":1,"turns":4},{"damage":8,"enemies":"Small Slimes","floor":2,"turns":2},{"damage":1,"enemies":"Cultist","floor":4,"turns":3},{"damage":52,"enemies":"3 Sentries","floor":10,"turns":11},{"damage":13,"enemies":"Exordium Thugs","floor":11,"turns":4},{"damage":5,"enemies":"Looter","floor":12,"turns":3},{"damage":33,"enemies":"Lagavulin","floor":13,"turns":5}],"seed_played":"8784545016556204187","potions_obtained":[{"floor":2,"key":"SteroidPotion"},{"floor":4,"key":"SkillPotion"},{"floor":11,"key":"Ancient Potion"}],"is_trial":false,"path_per_floor":["M","M","?","M","$","R","?","R","T","E","M","M","E"],"character_chosen":"IRONCLAD","items_purchased":["Armaments"],"campfire_rested":0,"item_purchase_floors":[5],"current_hp_per_floor":[80,78,71,76,76,76,76,76,76,30,23,24,0],"gold":207,"neow_bonus":"THREE_CARDS","is_prod":false,"is_daily":false,"chose_seed":false,"campfire_upgraded":2,"win_rate":0.0,"timestamp":1557831048,"path_taken":["M","M","?","M","$","R","?","R","T","E","?","M","E"],"build_version":"2019-01-23","purchased_purges":0,"victory":false,"max_hp_per_floor":[80,80,80,80,80,80,80,80,80,80,80,80,80],"card_choices":[{"not_picked":["Battle Trance","True Grit"],"picked":"Iron Wave","floor":0},{"not_picked":["Armaments","Dropkick"],"picked":"Whirlwind","floor":1},{"not_picked":["Dropkick","True Grit"],"picked":"Anger","floor":2},{"not_picked":["Shrug It Off","Rampage"],"picked":"Body Slam","floor":4},{"not_picked":["Clothesline","Perfected Strike"],"picked":"Armaments","floor":10},{"not_picked":["Headbutt","Armaments","Rage"],"picked":"SKIP","floor":11},{"not_picked":["Flex","Power Through"],"picked":"True Grit","floor":12}],"player_experience":5753,"relics_obtained":[{"floor":9,"key":"Boot"},{"floor":10,"key":"Bag of Preparation"}],"event_choices":[{"cards_removed":["Strike_R"],"damage_healed":0,"gold_gain":0,"player_choice":"Card Removal","damage_taken":7,"max_hp_gain":0,"max_hp_loss":0,"event_name":"Golden Wing","floor":3,"gold_loss":0},{"damage_healed":0,"gold_gain":0,"player_choice":"2 cards matched","damage_taken":0,"max_hp_gain":0,"max_hp_loss":0,"event_name":"Match and Keep!","floor":7,"gold_loss":0,"cards_obtained":["Limit Break","Bash"]}],"is_beta":false,"boss_relics":[],"items_purged_floors":[],"is_endless":false,"potions_floor_spawned":[2,4,11],"killed_by":"Lagavulin","ascension_level":0}