{"gold_per_floor":[109,109,122,122,71,105,105,121,121,196,215,215,231,249,249,378,378,403,403,436,436,396,430,430,443,520,131,145,145,145,145],"floor_reached":31,"playtime":999,"items_purged":["Injury"],"score":320,"play_id":"8436f6f8-feb1-4b4c-850f-5129c84d2b09","local_time":"20190508160344","is_ascension_mode":true,"campfire_choices":[{"data":"Bash","floor":7,"key":"SMITH"},{"data":"Sword Boomerang","floor":12,"key":"SMITH"},{"data":"Flame Barrier","floor":15,"key":"SMITH"},{"data":"RitualDagger","floor":24,"key":"SMITH"},{"data":"Infernal Blade","floor":30,"key":"SMITH"}],"neow_cost":"NONE","seed_source_timestamp":230295339830800,"circlet_count":0,"master_deck":["Strike_R+1","Strike_R+1","Strike_R+1","Strike_R+1","Strike_R+1","Defend_R+1","Defend_R+1","Defend_R+1","Defend_R+1","Bash+1","Anger","Wild Strike","Shrug It Off","Pommel Strike","Sword Boomerang+1","Anger","Flame Barrier+1","Battle Trance","Fiend Fire","Dropkick+1","RitualDagger+1","Immolate","Thunderclap","Whirlwind","Bandage Up","Infernal Blade+1"],"relics":["Burning Blood","NeowsBlessing","Golden Idol","FossilizedHelix","Question Card","Darkstone Periapt","Coffee Dripper","Red Mask","Bag of Marbles","Sundial","Juzu Bracelet"],"potions_floor_usage":[16,16,20,28],"damage_taken":[{"damage":0,"enemies":"Small Slimes","floor":1,"turns":1},{"damage":0,"enemies":"Jaw Worm","floor":3,"turns":1},{"damage":0,"enemies":"Lagavulin","floor":6,"turns":1},{"damage":0,"enemies":"2 Louse","floor":8,"turns":3},{"damage":7,"enemies":"Gremlin Nob","floor":10,"turns":4},{"damage":12,"enemies":"Exordium Thugs","floor":11,"turns":5},{"damage":11,"enemies":"Looter","floor":13,"turns":3},{"damage":8,"enemies":"Blue Slaver","floor":14,"turns":3},{"damage":49,"enemies":"The Guardian","floor":16,"turns":11},{"damage":11,"enemies":"Spheric Guardian","floor":18,"turns":4},{"damage":11,"enemies":"Masked Bandits","floor":20,"turns":5},{"damage":25,"enemies":"Slavers","floor":23,"turns":4},{"damage":19,"enemies":"2 Thieves","floor":25,"turns":3},{"damage":20,"enemies":"Centurion and Healer","floor":28,"turns":5},{"damage":26,"enemies":"Gremlin Leader","floor":31,"turns":6}],"seed_played":"8677466623688334861","potions_obtained":[{"floor":1,"key":"Weak Potion"},{"floor":10,"key":"FearPotion"},{"floor":13,"key":"BloodPotion"},{"floor":18,"key":"AttackPotion"},{"floor":20,"key":"SpeedPotion"}],"is_trial":false,"path_per_floor":["M","?","M","?","$","E","R","M","T","?","M","R","M","M","R","B",null,"M","?","?","?","?","E","R","M","T","$","M","?","R","E"],"character_chosen":"IRONCLAD","items_purchased":["Shrug It Off","Juzu Bracelet","Whirlwind","Bandage Up"],"campfire_rested":0,"item_purchase_floors":[5,27,27,27],"current_hp_per_floor":[80,80,80,85,85,85,85,85,85,84,78,78,73,71,71,28,85,80,74,69,53,53,34,34,21,21,21,19,19,19,0],"gold":145,"neow_bonus":"THREE_ENEMY_KILL","is_prod":false,"is_daily":false,"chose_seed":false,"campfire_upgraded":5,"win_rate":0,"timestamp":1557345824,"path_taken":["M","?","M","?","$","E","R","M","T","?","M","R","?","M","R","BOSS","M","?","?","?","?","E","R","?","T","$","M","?","R","E"],"build_version":"2019-01-23","purchased_purges":1,"victory":false,"max_hp_per_floor":[80,80,80,85,85,85,85,85,85,85,85,85,85,85,85,85,85,85,85,85,85,85,85,85,85,85,85,85,85,85,85],"card_choices":[{"not_picked":["Rupture","Reckless Charge"],"picked":"Anger","floor":1},{"not_picked":["Evolve","Perfected Strike"],"picked":"Wild Strike","floor":3},{"not_picked":["Rage","Pummel"],"picked":"Pommel Strike","floor":6},{"not_picked":["Entrench","Flex"],"picked":"Sword Boomerang","floor":8},{"not_picked":["Second Wind","Dropkick","Body Slam"],"picked":"Anger","floor":10},{"not_picked":["Spot Weakness","Pommel Strike","Clothesline","Warcry"],"picked":"SKIP","floor":11},{"not_picked":["Warcry","Ghostly Armor","Heavy Blade"],"picked":"Flame Barrier","floor":13},{"not_picked":["Body Slam","Clash","Twin Strike"],"picked":"Battle Trance","floor":14},{"not_picked":["Dark Embrace","Exhume","Limit Break"],"picked":"Fiend Fire","floor":16},{"not_picked":["Armaments","Flex","Cleave"],"picked":"Dropkick+1","floor":18},{"not_picked":["Wild Strike+1","Burning Pact","Carnage"],"picked":"Immolate","floor":20},{"not_picked":["Power Through","Ghostly Armor","Anger","Perfected Strike+1"],"picked":"SKIP","floor":23},{"not_picked":["Havoc","Headbutt+1","Anger"],"picked":"Thunderclap","floor":25},{"not_picked":["Warcry","Sword Boomerang","Thunderclap"],"picked":"Infernal Blade","floor":28}],"player_experience":157331,"relics_obtained":[{"floor":6,"key":"FossilizedHelix"},{"floor":9,"key":"Question Card"},{"floor":10,"key":"Darkstone Periapt"},{"floor":20,"key":"Red Mask"},{"floor":23,"key":"Bag of Marbles"},{"floor":26,"key":"Sundial"}],"event_choices":[{"damage_healed":0,"gold_gain":0,"player_choice":"Take Wound","damage_taken":0,"relics_obtained":["Golden Idol"],"max_hp_gain":0,"max_hp_loss":0,"event_name":"Golden Idol","floor":2,"gold_loss":0,"cards_obtained":["Injury"]},{"damage_healed":0,"gold_gain":0,"player_choice":"Donut","damage_taken":0,"max_hp_gain":5,"max_hp_loss":0,"event_name":"Big Fish","floor":4,"gold_loss":0},{"damage_healed":0,"gold_gain":0,"player_choice":"Searched \u00271\u0027 times","damage_taken":0,"max_hp_gain":0,"max_hp_loss":0,"event_name":"Dead Adventurer","floor":10,"gold_loss":0},{"damage_healed":0,"gold_gain":0,"player_choice":"Joined the Cult","damage_taken":6,"max_hp_gain":0,"max_hp_loss":0,"event_name":"Nest","floor":19,"gold_loss":0,"cards_obtained":["RitualDagger"]},{"damage_healed":0,"gold_gain":0,"player_choice":"Fought Bandits","damage_taken":0,"max_hp_gain":0,"max_hp_loss":0,"event_name":"Masked Bandits","floor":20,"gold_loss":0},{"damage_healed":0,"gold_gain":0,"player_choice":"Obtained Book","damage_taken":16,"max_hp_gain":0,"max_hp_loss":0,"event_name":"Cursed Tome","floor":21,"gold_loss":0},{"damage_healed":0,"gold_gain":0,"player_choice":"Upgraded Two","damage_taken":0,"max_hp_gain":0,"max_hp_loss":0,"event_name":"Designer","floor":22,"gold_loss":40,"cards_upgraded":["Strike_R","Strike_R"]},{"damage_healed":0,"gold_gain":0,"player_choice":"Simplicity","damage_taken":0,"max_hp_gain":0,"max_hp_loss":0,"event_name":"Back to Basics","floor":29,"gold_loss":0,"cards_upgraded":["Strike_R","Strike_R","Strike_R","Defend_R","Defend_R","Defend_R","Defend_R"]}],"is_beta":false,"boss_relics":[{"not_picked":["Lizard Tail","Runic Dome"],"picked":"Coffee Dripper"}],"items_purged_floors":[27],"is_endless":false,"potions_floor_spawned":[1,10,13,18,20],"killed_by":"Gremlin Leader","ascension_level":3}