{"gold_per_floor":[115,115,129,140,160,186,151,151,151,171,27,27,54,69,69,169,169,188,208,227,227,227,227],"floor_reached":23,"playtime":689,"items_purged":[],"score":299,"play_id":"7b4273d2-9537-4e62-80ad-807b56a84a51","local_time":"20190224023712","is_ascension_mode":true,"campfire_choices":[{"floor":15,"key":"REST"}],"neow_cost":"TEN_PERCENT_HP_LOSS","seed_source_timestamp":824275635352987,"circlet_count":0,"master_deck":["AscendersBane","Defend_G","Defend_G","Defend_G","Defend_G","Defend_G","Strike_G","Strike_G","Strike_G","Strike_G","Strike_G","Survivor","Neutralize","Glass Knife+1","Backflip","Footwork+1","Dagger Spray","Riddle With Holes","Regret","Terror","Dagger Spray","Flechettes","Adrenaline","Dagger Spray","Flying Knee","Prepared+1","Decay"],"relics":["Ring of the Snake","Ice Cream","Ornamental Fan","Pear","Strawberry","Boot","Odd Mushroom","Fusion Hammer"],"potions_floor_usage":[6,13,16,18,23],"damage_taken":[{"damage":4,"enemies":"Jaw Worm","floor":1,"turns":4},{"damage":0,"enemies":"Cultist","floor":3,"turns":2},{"damage":0,"enemies":"2 Louse","floor":4,"turns":2},{"damage":4,"enemies":"Looter","floor":5,"turns":3},{"damage":23,"enemies":"Lagavulin","floor":6,"turns":5},{"damage":4,"enemies":"Large Slime","floor":10,"turns":6},{"damage":4,"enemies":"The Mushroom Lair","floor":13,"turns":3},{"damage":0,"enemies":"3 Louse","floor":14,"turns":2},{"damage":35,"enemies":"Slime Boss","floor":16,"turns":10},{"damage":12,"enemies":"Chosen","floor":18,"turns":5},{"damage":5,"enemies":"Spheric Guardian","floor":19,"turns":3},{"damage":39,"enemies":"Shelled Parasite and Fungi","floor":20,"turns":5},{"damage":16,"enemies":"Slavers","floor":23,"turns":1}],"seed_played":"-7617538774406010416","potions_obtained":[{"floor":1,"key":"Dexterity Potion"},{"floor":4,"key":"Strength Potion"},{"floor":10,"key":"SteroidPotion"},{"floor":16,"key":"GhostInAJar"},{"floor":20,"key":"Swift Potion"}],"is_trial":false,"path_per_floor":["M","?","M","M","M","E","?","?","T","M","$","?","?","M","R","B",null,"M","M","M","?","?","E"],"character_chosen":"THE_SILENT","items_purchased":["Strawberry"],"campfire_rested":1,"item_purchase_floors":[11],"current_hp_per_floor":[59,59,59,59,55,32,47,47,57,53,60,48,44,44,68,33,68,56,51,12,12,12,0],"gold":227,"neow_bonus":"THREE_RARE_CARDS","is_prod":false,"is_daily":false,"chose_seed":false,"campfire_upgraded":0,"win_rate":0,"timestamp":1550986632,"path_taken":["M","?","?","M","M","E","?","?","T","M","$","?","?","M","R","BOSS","M","M","M","?","?","E"],"build_version":"2019-01-23","purchased_purges":0,"victory":false,"max_hp_per_floor":[63,63,63,63,63,63,63,63,73,73,80,80,80,80,80,80,80,80,80,80,80,80,80],"card_choices":[{"not_picked":["Night Terror","Wraith Form v2"],"picked":"Glass Knife","floor":0},{"not_picked":["Flechettes","Flying Knee"],"picked":"Backflip","floor":1},{"not_picked":["Riddle With Holes","Flying Knee"],"picked":"Footwork","floor":3},{"not_picked":["Reflex","Cloak And Dagger"],"picked":"Dagger Spray","floor":4},{"not_picked":["Flying Knee","Deadly Poison"],"picked":"Riddle With Holes","floor":5},{"not_picked":["Blade Dance","Flying Knee","Eviscerate"],"picked":"SKIP","floor":6},{"not_picked":["Slice","Deflect"],"picked":"Terror","floor":10},{"not_picked":["Blur","Dodge and Roll"],"picked":"Dagger Spray","floor":13},{"not_picked":["Night Terror","Prepared"],"picked":"Flechettes","floor":14},{"not_picked":["Envenom","Unload"],"picked":"Adrenaline","floor":16},{"not_picked":["Underhanded Strike","Dodge and Roll"],"picked":"Dagger Spray","floor":18},{"not_picked":["Underhanded Strike+1","Dagger Throw"],"picked":"Flying Knee","floor":19},{"not_picked":["Distraction","Reflex"],"picked":"Prepared+1","floor":20}],"player_experience":850157,"relics_obtained":[{"floor":6,"key":"Ice Cream"},{"floor":9,"key":"Pear"},{"floor":13,"key":"Odd Mushroom"}],"event_choices":[{"damage_healed":0,"gold_gain":0,"player_choice":"Upgraded","damage_taken":0,"max_hp_gain":0,"max_hp_loss":0,"event_name":"Upgrade Shrine","floor":2,"gold_loss":0,"cards_upgraded":["Glass Knife"]},{"damage_healed":15,"gold_gain":0,"player_choice":"Healed","damage_taken":0,"max_hp_gain":0,"max_hp_loss":0,"event_name":"The Cleric","floor":7,"gold_loss":35},{"damage_healed":0,"gold_gain":0,"player_choice":"Box","damage_taken":0,"relics_obtained":["Ornamental Fan"],"max_hp_gain":0,"max_hp_loss":0,"event_name":"Big Fish","floor":8,"gold_loss":0,"cards_obtained":["Regret"]},{"damage_healed":0,"gold_gain":0,"player_choice":"Success","damage_taken":12,"relics_obtained":["Boot"],"max_hp_gain":0,"max_hp_loss":0,"event_name":"Scrap Ooze","floor":12,"gold_loss":0},{"damage_healed":0,"gold_gain":0,"player_choice":"Fought Mushrooms","damage_taken":0,"max_hp_gain":0,"max_hp_loss":0,"event_name":"Mushrooms","floor":13,"gold_loss":0},{"damage_healed":0,"gold_gain":0,"player_choice":"Smashed Altar","damage_taken":0,"max_hp_gain":0,"max_hp_loss":0,"event_name":"Forgotten Altar","floor":21,"gold_loss":0,"cards_obtained":["Decay"]},{"damage_healed":0,"gold_gain":0,"player_choice":"Upgraded","damage_taken":0,"max_hp_gain":0,"max_hp_loss":0,"event_name":"Upgrade Shrine","floor":22,"gold_loss":0,"cards_upgraded":["Footwork"]}],"is_beta":false,"boss_relics":[{"not_picked":["Runic Dome","Velvet Choker"],"picked":"Fusion Hammer"}],"items_purged_floors":[],"is_endless":false,"potions_floor_spawned":[1,4,5,10,16,20],"killed_by":"Slavers","ascension_level":11}