{"gold_per_floor":[114,114,126,140,140,140,167,167,167,197,30,10],"floor_reached":12,"playtime":504,"items_purged":["Strike_B"],"score":222,"play_id":"b3a964c9-870a-4723-b82a-d1a3bb430844","local_time":"20190424004121","is_ascension_mode":true,"campfire_choices":[{"floor":6,"key":"REST"},{"data":"Buffer","floor":8,"key":"SMITH"}],"neow_cost":"NONE","seed_source_timestamp":34409903810980,"circlet_count":0,"master_deck":["AscendersBane","Strike_B","Strike_B","Strike_B","Defend_B+1","Defend_B+1","Defend_B","Defend_B","Zap+1","Dualcast","Go for the Eyes","Ball Lightning","Conserve Battery","Buffer+1","White Noise","Defragment"],"relics":["Cracked Core","Matryoshka","Cables","War Paint","Sundial","StoneCalendar"],"potions_floor_usage":[10,12,12],"damage_taken":[{"damage":5,"enemies":"2 Louse","floor":1,"turns":3},{"damage":12,"enemies":"Jaw Worm","floor":3,"turns":2},{"damage":7,"enemies":"Small Slimes","floor":4,"turns":3},{"damage":26,"enemies":"3 Sentries","floor":7,"turns":8},{"damage":0,"enemies":"Gremlin Nob","floor":10,"turns":3},{"damage":6,"enemies":"Exordium Thugs","floor":12,"turns":1}],"seed_played":"-1878346914346603678","potions_obtained":[{"floor":3,"key":"Strength Potion"},{"floor":10,"key":"SkillPotion"}],"is_trial":false,"path_per_floor":["M","?","M","M","?","R","E","R","T","E","$","M"],"character_chosen":"DEFECT","items_purchased":["Defragment","Fire Potion"],"campfire_rested":1,"item_purchase_floors":[11,11],"current_hp_per_floor":[59,64,52,45,10,32,6,6,6,6,6,0],"gold":10,"neow_bonus":"UPGRADE_CARD","is_prod":false,"is_daily":false,"chose_seed":false,"campfire_upgraded":1,"win_rate":0,"timestamp":1556080881,"path_taken":["M","?","M","M","?","R","E","R","T","E","$","?"],"build_version":"2019-01-23","purchased_purges":1,"victory":false,"max_hp_per_floor":[71,76,76,76,76,76,76,76,76,76,76,76],"card_choices":[{"not_picked":["Coolheaded","Conserve Battery"],"picked":"Go for the Eyes","floor":1},{"not_picked":["Streamline","Rebound"],"picked":"Ball Lightning","floor":3},{"not_picked":["White Noise","Beam Cell"],"picked":"Conserve Battery","floor":4},{"not_picked":["Hologram","Redo"],"picked":"Buffer","floor":7},{"not_picked":["Compile Driver","Skim"],"picked":"White Noise","floor":10}],"player_experience":1258967,"relics_obtained":[{"floor":7,"key":"Cables"},{"floor":9,"key":"War Paint"},{"floor":9,"key":"Sundial"},{"floor":10,"key":"StoneCalendar"}],"event_choices":[{"damage_healed":0,"gold_gain":0,"player_choice":"Donut","damage_taken":0,"max_hp_gain":5,"max_hp_loss":0,"event_name":"Big Fish","floor":2,"gold_loss":0},{"damage_healed":0,"gold_gain":0,"player_choice":"Success","damage_taken":35,"relics_obtained":["Matryoshka"],"max_hp_gain":0,"max_hp_loss":0,"event_name":"Scrap Ooze","floor":5,"gold_loss":0}],"is_beta":false,"boss_relics":[],"items_purged_floors":[11],"is_endless":false,"potions_floor_spawned":[3,10],"killed_by":"Exordium Thugs","ascension_level":20}