{"gold_per_floor":[209,223,66,66,66,66,19,19,74,99,99,99,117,192,192,292,292,306,319,319,76,86,86,111,111,111,111,111,111,111,130,130,225,225,240,255,300,300,300,300,311,311,335,245,263,64,64,76,76,76],"floor_reached":51,"playtime":1132,"items_purged":["Strike_R","Berserk"],"score":784,"play_id":"d546b280-0991-4a71-bfad-b7a10c383f83","local_time":"20190506154938","is_ascension_mode":false,"campfire_choices":[{"data":"Inflame","floor":6.0,"key":"SMITH"},{"data":"Flex","floor":8.0,"key":"SMITH"},{"data":"Bash","floor":12.0,"key":"SMITH"},{"data":"Sword Boomerang","floor":15.0,"key":"SMITH"},{"data":"Berserk","floor":23.0,"key":"SMITH"},{"data":"Immolate","floor":25.0,"key":"SMITH"},{"data":"Battle Trance","floor":29.0,"key":"SMITH"},{"data":"Warcry","floor":32.0,"key":"SMITH"},{"data":"Fire Breathing","floor":40.0,"key":"SMITH"},{"data":"True Grit","floor":42.0,"key":"SMITH"},{"data":"Cleave","floor":49.0,"key":"SMITH"}],"neow_cost":"NONE","seed_source_timestamp":952180384172,"circlet_count":0,"master_deck":["Bash+1","Flex+1","Sword Boomerang+1","Inflame+1","Clash+1","Immolate+1","Cleave+1","Battle Trance+1","Warcry+1","Fire Breathing+1","Berserk+1","Heavy Blade+1","Clash","Inflame+1","Shame","Writhe","True Grit+1","Shame","Heavy Blade+1"],"special_seed":0,"relics":["Burning Blood","Letter Opener","Lantern","Singing Bowl","Pandora\u0027s Box","MutagenicStrength","Juzu Bracelet","Bronze Scales","Mango","Matryoshka","Dream Catcher","Cursed Key","Pocketwatch","Molten Egg 2","Bag of Preparation","Brimstone"],"potions_floor_usage":[50,50],"damage_taken":[{"damage":1.0,"enemies":"Cultist","floor":1.0,"turns":3.0},{"damage":5.0,"enemies":"Small Slimes","floor":2.0,"turns":3.0},{"damage":10.0,"enemies":"Gremlin Nob","floor":10.0,"turns":3.0},{"damage":0.0,"enemies":"2 Louse","floor":13.0,"turns":1.0},{"damage":0.0,"enemies":"Slime Boss","floor":16.0,"turns":6.0},{"damage":24.0,"enemies":"Shell Parasite","floor":18.0,"turns":3.0},{"damage":0.0,"enemies":"Spheric Guardian","floor":19.0,"turns":2.0},{"damage":0.0,"enemies":"Shelled Parasite and Fungi","floor":22.0,"turns":2.0},{"damage":2.0,"enemies":"Gremlin Leader","floor":24.0,"turns":4.0},{"damage":12.0,"enemies":"Centurion and Healer","floor":31.0,"turns":2.0},{"damage":20.0,"enemies":"Collector","floor":33.0,"turns":6.0},{"damage":0.0,"enemies":"3 Darklings","floor":35.0,"turns":1.0},{"damage":0.0,"enemies":"Orb Walker","floor":36.0,"turns":1.0},{"damage":23.0,"enemies":"2 Orb Walkers","floor":37.0,"turns":3.0},{"damage":8.0,"enemies":"Transient","floor":41.0,"turns":5.0},{"damage":1.0,"enemies":"3 Darklings","floor":45.0,"turns":2.0},{"damage":15.0,"enemies":"Jaw Worm Horde","floor":48.0,"turns":2.0},{"damage":70,"enemies":"Time Eater","floor":50,"turns":4}],"seed_played":"2055535879328839884","potions_obtained":[{"floor":2.0,"key":"AttackPotion"},{"floor":13.0,"key":"EssenceOfSteel"},{"floor":22.0,"key":"Fire Potion"},{"floor":24.0,"key":"Energy Potion"},{"floor":31.0,"key":"EssenceOfSteel"},{"floor":33.0,"key":"Ancient Potion"},{"floor":35.0,"key":"SpeedPotion"},{"floor":48.0,"key":"PowerPotion"}],"is_trial":false,"path_per_floor":["M","M","$","?","?","R","$","R","T","E","?","R","M","?","R","B",null,"M","M","?","$","M","R","E","R","T","?","?","R","?","M","R","B",null,"M","M","?","?","?","R","M","R","T","?","M","$","$","M","R","B",null],"character_chosen":"IRONCLAD","items_purchased":["Inflame","Clash","Juzu Bracelet","Brimstone"],"campfire_rested":0,"item_purchase_floors":[3,7,21,46],"current_hp_per_floor":[80,80,80,77,61,61,61,61,61,59,64,64,72,61,61,69,91,73,81,81,81,87,87,93,93,107,107,107,107,107,103,103,91,113,115,117,102,102,119,119,117,117,117,117,121,121,121,112,112,48],"gold":76,"neow_bonus":"HUNDRED_GOLD","is_prod":false,"is_daily":false,"chose_seed":false,"campfire_upgraded":11,"win_rate":0,"timestamp":1557179378,"path_taken":["M","M","$","?","?","R","$","R","T","E","?","R","M","?","R","BOSS","M","M","?","$","M","R","E","R","T","?","?","R","?","M","R","BOSS","M","M","?","?","?","R","M","R","T","?","M","?","$","M","R","BOSS"],"build_version":"2019-01-23","purchased_purges":2,"victory":true,"max_hp_per_floor":[80,80,80,80,80,80,80,80,80,82,87,87,89,89,89,91,91,91,93,93,93,93,93,95,95,109,109,109,109,109,111,111,113,113,115,117,119,119,119,119,119,119,119,119,121,121,121,121,121,121],"card_choices":[{"not_picked":["Havoc","Rupture"],"picked":"Flex","floor":1.0},{"not_picked":["Feel No Pain","Shrug It Off"],"picked":"Sword Boomerang","floor":2.0},{"not_picked":["Rage","Intimidate","Thunderclap"],"picked":"Singing Bowl","floor":10.0},{"not_picked":["Body Slam","Wild Strike","Armaments"],"picked":"Singing Bowl","floor":13.0},{"not_picked":["Fiend Fire","Impervious","Dark Embrace"],"picked":"Singing Bowl","floor":16.0},{"not_picked":["Pommel Strike","Sword Boomerang"],"picked":"Heavy Blade+1","floor":18.0},{"not_picked":["Second Wind","Pommel Strike","Spot Weakness"],"picked":"Singing Bowl","floor":19.0},{"not_picked":["Iron Wave","Pommel Strike"],"picked":"Clash","floor":22.0},{"not_picked":["Shrug It Off","Bloodletting+1","Iron Wave"],"picked":"Singing Bowl","floor":24.0},{"not_picked":["Body Slam","Fire Breathing","Hemokinesis"],"picked":"Singing Bowl","floor":31.0},{"not_picked":["Offering","Impervious","Juggernaut"],"picked":"Singing Bowl","floor":33.0},{"not_picked":["Twin Strike","Sever Soul+1","Perfected Strike"],"picked":"Singing Bowl","floor":35.0},{"not_picked":["Havoc","Flex","Thunderclap+1"],"picked":"Singing Bowl","floor":36.0},{"not_picked":["Iron Wave","Ghostly Armor","Twin Strike+1"],"picked":"Singing Bowl","floor":37.0},{"not_picked":["Battle Trance+1","Heavy Blade"],"picked":"True Grit","floor":41.0},{"not_picked":["Berserk","Bloodletting","Clothesline+1"],"picked":"Singing Bowl","floor":45.0},{"not_picked":["Cleave+1","Perfected Strike+1"],"picked":"Heavy Blade+1","floor":48.0}],"player_experience":1369009,"relics_obtained":[{"floor":9.0,"key":"Lantern"},{"floor":10.0,"key":"Singing Bowl"},{"floor":24.0,"key":"Bronze Scales"},{"floor":26.0,"key":"Mango"},{"floor":37.0,"key":"Pocketwatch"},{"floor":43.0,"key":"Molten Egg 2"},{"floor":43.0,"key":"Bag of Preparation"}],"event_choices":[{"damage_healed":0.0,"max_hp_gain":0.0,"max_hp_loss":0.0,"gold_gain":0.0,"event_name":"Scrap Ooze","player_choice":"Success","floor":4.0,"gold_loss":0.0,"damage_taken":3.0,"relics_obtained":["Letter Opener"]},{"damage_healed":0.0,"max_hp_gain":0.0,"max_hp_loss":0.0,"gold_gain":0.0,"event_name":"Shining Light","player_choice":"Entered Light","floor":5.0,"gold_loss":0.0,"damage_taken":16.0,"cards_upgraded":["Defend_R","Defend_R"]},{"damage_healed":0.0,"max_hp_gain":5.0,"max_hp_loss":0.0,"gold_gain":0.0,"event_name":"Big Fish","player_choice":"Donut","floor":11.0,"gold_loss":0.0,"damage_taken":0.0},{"damage_healed":0.0,"max_hp_gain":0.0,"max_hp_loss":0.0,"gold_gain":75.0,"event_name":"World of Goop","player_choice":"Gather Gold","floor":14.0,"gold_loss":0.0,"damage_taken":11.0},{"damage_healed":0.0,"max_hp_gain":0.0,"max_hp_loss":0.0,"gold_gain":0.0,"event_name":"Drug Dealer","player_choice":"Inject Mutagens","floor":20.0,"gold_loss":0.0,"damage_taken":0.0,"relics_obtained":["MutagenicStrength"]},{"damage_healed":0.0,"max_hp_gain":0.0,"max_hp_loss":0.0,"gold_gain":0.0,"event_name":"Duplicator","player_choice":"Copied","floor":27.0,"gold_loss":0.0,"damage_taken":0.0,"cards_obtained":["Inflame"]},{"damage_healed":0.0,"max_hp_gain":0.0,"max_hp_loss":0.0,"gold_gain":0.0,"event_name":"The Mausoleum","player_choice":"Opened","floor":28.0,"gold_loss":0.0,"damage_taken":0.0,"relics_obtained":["Matryoshka"]},{"damage_healed":0.0,"max_hp_gain":0.0,"max_hp_loss":0.0,"gold_gain":0.0,"event_name":"Addict","player_choice":"Stole Relic","floor":30.0,"gold_loss":0.0,"damage_taken":0.0,"relics_obtained":["Dream Catcher"],"cards_obtained":["Shame"]},{"damage_healed":0.0,"max_hp_gain":0.0,"max_hp_loss":0.0,"gold_gain":0.0,"event_name":"Mysterious Sphere","player_choice":"Fight","floor":37.0,"gold_loss":0.0,"damage_taken":0.0},{"damage_healed":0.0,"max_hp_gain":0.0,"max_hp_loss":0.0,"gold_gain":0.0,"event_name":"Tomb of Lord Red Mask","player_choice":"Ignored","floor":38.0,"gold_loss":0.0,"damage_taken":0.0},{"damage_healed":30.0,"max_hp_gain":0.0,"max_hp_loss":0.0,"gold_gain":0.0,"event_name":"Winding Halls","player_choice":"Writhe","floor":39.0,"gold_loss":0.0,"damage_taken":0.0,"cards_obtained":["Writhe"]},{"cards_removed":["Body Slam"],"damage_healed":0.0,"max_hp_gain":0.0,"max_hp_loss":0.0,"gold_gain":0.0,"event_name":"Designer","player_choice":"Upgrade and Remove","floor":44.0,"gold_loss":90.0,"damage_taken":0.0,"cards_upgraded":["Clash"]}],"is_beta":false,"boss_relics":[{"not_picked":["Runic Cube","Eternal Feather"],"picked":"Pandora\u0027s Box"},{"not_picked":["Tiny House","Astrolabe"],"picked":"Cursed Key"}],"items_purged_floors":[3,21],"is_endless":false,"potions_floor_spawned":[2,13,22,24,31,33,35,48],"ascension_level":0}