{"gold_per_floor":[119,119,169,183,197,197,223,242,289,289,306,341,353,365,377,488,500,531,493,521,533,563,575,587,599,611,637,687,244,244,244,244,337,337,358,358,358,41,66,85,150,150,450,464,504,529,569,584,584,584,584,584,584,65,99,99],"floor_reached":57,"playtime":6189,"items_purged":["Strike_B","Strike_B","Ball Lightning"],"score":3205,"play_id":"c7833f87-f6bf-4c92-a25a-61ccc28b8af2","local_time":"20190427003029","is_ascension_mode":true,"campfire_choices":[{"data":"Sweeping Beam","floor":6,"key":"SMITH"},{"data":"Defragment","floor":10,"key":"SMITH"},{"data":"Zap","floor":13,"key":"SMITH"},{"data":"Conserve Battery","floor":15,"key":"SMITH"},{"floor":23,"key":"REST"},{"floor":25,"key":"REST"},{"data":"Consume","floor":30,"key":"SMITH"},{"data":"Capacitor","floor":32,"key":"SMITH"},{"floor":42,"key":"RECALL"},{"data":"Apotheosis","floor":49,"key":"SMITH"},{"floor":53,"key":"REST"}],"neow_cost":"NONE","seed_source_timestamp":117090135561434,"circlet_count":0,"master_deck":["AscendersBane","Defend_B+1","Defend_B","Defend_B+1","Zap+1","Dualcast","Cold Snap","Sweeping Beam+1","Defragment+1","Conserve Battery+1","Compile Driver","Electrodynamics","Capacitor+1","Consume+1","Steam","Go for the Eyes","Conserve Battery","Ghostly","Ghostly","Ghostly","Stack","Apotheosis+1","Seek","Coolheaded+1","Glacier+1","Blizzard","Coolheaded","Blizzard","Static Discharge","Recycle+1"],"relics":["Cracked Core","Cables","Centennial Puzzle","MawBank","Golden Idol","Runic Pyramid","Nunchaku","ClockworkSouvenir","War Paint","Philosopher\u0027s Stone","Gambling Chip","Old Coin","Oddly Smooth Stone","Juzu Bracelet","Membership Card","Calipers","Art of War"],"potions_floor_usage":[22,56,56],"damage_taken":[{"damage":1,"enemies":"Small Slimes","floor":1,"turns":3},{"damage":0,"enemies":"Jaw Worm","floor":4,"turns":4},{"damage":0,"enemies":"Cultist","floor":5,"turns":3},{"damage":18,"enemies":"Lagavulin","floor":7,"turns":5},{"damage":0,"enemies":"3 Louse","floor":8,"turns":2},{"damage":1,"enemies":"2 Fungi Beasts","floor":11,"turns":2},{"damage":19,"enemies":"3 Sentries","floor":12,"turns":4},{"damage":2,"enemies":"The Guardian","floor":16,"turns":10},{"damage":0,"enemies":"Chosen","floor":18,"turns":3},{"damage":11,"enemies":"Spheric Guardian","floor":20,"turns":5},{"damage":46,"enemies":"Shelled Parasite and Fungi","floor":22,"turns":4},{"damage":5,"enemies":"Chosen and Byrds","floor":27,"turns":5},{"damage":0,"enemies":"Gremlin Leader","floor":28,"turns":5},{"damage":0,"enemies":"Champ","floor":33,"turns":12},{"damage":24,"enemies":"3 Darklings","floor":35,"turns":4},{"damage":0,"enemies":"Orb Walker","floor":39,"turns":4},{"damage":0,"enemies":"4 Shapes","floor":40,"turns":3},{"damage":0,"enemies":"2 Orb Walkers","floor":41,"turns":5},{"damage":0,"enemies":"Sphere and 2 Shapes","floor":44,"turns":4},{"damage":0,"enemies":"Reptomancer","floor":45,"turns":7},{"damage":0,"enemies":"3 Darklings","floor":46,"turns":3},{"damage":0,"enemies":"Nemesis","floor":47,"turns":11},{"damage":0,"enemies":"Writhing Mass","floor":48,"turns":6},{"damage":0,"enemies":"Donu and Deca","floor":50,"turns":12},{"damage":0,"enemies":"Time Eater","floor":51,"turns":19},{"damage":25,"enemies":"Shield and Spear","floor":55,"turns":8},{"damage":7,"enemies":"The Heart","floor":56,"turns":19}],"seed_played":"2288736937014345690","potions_obtained":[{"floor":4,"key":"Fire Potion"},{"floor":5,"key":"Energy Potion"},{"floor":11,"key":"PowerPotion"},{"floor":22,"key":"Fire Potion"},{"floor":47,"key":"GamblersBrew"}],"is_trial":false,"path_per_floor":["M","?","?","M","M","R","E","M","T","R","M","E","R","?","R","B",null,"M","?","M","?","M","R","?","R","T","M","E","$","R","?","R","B",null,"M","?","?","$","M","M","?","R","T","M","E","M","E","M","R","B","B",null,"R","$","E","B",null],"character_chosen":"DEFECT","items_purchased":["ClockworkSouvenir","War Paint","Apotheosis","Membership Card","Blizzard","Calipers","Static Discharge"],"campfire_rested":3,"item_purchase_floors":[29,29,38,54,54,54,54],"current_hp_per_floor":[70,70,70,70,70,70,52,52,52,52,51,32,32,32,32,30,61,61,61,50,50,4,25,25,46,46,41,41,41,41,35,35,35,35,11,11,11,11,11,11,11,11,11,11,11,11,11,11,11,11,11,28,33,33,8,1],"gold":99,"neow_bonus":"TEN_PERCENT_HP_BONUS","is_prod":false,"is_daily":false,"chose_seed":false,"campfire_upgraded":7,"win_rate":0,"timestamp":1556339429,"path_taken":["M","?","?","?","M","R","E","M","T","R","M","E","R","?","R","BOSS","M","?","?","?","?","R","?","R","T","M","E","$","R","?","R","BOSS","M","?","?","$","M","M","?","R","T","M","E","M","E","M","R","BOSS","BOSS","R","$","E","BOSS"],"build_version":"2019-01-23","purchased_purges":3,"victory":true,"max_hp_per_floor":[78,78,78,78,78,78,78,78,78,78,78,78,78,71,71,71,71,71,71,71,71,71,71,71,71,71,71,71,71,71,35,35,35,35,35,33,33,33,33,33,33,33,33,33,33,33,33,33,33,33,33,33,33,33,33,33],"card_choices":[{"not_picked":["Barrage","Reinforced Body"],"picked":"Ball Lightning","floor":1},{"not_picked":["Rebound","White Noise"],"picked":"Cold Snap","floor":4},{"not_picked":["Streamline","Storm"],"picked":"Sweeping Beam","floor":5},{"not_picked":["Leap","Rebound"],"picked":"Defragment","floor":7},{"not_picked":["Redo","Gash"],"picked":"Conserve Battery","floor":8},{"not_picked":["Ball Lightning","Self Repair","Recycle"],"picked":"SKIP","floor":11},{"not_picked":["Heatsinks","Scrape"],"picked":"Compile Driver","floor":12},{"not_picked":["Thunder Strike","Creative AI"],"picked":"Electrodynamics","floor":16},{"not_picked":["Melter","Hello World"],"picked":"Capacitor","floor":18},{"not_picked":["Barrage+1","Ball Lightning"],"picked":"Consume","floor":20},{"not_picked":["Leap","Streamline"],"picked":"Steam","floor":22},{"not_picked":["Ball Lightning","Beam Cell+1"],"picked":"Go for the Eyes","floor":27},{"not_picked":["Beam Cell","Steam"],"picked":"Conserve Battery","floor":28},{"not_picked":["Steam+1","Cold Snap"],"picked":"Stack","floor":35},{"not_picked":["Barrage","White Noise"],"picked":"Seek","floor":39},{"not_picked":["Leap","Barrage","Go for the Eyes"],"picked":"SKIP","floor":40},{"not_picked":["Leap","Barrage","Go for the Eyes"],"picked":"SKIP","floor":40},{"not_picked":["Ball Lightning","Conserve Battery"],"picked":"Coolheaded+1","floor":41},{"not_picked":["Stack","Turbo+1","Machine Learning"],"picked":"SKIP","floor":44},{"not_picked":["Chaos+1","Leap"],"picked":"Glacier+1","floor":45},{"not_picked":["Conserve Battery","Reprogram","Blizzard"],"picked":"SKIP","floor":46},{"not_picked":["Conserve Battery","Reprogram"],"picked":"Blizzard","floor":46},{"not_picked":["Skim","Lockon","Redo+1"],"picked":"SKIP","floor":47},{"not_picked":["Skim","Lockon","Redo+1"],"picked":"SKIP","floor":47},{"not_picked":["Reinforced Body","Steam+1"],"picked":"Coolheaded","floor":48},{"not_picked":["Melter","Double Energy"],"picked":"Recycle+1","floor":55}],"player_experience":1262810,"relics_obtained":[{"floor":7,"key":"Cables"},{"floor":9,"key":"Centennial Puzzle"},{"floor":12,"key":"MawBank"},{"floor":28,"key":"Nunchaku"},{"floor":41,"key":"Gambling Chip"},{"floor":43,"key":"Old Coin"},{"floor":45,"key":"Oddly Smooth Stone"},{"floor":47,"key":"Juzu Bracelet"},{"floor":55,"key":"Art of War"}],"event_choices":[{"cards_removed":["Strike_B"],"damage_healed":0,"gold_gain":0,"player_choice":"Forget","damage_taken":0,"max_hp_gain":0,"max_hp_loss":0,"event_name":"Living Wall","floor":2,"gold_loss":0},{"damage_healed":0,"gold_gain":50,"player_choice":"Pray","damage_taken":0,"max_hp_gain":0,"max_hp_loss":0,"event_name":"Golden Shrine","floor":3,"gold_loss":0},{"damage_healed":0,"gold_gain":0,"player_choice":"Lose Max HP","damage_taken":0,"relics_obtained":["Golden Idol"],"max_hp_gain":0,"max_hp_loss":7,"event_name":"Golden Idol","floor":14,"gold_loss":0},{"damage_healed":0,"gold_gain":0,"player_choice":"Bet on Murderer","damage_taken":0,"max_hp_gain":0,"max_hp_loss":0,"event_name":"The Joust","floor":19,"gold_loss":50},{"cards_removed":["Strike_B"],"damage_healed":0,"gold_gain":0,"player_choice":"Offered Basic","damage_taken":0,"max_hp_gain":0,"max_hp_loss":0,"event_name":"Bonfire Elementals","floor":21,"gold_loss":0},{"damage_healed":0,"gold_gain":0,"player_choice":"Ignored","damage_taken":0,"max_hp_gain":0,"max_hp_loss":0,"event_name":"Cursed Tome","floor":24,"gold_loss":0},{"damage_healed":0,"gold_gain":0,"player_choice":"Became a Ghost","damage_taken":0,"max_hp_gain":0,"max_hp_loss":36,"event_name":"Ghosts","floor":31,"gold_loss":0,"cards_obtained":["Ghostly","Ghostly","Ghostly"]},{"damage_healed":0,"gold_gain":0,"player_choice":"Max HP","damage_taken":0,"max_hp_gain":0,"max_hp_loss":2,"event_name":"Winding Halls","floor":36,"gold_loss":0},{"cards_removed":["Defend_B"],"damage_healed":0,"gold_gain":0,"player_choice":"Removed Skill","damage_taken":0,"max_hp_gain":0,"max_hp_loss":0,"event_name":"Falling","floor":37,"gold_loss":0},{"damage_healed":0,"gold_gain":0,"player_choice":"Fight","damage_taken":0,"max_hp_gain":0,"max_hp_loss":0,"event_name":"Mysterious Sphere","floor":41,"gold_loss":0}],"is_beta":false,"boss_relics":[{"not_picked":["Eternal Feather","Calling Bell"],"picked":"Runic Pyramid"},{"not_picked":["FrozenCore","Snecko Eye"],"picked":"Philosopher\u0027s Stone"}],"items_purged_floors":[29,38,54],"is_endless":false,"potions_floor_spawned":[4,5,8,11,20,22,27,40,41,47,55],"ascension_level":20}