{"gold_per_floor":[111,111,127,202,212,242,242,273,273,273,273,289,22,349,349,450,450,470,86,86,102,29,64,64,99,99,112,27,27,56,68,68,166,166,183,235,252,326,339,373,373,400,424,52,70,70,81,115,115,115,115,115,52,83,83],"floor_reached":56,"playtime":3726,"items_purged":["Regret"],"score":1595,"play_id":"78a80425-dca6-4168-bf14-6a58962f76df","local_time":"20190321072519","is_ascension_mode":true,"campfire_choices":[{"data":"Beam Cell","floor":7,"key":"SMITH"},{"data":"Zap","floor":10,"key":"SMITH"},{"data":"Hologram","floor":15,"key":"SMITH"},{"data":"Machine Learning","floor":24,"key":"SMITH"},{"data":"Sunder","floor":29,"key":"SMITH"},{"data":"Loop","floor":32,"key":"SMITH"},{"floor":41,"key":"RECALL"},{"data":"Capacitor","floor":46,"key":"SMITH"},{"data":"Hello World","floor":49,"key":"SMITH"},{"data":"Reboot","floor":52,"key":"SMITH"}],"neow_cost":"TEN_PERCENT_HP_LOSS","seed_source_timestamp":819943730939462,"circlet_count":0,"master_deck":["Strike_B","Strike_B","Strike_B","Strike_B","Defend_B","Defend_B","Defend_B","Defend_B","Zap+1","Dualcast","Sunder+1","Go for the Eyes","Conserve Battery","Undo","Beam Cell+1","Stack","Gash","Electrodynamics","Coolheaded","Hologram+1","FTL","Finesse","Conserve Battery","All For One","Reboot+1","Genetic Algorithm","Leap","Hello World+1","Turbo","Decay","Self Repair","Heatsinks","Machine Learning+1","Gash","Force Field+1","Defragment+1","Chill+1","Loop+1","Steam","Hologram","Electrodynamics","Scrape+1","All For One","Hologram+1","Hologram+1","Clumsy","Capacitor+1","Cold Snap","Stack","Defragment+1"],"relics":["Cracked Core","Prayer Wheel","Dodecahedron","Kunai","Question Card","Old Coin","Busted Crown","Mummified Hand","Anchor","Regal Pillow","The Courier","Singing Bowl","Blood Vial","Cursed Key","Ginger","Pantograph","Mercury Hourglass","Gambling Chip","FossilizedHelix","Frozen Egg 2","Bottled Flame"],"potions_floor_usage":[14,16,18,30,36,39,55,55],"damage_taken":[{"damage":0,"enemies":"2 Louse","floor":1,"turns":2},{"damage":0,"enemies":"Cultist","floor":3,"turns":3},{"damage":0,"enemies":"Small Slimes","floor":5,"turns":2},{"damage":20,"enemies":"Gremlin Nob","floor":6,"turns":5},{"damage":11,"enemies":"Lagavulin","floor":8,"turns":6},{"damage":0,"enemies":"3 Louse","floor":12,"turns":2},{"damage":0,"enemies":"3 Sentries","floor":14,"turns":4},{"damage":0,"enemies":"Slime Boss","floor":16,"turns":4},{"damage":0,"enemies":"Chosen","floor":18,"turns":3},{"damage":8,"enemies":"Shell Parasite","floor":21,"turns":5},{"damage":5,"enemies":"Book of Stabbing","floor":23,"turns":5},{"damage":23,"enemies":"Slavers","floor":25,"turns":5},{"damage":1,"enemies":"Shelled Parasite and Fungi","floor":27,"turns":5},{"damage":0,"enemies":"Gremlin Leader","floor":30,"turns":6},{"damage":0,"enemies":"Centurion and Healer","floor":31,"turns":6},{"damage":0,"enemies":"Collector","floor":33,"turns":9},{"damage":0,"enemies":"3 Shapes","floor":35,"turns":4},{"damage":47,"enemies":"2 Orb Walkers","floor":36,"turns":5},{"damage":0,"enemies":"Orb Walker","floor":37,"turns":3},{"damage":1,"enemies":"4 Shapes","floor":39,"turns":5},{"damage":2,"enemies":"Nemesis","floor":40,"turns":5},{"damage":15,"enemies":"Giant Head","floor":42,"turns":6},{"damage":0,"enemies":"Maw","floor":45,"turns":5},{"damage":0,"enemies":"Jaw Worm Horde","floor":47,"turns":4},{"damage":17,"enemies":"Nemesis","floor":48,"turns":7},{"damage":7,"enemies":"Time Eater","floor":50,"turns":12},{"damage":20,"enemies":"Shield and Spear","floor":54,"turns":7},{"damage":54,"enemies":"The Heart","floor":55,"turns":9}],"seed_played":"731250092679259176","potions_obtained":[{"floor":8,"key":"EssenceOfSteel"},{"floor":12,"key":"SteroidPotion"},{"floor":16,"key":"Block Potion"},{"floor":21,"key":"Weak Potion"},{"floor":33,"key":"Regen Potion"},{"floor":37,"key":"Strength Potion"},{"floor":42,"key":"FairyPotion"}],"is_trial":false,"path_per_floor":["M","?","M","?","M","E","R","E","T","R","?","M","$","E","R","B",null,"M","$","?","M","$","E","R","E","T","M","?","R","E","M","R","B",null,"M","?","M","T","M","E","R","E","T","$","M","R","M","E","R","B",null,"R","$","E","B",null],"character_chosen":"DEFECT","items_purchased":["FTL","Finesse","Conserve Battery","AttackPotion","Mummified Hand","Hello World","Turbo","Machine Learning","FossilizedHelix","Capacitor","PowerPotion","Defragment+1"],"campfire_rested":0,"item_purchase_floors":[13,13,13,13,19,19,19,22,44,44,44,53],"current_hp_per_floor":[68,68,68,57,57,37,37,26,26,26,48,48,48,48,48,48,68,68,68,68,60,60,62,62,46,46,52,52,52,59,68,68,68,68,72,32,36,36,53,62,62,49,49,49,62,62,66,58,58,84,84,84,84,73,39],"gold":83,"neow_bonus":"ONE_RARE_RELIC","is_prod":false,"is_daily":false,"chose_seed":false,"campfire_upgraded":9,"win_rate":0,"timestamp":1553167519,"path_taken":["M","?","?","?","M","E","R","E","T","R","?","M","$","E","R","BOSS","M","$","?","M","$","E","R","E","T","M","?","R","E","M","R","BOSS","M","?","M","?","M","E","R","E","T","$","M","R","M","E","R","BOSS","R","$","E","BOSS"],"build_version":"2019-03-15","purchased_purges":1,"victory":true,"max_hp_per_floor":[68,68,68,68,68,68,68,68,68,68,68,68,68,68,68,68,68,68,68,68,68,68,68,68,68,68,68,68,68,68,68,68,68,68,72,72,74,74,76,78,78,78,78,78,82,82,84,84,84,84,84,84,84,86,86],"card_choices":[{"not_picked":["Loop","Gash"],"picked":"Sunder","floor":1},{"not_picked":["Redo","Rebound"],"picked":"Go for the Eyes","floor":1},{"not_picked":["Compile Driver","Go for the Eyes"],"picked":"Conserve Battery","floor":3},{"not_picked":["Streamline","Steam"],"picked":"Undo","floor":3},{"not_picked":["Sweeping Beam","Genetic Algorithm"],"picked":"Beam Cell","floor":5},{"not_picked":["Go for the Eyes","Rebound"],"picked":"Stack","floor":5},{"not_picked":["Stack","Redo"],"picked":"Gash","floor":6},{"not_picked":["Stack","Seek"],"picked":"Electrodynamics","floor":8},{"not_picked":["Skim","Darkness","Loop"],"picked":"Coolheaded","floor":12},{"not_picked":["Ball Lightning","Leap","Coolheaded"],"picked":"Hologram","floor":12},{"not_picked":["Beam Cell","Leap","Barrage"],"picked":"All For One","floor":14},{"not_picked":["Meteor Strike","Seek","Multi-Cast"],"picked":"Reboot","floor":16},{"not_picked":["Rebound"],"picked":"Genetic Algorithm","floor":18},{"not_picked":["Redo"],"picked":"Leap","floor":18},{"not_picked":["Go for the Eyes"],"picked":"Self Repair","floor":21},{"not_picked":["Coolheaded"],"picked":"Heatsinks","floor":21},{"not_picked":["Sweeping Beam"],"picked":"Gash","floor":23},{"not_picked":["Reboot"],"picked":"Force Field+1","floor":25},{"not_picked":["Stack"],"picked":"Defragment+1","floor":27},{"not_picked":["Go for the Eyes"],"picked":"Chill+1","floor":27},{"not_picked":["Ball Lightning"],"picked":"Loop","floor":30},{"not_picked":["Streamline"],"picked":"Steam","floor":31},{"not_picked":["Turbo"],"picked":"Hologram","floor":31},{"not_picked":["Multi-Cast"],"picked":"Electrodynamics","floor":33},{"not_picked":["Ball Lightning","Chaos"],"picked":"Singing Bowl","floor":35},{"not_picked":["Heatsinks","Blizzard"],"picked":"Singing Bowl","floor":35},{"not_picked":["Streamline"],"picked":"Scrape+1","floor":36},{"not_picked":["Chill","Stack+1"],"picked":"Singing Bowl","floor":37},{"not_picked":["Undo"],"picked":"All For One","floor":37},{"not_picked":["Sunder","Static Discharge+1"],"picked":"Singing Bowl","floor":39},{"not_picked":["Stack+1"],"picked":"Hologram+1","floor":39},{"not_picked":["Thunder Strike","Fusion"],"picked":"Singing Bowl","floor":40},{"not_picked":["Sweeping Beam"],"picked":"Hologram+1","floor":42},{"not_picked":["Turbo+1","Loop"],"picked":"Singing Bowl","floor":45},{"not_picked":["Beam Cell","Sunder+1"],"picked":"Singing Bowl","floor":45},{"not_picked":["Heatsinks+1","Streamline+1"],"picked":"Singing Bowl","floor":47},{"not_picked":["Undo"],"picked":"Cold Snap","floor":47},{"not_picked":["Lockon+1"],"picked":"Stack","floor":48},{"not_picked":["Steam+1","Doom and Gloom+1"],"picked":"Singing Bowl","floor":54}],"player_experience":4958100,"relics_obtained":[{"floor":6,"key":"Dodecahedron"},{"floor":8,"key":"Kunai"},{"floor":9,"key":"Question Card"},{"floor":14,"key":"Old Coin"},{"floor":23,"key":"Anchor"},{"floor":25,"key":"Regal Pillow"},{"floor":26,"key":"The Courier"},{"floor":30,"key":"Blood Vial"},{"floor":36,"key":"Ginger"},{"floor":38,"key":"Pantograph"},{"floor":40,"key":"Mercury Hourglass"},{"floor":42,"key":"Gambling Chip"},{"floor":48,"key":"Frozen Egg 2"},{"floor":54,"key":"Bottled Flame"}],"event_choices":[{"damage_healed":0,"gold_gain":0,"player_choice":"Ignored","damage_taken":0,"max_hp_gain":0,"max_hp_loss":0,"event_name":"NoteForYourself","floor":2,"gold_loss":0},{"damage_healed":0,"gold_gain":75,"player_choice":"Gather Gold","damage_taken":11,"max_hp_gain":0,"max_hp_loss":0,"event_name":"World of Goop","floor":4,"gold_loss":0},{"damage_healed":22,"gold_gain":0,"player_choice":"Banana","damage_taken":0,"max_hp_gain":0,"max_hp_loss":0,"event_name":"Big Fish","floor":11,"gold_loss":0},{"damage_healed":0,"gold_gain":0,"player_choice":"Smashed Altar","damage_taken":0,"max_hp_gain":0,"max_hp_loss":0,"event_name":"Forgotten Altar","floor":20,"gold_loss":0,"cards_obtained":["Decay"]},{"damage_healed":0,"gold_gain":0,"player_choice":"Obtained Relic","damage_taken":0,"relics_obtained":["Singing Bowl"],"max_hp_gain":0,"max_hp_loss":0,"event_name":"Addict","floor":28,"gold_loss":85},{"damage_healed":0,"gold_gain":0,"player_choice":"Fight","damage_taken":0,"max_hp_gain":0,"max_hp_loss":0,"event_name":"Mysterious Sphere","floor":36,"gold_loss":0}],"is_beta":true,"boss_relics":[{"not_picked":["Empty Cage","Eternal Feather"],"picked":"Busted Crown"},{"not_picked":["Fusion Hammer","Velvet Choker"],"picked":"Cursed Key"}],"items_purged_floors":[44],"is_endless":false,"potions_floor_spawned":[8,12,16,21,33,37,42,48],"ascension_level":1}