{"gold_per_floor":[119,119,135,149,168,168,195,195,195,226,31,45,79,90,90,194,194,207,217,217,234,246,246,346,346,373,401,316,316,331,348,348,443,443,458,477,494,507,507],"floor_reached":39,"playtime":2135,"items_purged":[],"score":635,"play_id":"16c411d5-2a91-4f5e-b9d8-e232144fadd7","local_time":"20181229104003","is_ascension_mode":true,"campfire_choices":[{"floor":6,"key":"REST"},{"floor":8,"key":"REST"},{"floor":15,"key":"REST"},{"floor":23,"key":"REST"},{"floor":25,"key":"REST"},{"floor":29,"key":"REST"},{"data":"Echo Form","floor":32,"key":"SMITH"}],"neow_cost":"TEN_PERCENT_HP_LOSS","seed_source_timestamp":654450531243294,"circlet_count":0,"master_deck":["Strike_B","Strike_B","Strike_B","Strike_B","Defend_B","Defend_B","Defend_B","Defend_B","Zap","Dualcast","Trip","Thinking Ahead","Conserve Battery","Blind","Conserve Battery","Double Energy","Streamline","Go for the Eyes","Auto Shields","Echo Form+1","Apotheosis+1","Rebound","Cold Snap","Hyperbeam","Coolheaded","Seek","Heatsinks","Loop","Self Repair","Sweeping Beam+1","White Noise+1","Leap","Chill+1","Turbo","Auto Shields","Meteor Strike","FTL+1","Tempest","Sweeping Beam+1","Steam+1"],"relics":["Cracked Core","Centennial Puzzle","Matryoshka","FossilizedHelix","Emotion Chip","Nuclear Battery","Nunchaku","Bottled Tornado","DataDisk","Dream Catcher","Ancient Tea Set","Pen Nib","Sozu"],"potions_floor_usage":[13,13,16,24,24],"damage_taken":[{"damage":0,"enemies":"Small Slimes","floor":1,"turns":3},{"damage":0,"enemies":"Cultist","floor":3,"turns":4},{"damage":10,"enemies":"2 Louse","floor":4,"turns":3},{"damage":22,"enemies":"Exordium Thugs","floor":5,"turns":4},{"damage":21,"enemies":"Lagavulin","floor":7,"turns":7},{"damage":19,"enemies":"3 Sentries","floor":10,"turns":10},{"damage":12,"enemies":"Lots of Slimes","floor":12,"turns":3},{"damage":0,"enemies":"Gremlin Nob","floor":13,"turns":4},{"damage":7,"enemies":"3 Louse","floor":14,"turns":2},{"damage":9,"enemies":"Hexaghost","floor":16,"turns":8},{"damage":7,"enemies":"Shell Parasite","floor":18,"turns":5},{"damage":2,"enemies":"3 Byrds","floor":19,"turns":4},{"damage":0,"enemies":"Centurion and Healer","floor":21,"turns":3},{"damage":14,"enemies":"Shelled Parasite and Fungi","floor":22,"turns":3},{"damage":13,"enemies":"Colosseum Slavers","floor":24,"turns":4},{"damage":21,"enemies":"Colosseum Nobs","floor":24,"turns":4},{"damage":11,"enemies":"Book of Stabbing","floor":27,"turns":5},{"damage":0,"enemies":"Sentry and Sphere","floor":30,"turns":3},{"damage":11,"enemies":"Chosen and Byrds","floor":31,"turns":9},{"damage":7,"enemies":"Champ","floor":33,"turns":9},{"damage":12,"enemies":"3 Darklings","floor":35,"turns":5},{"damage":0,"enemies":"3 Shapes","floor":36,"turns":3},{"damage":37,"enemies":"3 Darklings","floor":37,"turns":5},{"damage":10,"enemies":"Sphere and 2 Shapes","floor":38,"turns":4},{"damage":39,"enemies":"Writhing Mass","floor":39,"turns":3}],"seed_played":"-3744645940854622475","potions_obtained":[{"floor":7,"key":"Energy Potion"},{"floor":12,"key":"EssenceOfSteel"},{"floor":13,"key":"PowerPotion"},{"floor":16,"key":"Ancient Potion"},{"floor":19,"key":"LiquidBronze"},{"floor":24,"key":"SpeedPotion"},{"floor":30,"key":"Dexterity Potion"},{"floor":31,"key":"SteroidPotion"}],"is_trial":false,"path_per_floor":["M","?","M","M","M","R","E","R","T","E","$","M","E","M","R","B",null,"M","M","?","M","M","R","?","R","T","E","?","R","M","M","R","B",null,"M","M","M","M","M"],"character_chosen":"DEFECT","items_purchased":["Apotheosis","Rebound"],"campfire_rested":6,"item_purchase_floors":[11,11],"current_hp_per_floor":[68,68,68,58,36,56,35,55,55,36,36,24,24,17,37,28,58,51,49,49,49,45,65,38,58,58,61,61,68,68,67,67,60,66,64,64,34,24,0],"gold":507,"neow_bonus":"RANDOM_COLORLESS_2","is_prod":false,"is_daily":false,"chose_seed":false,"campfire_upgraded":1,"win_rate":0,"timestamp":1546090803,"path_taken":["M","?","M","M","M","R","E","R","T","E","$","?","E","M","R","BOSS","M","M","?","?","M","R","?","R","T","E","?","R","M","?","R","BOSS","M","M","M","?","M"],"build_version":"2018-12-20","purchased_purges":0,"victory":false,"max_hp_per_floor":[68,68,68,68,68,68,68,68,68,68,68,68,68,68,68,68,68,68,68,68,68,68,68,68,68,68,68,68,68,68,68,68,68,68,68,68,68,68,68],"card_choices":[{"not_picked":["Genetic Algorithm","Streamline"],"picked":"Conserve Battery","floor":1},{"not_picked":["Hologram","Barrage"],"picked":"Double Energy","floor":3},{"not_picked":["Compile Driver","Reinforced Body"],"picked":"Streamline","floor":4},{"not_picked":["Barrage","Ball Lightning"],"picked":"Go for the Eyes","floor":5},{"not_picked":["Streamline","Redo"],"picked":"Auto Shields","floor":7},{"not_picked":["Fusion","Steam"],"picked":"Echo Form","floor":10},{"not_picked":["Streamline","Barrage"],"picked":"Cold Snap","floor":12},{"not_picked":["Chaos","Go for the Eyes"],"picked":"Hyperbeam","floor":13},{"not_picked":["Heatsinks","Rebound"],"picked":"Coolheaded","floor":14},{"not_picked":["Fission","All For One"],"picked":"Seek","floor":16},{"not_picked":["Barrage","Gash"],"picked":"Heatsinks","floor":18},{"not_picked":["Stack","Streamline"],"picked":"Loop","floor":19},{"not_picked":["Capacitor+1","Barrage"],"picked":"Self Repair","floor":21},{"not_picked":["Melter","Rip and Tear"],"picked":"Sweeping Beam+1","floor":22},{"not_picked":["Capacitor","Ball Lightning"],"picked":"White Noise+1","floor":24},{"not_picked":["Recycle","Go for the Eyes"],"picked":"Leap","floor":27},{"not_picked":["Steam","Sweeping Beam"],"picked":"Chill+1","floor":29},{"not_picked":["Hologram","Cold Snap"],"picked":"Turbo","floor":30},{"not_picked":["Barrage","Rebound"],"picked":"Auto Shields","floor":31},{"not_picked":["Thunder Strike","All For One"],"picked":"Meteor Strike","floor":33},{"not_picked":["Genetic Algorithm","Rip and Tear+1"],"picked":"FTL+1","floor":35},{"not_picked":["Skim+1","Lockon+1"],"picked":"Tempest","floor":36},{"not_picked":["Skim","Turbo"],"picked":"Sweeping Beam+1","floor":37},{"not_picked":["Redo","Fusion+1"],"picked":"Steam+1","floor":38}],"player_experience":559475,"relics_obtained":[{"floor":7,"key":"Centennial Puzzle"},{"floor":9,"key":"Matryoshka"},{"floor":10,"key":"FossilizedHelix"},{"floor":13,"key":"Emotion Chip"},{"floor":24,"key":"Nunchaku"},{"floor":24,"key":"Bottled Tornado"},{"floor":26,"key":"DataDisk"},{"floor":26,"key":"Dream Catcher"},{"floor":27,"key":"Ancient Tea Set"}],"event_choices":[{"damage_healed":0,"gold_gain":0,"player_choice":"2 cards matched","damage_taken":0,"max_hp_gain":0,"max_hp_loss":0,"event_name":"Match and Keep!","floor":2,"gold_loss":0,"cards_obtained":["Blind","Conserve Battery"]},{"damage_healed":0,"gold_gain":0,"player_choice":"Upgraded","damage_taken":0,"max_hp_gain":0,"max_hp_loss":0,"event_name":"Upgrade Shrine","floor":20,"gold_loss":0,"cards_upgraded":["Apotheosis"]},{"damage_healed":0,"gold_gain":0,"player_choice":"Fight","damage_taken":0,"max_hp_gain":0,"max_hp_loss":0,"event_name":"Colosseum","floor":24,"gold_loss":0},{"damage_healed":0,"gold_gain":0,"player_choice":"Fought Nobs","damage_taken":0,"max_hp_gain":0,"max_hp_loss":0,"event_name":"Colosseum","floor":24,"gold_loss":0},{"damage_healed":0,"gold_gain":0,"player_choice":"Obtained Relic","damage_taken":0,"relics_obtained":["Pen Nib"],"max_hp_gain":0,"max_hp_loss":0,"event_name":"Addict","floor":28,"gold_loss":85}],"is_beta":false,"boss_relics":[{"not_picked":["Velvet Choker","FrozenCore"],"picked":"Nuclear Battery"},{"not_picked":["White Beast Statue","Cursed Key"],"picked":"Sozu"}],"items_purged_floors":[],"is_endless":false,"potions_floor_spawned":[7,12,13,16,19,24,30,31,38],"killed_by":"Writhing Mass","ascension_level":7}