{"gold_per_floor":[112,125,142,162,10,39,39,70,70,82,96,108,108,108,108,207,207,219,239,239,252,266,266,295,309,309,326,346,256,269,269],"floor_reached":31,"playtime":1398,"items_purged":[],"score":399,"play_id":"15873d94-a878-4d8d-a96f-adc15c50f870","local_time":"20190311223126","is_ascension_mode":true,"campfire_choices":[{"floor":7,"key":"REST"},{"floor":13,"key":"REST"},{"data":"Defragment","floor":15,"key":"SMITH"},{"floor":23,"key":"REST"}],"neow_cost":"NONE","seed_source_timestamp":2191330934755202,"circlet_count":0,"master_deck":["Strike_B+1","Strike_B","Defend_B","Defend_B","Defend_B","Defend_B","Zap+1","Dualcast","Doom and Gloom","Defragment+1","Conserve Battery","Hologram","Doom and Gloom","Glacier","Chill","Beam Cell","Core Surge","Beam Cell","Coolheaded+1","Doom and Gloom","Chaos+1","Go for the Eyes"],"relics":["Cracked Core","Regal Pillow","Lantern","Kunai","Shuriken","Torii","Philosopher\u0027s Stone","Calipers","Mercury Hourglass"],"potions_floor_usage":[8,8,11,18,19,21,24,28],"damage_taken":[{"damage":1,"enemies":"Cultist","floor":1,"turns":3},{"damage":0,"enemies":"Small Slimes","floor":2,"turns":2},{"damage":7,"enemies":"Jaw Worm","floor":3,"turns":3},{"damage":4,"enemies":"Looter","floor":4,"turns":4},{"damage":33,"enemies":"3 Sentries","floor":6,"turns":5},{"damage":22,"enemies":"Gremlin Nob","floor":8,"turns":4},{"damage":8,"enemies":"Exordium Thugs","floor":10,"turns":5},{"damage":2,"enemies":"Gremlin Gang","floor":11,"turns":6},{"damage":7,"enemies":"3 Louse","floor":12,"turns":3},{"damage":6,"enemies":"Hexaghost","floor":16,"turns":9},{"damage":21,"enemies":"3 Byrds","floor":18,"turns":5},{"damage":9,"enemies":"Shell Parasite","floor":19,"turns":4},{"damage":0,"enemies":"Snecko","floor":21,"turns":3},{"damage":35,"enemies":"Snake Plant","floor":22,"turns":3},{"damage":29,"enemies":"Slavers","floor":24,"turns":4},{"damage":9,"enemies":"Sentry and Sphere","floor":25,"turns":5},{"damage":2,"enemies":"Chosen and Byrds","floor":27,"turns":6},{"damage":0,"enemies":"3 Cultists","floor":28,"turns":2},{"damage":13,"enemies":"Shelled Parasite and Fungi","floor":30,"turns":5},{"damage":8,"enemies":"Chosen and Byrds","floor":31,"turns":1}],"seed_played":"2149471726209702795","potions_obtained":[{"floor":1,"key":"GamblersBrew"},{"floor":4,"key":"SteroidPotion"},{"floor":6,"key":"SpeedPotion"},{"floor":10,"key":"SpeedPotion"},{"floor":11,"key":"Regen Potion"},{"floor":19,"key":"AttackPotion"},{"floor":21,"key":"AttackPotion"},{"floor":25,"key":"Strength Potion"},{"floor":27,"key":"Poison Potion"},{"floor":28,"key":"Fruit Juice"},{"floor":30,"key":"Dexterity Potion"}],"is_trial":false,"path_per_floor":["M","M","M","M","$","E","R","E","T","M","M","M","R","?","R","B",null,"M","M","?","M","M","R","E","M","T","M","M","?","M","M"],"character_chosen":"DEFECT","items_purchased":["Lantern"],"campfire_rested":3,"item_purchase_floors":[5],"current_hp_per_floor":[67,67,60,56,56,23,60,38,38,30,28,21,58,58,58,52,69,48,51,51,51,16,53,24,15,15,13,18,18,5,0],"gold":269,"neow_bonus":"RANDOM_COMMON_RELIC","is_prod":false,"is_daily":false,"chose_seed":false,"campfire_upgraded":1,"win_rate":0,"timestamp":1552354286,"path_taken":["M","?","?","M","?","E","R","E","T","M","M","?","R","?","R","BOSS","M","M","?","?","M","R","E","M","T","?","M","?","M","M"],"build_version":"2019-01-23","purchased_purges":0,"victory":false,"max_hp_per_floor":[75,75,75,75,75,75,75,75,75,75,75,75,75,75,75,75,75,75,75,75,75,75,75,75,75,75,75,80,80,80,80],"card_choices":[{"not_picked":["Scrape","Leap"],"picked":"Doom and Gloom","floor":1},{"not_picked":["Turbo","Compile Driver"],"picked":"Defragment","floor":2},{"not_picked":["Steam","Rebound"],"picked":"Conserve Battery","floor":3},{"not_picked":["Leap","Go for the Eyes"],"picked":"Hologram","floor":4},{"not_picked":["Redo","Hello World"],"picked":"Doom and Gloom","floor":6},{"not_picked":["Hologram","Skim"],"picked":"Glacier","floor":8},{"not_picked":["Undo","Leap","Hologram"],"picked":"SKIP","floor":10},{"not_picked":["Stack","Leap"],"picked":"Chill","floor":11},{"not_picked":["Rebound","Stack"],"picked":"Beam Cell","floor":12},{"not_picked":["Meteor Strike","Thunder Strike"],"picked":"Core Surge","floor":16},{"not_picked":["Glacier","Streamline","BootSequence"],"picked":"SKIP","floor":18},{"not_picked":["Cold Snap","Ball Lightning","BootSequence"],"picked":"SKIP","floor":19},{"not_picked":["Streamline","Stack"],"picked":"Beam Cell","floor":21},{"not_picked":["Hello World","Ball Lightning+1","Turbo"],"picked":"SKIP","floor":22},{"not_picked":["Stack","Tempest"],"picked":"Coolheaded+1","floor":24},{"not_picked":["Streamline","Glacier"],"picked":"Doom and Gloom","floor":25},{"not_picked":["Ball Lightning+1","Turbo","Leap"],"picked":"SKIP","floor":27},{"not_picked":["Biased Cognition","Darkness"],"picked":"Chaos+1","floor":28},{"not_picked":["Undo","Aggregate"],"picked":"Go for the Eyes","floor":30}],"player_experience":908191,"relics_obtained":[{"floor":6,"key":"Kunai"},{"floor":8,"key":"Shuriken"},{"floor":9,"key":"Torii"},{"floor":24,"key":"Calipers"},{"floor":26,"key":"Mercury Hourglass"}],"event_choices":[{"damage_healed":0,"gold_gain":0,"player_choice":"Grow","damage_taken":0,"max_hp_gain":0,"max_hp_loss":0,"event_name":"Living Wall","floor":14,"gold_loss":0,"cards_upgraded":["Zap"]},{"cards_removed":["Strike_B"],"damage_healed":0,"gold_gain":0,"player_choice":"Purged","damage_taken":0,"max_hp_gain":0,"max_hp_loss":0,"event_name":"Purifier","floor":20,"gold_loss":0},{"cards_removed":["Strike_B"],"damage_healed":0,"gold_gain":0,"player_choice":"Upgrade and Remove","damage_taken":0,"max_hp_gain":0,"max_hp_loss":0,"event_name":"Designer","floor":29,"gold_loss":90,"cards_upgraded":["Strike_B"]}],"is_beta":false,"boss_relics":[{"not_picked":["Eternal Feather","FrozenCore"],"picked":"Philosopher\u0027s Stone"}],"items_purged_floors":[],"is_endless":false,"potions_floor_spawned":[1,4,6,10,11,19,21,25,27,28,30],"killed_by":"Chosen and Byrds","ascension_level":9}