{"gold_per_floor":[111,111,111,12,25,56,56,56,83,59,82,82,100,116,116,237,237,252,270,284,46,46,46,79,79],"floor_reached":25,"playtime":726,"items_purged":["Regret"],"score":420,"play_id":"a4cedf63-8a25-4b04-8888-b530c3871e3d","local_time":"20190313165906","is_ascension_mode":true,"campfire_choices":[{"data":"Hologram","floor":7,"key":"SMITH"},{"data":"Hologram","floor":12,"key":"SMITH"},{"floor":15,"key":"REST"},{"floor":23,"key":"REST"}],"neow_cost":"NONE","seed_source_timestamp":55580904526066,"circlet_count":0,"master_deck":["AscendersBane","Strike_B+1","Defend_B","Defend_B","Defend_B","Defend_B","Zap+1","Dualcast","Gash+1","Hologram+1","Electrodynamics","Ball Lightning","Hologram+1","Capacitor","All For One","White Noise+1","Streamline+1","Auto Shields","Machine Learning"],"relics":["Cracked Core","Symbiotic Virus","Golden Idol","Dead Branch","Blood Vial","Empty Cage","Mummified Hand","Pocketwatch","Whetstone"],"potions_floor_usage":[6,6,16,18,20,25],"damage_taken":[{"damage":2,"enemies":"Jaw Worm","floor":1,"turns":3},{"damage":0,"enemies":"Small Slimes","floor":5,"turns":3},{"damage":30,"enemies":"Lagavulin","floor":6,"turns":5},{"damage":0,"enemies":"Cultist","floor":11,"turns":2},{"damage":12,"enemies":"2 Fungi Beasts","floor":13,"turns":3},{"damage":13,"enemies":"Exordium Thugs","floor":14,"turns":4},{"damage":0,"enemies":"Slime Boss","floor":16,"turns":5},{"damage":6,"enemies":"3 Byrds","floor":18,"turns":3},{"damage":6,"enemies":"Spheric Guardian","floor":19,"turns":3},{"damage":23,"enemies":"Centurion and Healer","floor":20,"turns":5},{"damage":52,"enemies":"Book of Stabbing","floor":24,"turns":5},{"damage":12,"enemies":"Snake Plant","floor":25,"turns":1}],"seed_played":"67989578892962236","potions_obtained":[{"floor":1,"key":"Swift Potion"},{"floor":5,"key":"SteroidPotion"},{"floor":11,"key":"Strength Potion"},{"floor":16,"key":"SkillPotion"},{"floor":18,"key":"EssenceOfSteel"},{"floor":24,"key":"AttackPotion"}],"is_trial":false,"path_per_floor":["M","?","?","$","M","E","R","?","T","$","M","R","M","M","R","B",null,"M","M","M","$","?","R","E","M"],"character_chosen":"DEFECT","items_purchased":["Hologram","Ball Lightning","Mummified Hand"],"campfire_rested":2,"item_purchase_floors":[4,10,21],"current_hp_per_floor":[66,66,66,66,66,36,36,36,36,36,38,38,28,17,37,39,62,58,54,33,33,33,53,3,0],"gold":79,"neow_bonus":"UPGRADE_CARD","is_prod":false,"is_daily":false,"chose_seed":false,"campfire_upgraded":2,"win_rate":0,"timestamp":1552507146,"path_taken":["M","?","?","?","M","E","R","?","T","$","?","R","M","M","R","BOSS","M","M","M","$","?","R","E","M"],"build_version":"2019-01-23","purchased_purges":1,"victory":false,"max_hp_per_floor":[75,75,69,69,69,69,69,69,69,69,69,69,69,69,69,69,69,69,69,69,69,69,69,69,69],"card_choices":[{"not_picked":["Hologram","Sweeping Beam"],"picked":"Gash","floor":1},{"not_picked":["Undo","Stack","Capacitor"],"picked":"SKIP","floor":5},{"not_picked":["Sweeping Beam","Compile Driver","Stack"],"picked":"SKIP","floor":6},{"not_picked":["Doom and Gloom","Aggregate"],"picked":"Hologram","floor":11},{"not_picked":["Turbo","Undo"],"picked":"Capacitor","floor":13},{"not_picked":["Chaos","Streamline","Go for the Eyes"],"picked":"SKIP","floor":14},{"not_picked":["Creative AI","Meteor Strike"],"picked":"All For One","floor":16},{"not_picked":["Steam","Reprogram"],"picked":"White Noise+1","floor":18},{"not_picked":["Ball Lightning","Go for the Eyes+1"],"picked":"Streamline+1","floor":19},{"not_picked":["Tempest+1","White Noise"],"picked":"Auto Shields","floor":20},{"not_picked":["Hello World","Stack"],"picked":"Machine Learning","floor":24}],"player_experience":916452,"relics_obtained":[{"floor":6,"key":"Dead Branch"},{"floor":9,"key":"Blood Vial"},{"floor":24,"key":"Whetstone"}],"event_choices":[{"damage_healed":0,"gold_gain":0,"player_choice":"Box","damage_taken":0,"relics_obtained":["Symbiotic Virus"],"max_hp_gain":0,"max_hp_loss":0,"event_name":"Big Fish","floor":2,"gold_loss":0,"cards_obtained":["Regret"]},{"damage_healed":0,"gold_gain":0,"player_choice":"Lose Max HP","damage_taken":0,"relics_obtained":["Golden Idol"],"max_hp_gain":0,"max_hp_loss":6,"event_name":"Golden Idol","floor":3,"gold_loss":0},{"damage_healed":0,"gold_gain":0,"cards_transformed":["Strike_B"],"player_choice":"Transformed","damage_taken":0,"max_hp_gain":0,"max_hp_loss":0,"event_name":"Transmorgrifier","floor":8,"gold_loss":0,"cards_obtained":["Electrodynamics"]},{"damage_healed":0,"gold_gain":0,"player_choice":"Opened","damage_taken":0,"relics_obtained":["Pocketwatch"],"max_hp_gain":0,"max_hp_loss":0,"event_name":"The Mausoleum","floor":22,"gold_loss":0}],"is_beta":false,"boss_relics":[{"not_picked":["Lizard Tail","Philosopher\u0027s Stone"],"picked":"Empty Cage"}],"items_purged_floors":[4],"is_endless":false,"potions_floor_spawned":[1,5,11,16,18,24],"killed_by":"Snake Plant","ascension_level":11}