{"gold_per_floor":[109,123,298,56,56,83,83,102,102,102,121,121,121,152,152,277,277,291,315,274,189,207,243,243,268,295,309,154,172,172,172],"floor_reached":31,"playtime":945,"items_purged":["Doubt"],"score":332,"play_id":"5f67aab3-75e5-4ac4-b3c6-db5aed39a316","local_time":"20190131200819","is_ascension_mode":true,"campfire_choices":[{"data":"Apotheosis","floor":7,"key":"SMITH"},{"floor":10,"key":"REST"},{"floor":12,"key":"REST"},{"data":"Backstab","floor":15,"key":"SMITH"},{"floor":24,"key":"REST"}],"neow_cost":"CURSE","seed_source_timestamp":155832583008000,"circlet_count":0,"master_deck":["Defend_G","Defend_G","Defend_G","Defend_G","Defend_G","Strike_G","Strike_G","Strike_G","Strike_G","Survivor","Neutralize","Glass Knife","Catalyst","PiercingWail","Apotheosis+1","Poisoned Stab","Caltrops","Backflip","Backstab+1","Adrenaline","Leg Sweep","Deflect","Backstab","Backflip+1","Dagger Spray","Skewer+1","Backstab+1","Backflip","Noxious Fumes","Bouncing Flask","Well Laid Plans","Well Laid Plans"],"relics":["Ring of the Snake","Unceasing Top","Bottled Flame","Golden Idol","Odd Mushroom","Fusion Hammer","Smiling Mask","Dream Catcher","Ancient Tea Set"],"potions_floor_usage":[23,31,31,31],"damage_taken":[{"damage":1,"enemies":"Jaw Worm","floor":1,"turns":4},{"damage":0,"enemies":"2 Louse","floor":2,"turns":2},{"damage":28,"enemies":"3 Sentries","floor":6,"turns":9},{"damage":0,"enemies":"Cultist","floor":8,"turns":3},{"damage":13,"enemies":"Exordium Thugs","floor":11,"turns":5},{"damage":16,"enemies":"The Mushroom Lair","floor":14,"turns":5},{"damage":4,"enemies":"The Guardian","floor":16,"turns":10},{"damage":0,"enemies":"Chosen","floor":18,"turns":3},{"damage":0,"enemies":"Shell Parasite","floor":19,"turns":5},{"damage":6,"enemies":"Sentry and Sphere","floor":22,"turns":6},{"damage":5,"enemies":"Gremlin Leader","floor":23,"turns":8},{"damage":9,"enemies":"Snake Plant","floor":25,"turns":4},{"damage":14,"enemies":"Centurion and Healer","floor":27,"turns":3},{"damage":25,"enemies":"Chosen and Byrds","floor":29,"turns":5},{"damage":19,"enemies":"Snake Plant","floor":31,"turns":1}],"seed_played":"-2416537889264045693","potions_obtained":[{"floor":1,"key":"Fire Potion"},{"floor":2,"key":"GhostInAJar"},{"floor":14,"key":"Swift Potion"},{"floor":23,"key":"PowerPotion"},{"floor":29,"key":"Explosive Potion"}],"is_trial":false,"path_per_floor":["M","M","?","$","?","E","R","M","T","R","M","R","?","?","R","B",null,"M","M","$","?","M","E","R","M","T","M","$","M","?","M"],"character_chosen":"THE_SILENT","items_purchased":["Apotheosis","Backstab","Noxious Fumes","Bouncing Flask"],"campfire_rested":3,"item_purchase_floors":[4,20,28,28],"current_hp_per_floor":[62,62,62,62,55,27,27,27,27,48,35,56,56,40,40,36,58,58,58,58,58,52,47,65,56,56,42,42,17,17,0],"gold":172,"neow_bonus":"THREE_RARE_CARDS","is_prod":false,"is_daily":false,"chose_seed":false,"campfire_upgraded":2,"win_rate":0,"timestamp":1548976099,"path_taken":["M","M","?","$","?","E","R","M","T","R","M","R","?","?","R","BOSS","M","M","$","?","M","E","R","M","T","M","$","M","?","?"],"build_version":"2019-01-23","purchased_purges":1,"victory":false,"max_hp_per_floor":[70,70,70,70,70,70,70,70,70,70,70,70,65,65,65,65,65,65,65,65,65,65,65,65,65,65,65,65,65,65,65],"card_choices":[{"not_picked":["Doppelganger","Storm of Steel"],"picked":"Glass Knife","floor":0},{"not_picked":["Backflip","Deadly Poison"],"picked":"Catalyst","floor":1},{"not_picked":["Blade Dance","Acrobatics"],"picked":"PiercingWail","floor":2},{"not_picked":["Heel Hook","PiercingWail"],"picked":"Poisoned Stab","floor":6},{"not_picked":["Blur","Finisher"],"picked":"Caltrops","floor":8},{"not_picked":["Endless Agony","Dodge and Roll"],"picked":"Backflip","floor":11},{"not_picked":["Dagger Throw","Sucker Punch"],"picked":"Backstab","floor":14},{"not_picked":["Tools of the Trade","Doppelganger"],"picked":"Adrenaline","floor":16},{"not_picked":["Bouncing Flask","Acrobatics"],"picked":"Leg Sweep","floor":18},{"not_picked":["Tactician","Dagger Throw"],"picked":"Deflect","floor":19},{"not_picked":["Outmaneuver","Slice"],"picked":"Backflip+1","floor":22},{"not_picked":["Backflip","Dodge and Roll"],"picked":"Dagger Spray","floor":23},{"not_picked":["Reflex","Quick Slash+1"],"picked":"Skewer+1","floor":24},{"not_picked":["Well Laid Plans+1","Acrobatics+1"],"picked":"Backstab+1","floor":25},{"not_picked":["Blade Dance","Bullet Time"],"picked":"Backflip","floor":27},{"not_picked":["Poisoned Stab","Calculated Gamble"],"picked":"Well Laid Plans","floor":29}],"player_experience":701101,"relics_obtained":[{"floor":6,"key":"Unceasing Top"},{"floor":9,"key":"Bottled Flame"},{"floor":14,"key":"Odd Mushroom"},{"floor":23,"key":"Dream Catcher"},{"floor":26,"key":"Ancient Tea Set"}],"event_choices":[{"damage_healed":0,"gold_gain":175,"player_choice":"AGREE","damage_taken":0,"max_hp_gain":0,"max_hp_loss":0,"event_name":"Liars Game","floor":3,"gold_loss":0,"cards_obtained":["Doubt"]},{"cards_removed":["Writhe"],"damage_healed":0,"gold_gain":0,"player_choice":"Card Removal","damage_taken":7,"max_hp_gain":0,"max_hp_loss":0,"event_name":"Golden Wing","floor":5,"gold_loss":0},{"damage_healed":0,"gold_gain":0,"player_choice":"Lose Max HP","damage_taken":0,"relics_obtained":["Golden Idol"],"max_hp_gain":0,"max_hp_loss":5,"event_name":"Golden Idol","floor":13,"gold_loss":0},{"damage_healed":0,"gold_gain":0,"player_choice":"Fought Mushrooms","damage_taken":0,"max_hp_gain":0,"max_hp_loss":0,"event_name":"Mushrooms","floor":14,"gold_loss":0},{"damage_healed":0,"gold_gain":0,"player_choice":"Obtained Relic","damage_taken":0,"relics_obtained":["Smiling Mask"],"max_hp_gain":0,"max_hp_loss":0,"event_name":"Addict","floor":21,"gold_loss":85},{"damage_healed":0,"gold_gain":0,"cards_transformed":["Strike_G"],"player_choice":"Transformed","damage_taken":0,"max_hp_gain":0,"max_hp_loss":0,"event_name":"Transmorgrifier","floor":30,"gold_loss":0,"cards_obtained":["Well Laid Plans"]}],"is_beta":false,"boss_relics":[{"not_picked":["Empty Cage","Cursed Key"],"picked":"Fusion Hammer"}],"items_purged_floors":[4],"is_endless":false,"potions_floor_spawned":[1,2,14,22,23,27,29],"killed_by":"Snake Plant","ascension_level":6}