{"gold_per_floor":[109,10,30,30,49,49,49,49,49,82,82,100,100,100,100,172,172,182,196,214,164,174,174,174,174],"floor_reached":25,"playtime":1054,"items_purged":[],"score":342,"play_id":"e1be3101-d5f6-435d-b835-9bd7f2e7fabf","local_time":"20190327233900","is_ascension_mode":true,"campfire_choices":[{"data":"Armaments","floor":6,"key":"SMITH"},{"data":"Disarm","floor":8,"key":"SMITH"},{"floor":11,"key":"REST"},{"data":"Flame Barrier","floor":13,"key":"SMITH"},{"data":"Power Through","floor":15,"key":"SMITH"},{"floor":23,"key":"REST"}],"neow_cost":"PERCENT_DAMAGE","seed_source_timestamp":602913550448820,"circlet_count":0,"master_deck":["AscendersBane","Strike_R","Strike_R","Strike_R","Strike_R","Strike_R","Defend_R","Defend_R","Defend_R","Defend_R","Bash+1","Brutality","Pommel Strike","Armaments+1","Power Through+1","Ghostly Armor","Disarm+1","Dropkick","Flame Barrier+1","Impervious","Anger+1","Metallicize","Anger"],"relics":["Burning Blood","Pantograph","Busted Crown","MutagenicStrength"],"potions_floor_usage":[10,18,25],"damage_taken":[{"damage":7,"enemies":"Small Slimes","floor":1,"turns":3},{"damage":6,"enemies":"Cultist","floor":3,"turns":4},{"damage":10,"enemies":"Jaw Worm","floor":5,"turns":4},{"damage":35,"enemies":"Gremlin Nob","floor":10,"turns":5},{"damage":2,"enemies":"3 Louse","floor":12,"turns":5},{"damage":57,"enemies":"The Guardian","floor":16,"turns":16},{"damage":7,"enemies":"2 Thieves","floor":18,"turns":5},{"damage":26,"enemies":"Spheric Guardian","floor":19,"turns":7},{"damage":14,"enemies":"Snecko","floor":20,"turns":6},{"damage":12,"enemies":"Centurion and Healer","floor":22,"turns":9},{"damage":74,"enemies":"Gremlin Leader","floor":25,"turns":8}],"seed_played":"-1192844459475771636","potions_obtained":[{"floor":3,"key":"LiquidBronze"},{"floor":4,"key":"FairyPotion"},{"floor":5,"key":"Regen Potion"},{"floor":12,"key":"Explosive Potion"},{"floor":19,"key":"Poison Potion"},{"floor":20,"key":"Explosive Potion"}],"is_trial":false,"path_per_floor":["M","$","M","?","M","R","$","R","T","E","R","M","R","?","R","B",null,"M","M","M","?","M","R","?","E"],"character_chosen":"IRONCLAD","items_purchased":["Armaments","Power Through"],"campfire_rested":2,"item_purchase_floors":[2,2],"current_hp_per_floor":[49,49,49,49,45,45,45,45,45,30,52,56,56,56,56,24,62,61,41,33,33,27,49,49,0],"gold":174,"neow_bonus":"THREE_RARE_CARDS","is_prod":false,"is_daily":false,"chose_seed":false,"campfire_upgraded":4,"win_rate":0,"timestamp":1553740740,"path_taken":["M","$","M","?","?","R","$","R","T","E","R","M","R","?","R","BOSS","M","M","M","?","?","R","?","E"],"build_version":"2019-01-23","purchased_purges":0,"victory":false,"max_hp_per_floor":[75,75,75,75,75,75,75,75,75,75,75,75,75,75,75,75,75,75,75,75,75,75,75,75,75],"card_choices":[{"not_picked":["Juggernaut","Berserk"],"picked":"Brutality","floor":0},{"not_picked":["Havoc","Heavy Blade"],"picked":"Pommel Strike","floor":1},{"not_picked":["Twin Strike","Armaments"],"picked":"Ghostly Armor","floor":3},{"not_picked":["Clash","Twin Strike"],"picked":"Disarm","floor":5},{"not_picked":["Reckless Charge","Rage"],"picked":"Dropkick","floor":10},{"not_picked":["Armaments","Pommel Strike"],"picked":"Flame Barrier","floor":12},{"not_picked":["Berserk","Double Tap"],"picked":"Impervious","floor":16},{"not_picked":[],"picked":"Anger+1","floor":18},{"not_picked":[],"picked":"Metallicize","floor":19},{"not_picked":[],"picked":"Anger","floor":20},{"not_picked":["Hemokinesis"],"picked":"SKIP","floor":22}],"player_experience":1009407,"relics_obtained":[{"floor":10,"key":"Pantograph"}],"event_choices":[{"damage_healed":0,"gold_gain":0,"player_choice":"Got Potions","damage_taken":0,"max_hp_gain":0,"max_hp_loss":0,"event_name":"Lab","floor":4,"gold_loss":0},{"damage_healed":0,"gold_gain":0,"player_choice":"Grow","damage_taken":0,"max_hp_gain":0,"max_hp_loss":0,"event_name":"Living Wall","floor":14,"gold_loss":0,"cards_upgraded":["Bash"]},{"damage_healed":0,"gold_gain":0,"player_choice":"Bet on Owner","damage_taken":0,"max_hp_gain":0,"max_hp_loss":0,"event_name":"The Joust","floor":21,"gold_loss":50},{"damage_healed":0,"gold_gain":0,"player_choice":"Inject Mutagens","damage_taken":0,"relics_obtained":["MutagenicStrength"],"max_hp_gain":0,"max_hp_loss":0,"event_name":"Drug Dealer","floor":24,"gold_loss":0}],"is_beta":false,"boss_relics":[{"not_picked":["White Beast Statue","Pandora\u0027s Box"],"picked":"Busted Crown"}],"items_purged_floors":[],"is_endless":false,"potions_floor_spawned":[3,5,12,19,20,22],"killed_by":"Gremlin Leader","ascension_level":14}