{"gold_per_floor":[113,63,79,89,89,89,115,115,115,145,145,165,188,216,216,317,317,330,20,20,32,42,75,75,87,87,100,110,143,158,158],"floor_reached":31,"playtime":1656,"items_purged":[],"score":354,"play_id":"2f83dedc-eb33-4074-a7ea-8bc7c0885aec","local_time":"20190425120158","is_ascension_mode":true,"campfire_choices":[{"data":"Poisoned Stab","floor":6.0,"key":"SMITH"},{"data":"Noxious Fumes","floor":8.0,"key":"SMITH"},{"floor":11.0,"key":"REST"},{"floor":15.0,"key":"REST"},{"floor":24.0,"key":"REST"}],"neow_cost":"NONE","seed_source_timestamp":0,"circlet_count":0,"master_deck":["Defend_G","Defend_G","Defend_G","Defend_G","Defend_G","Strike_G","Strike_G","Strike_G","Strike_G","Survivor","Neutralize","Dramatic Entrance","Deflect","Poisoned Stab+1","Deadly Poison","Noxious Fumes+1","Grand Finale","Bane","Dagger Throw","Underhanded Strike","After Image","Cloak And Dagger","PiercingWail","Escape Plan","Backflip+1","Acrobatics","Corpse Explosion","Regret","Backflip","Dodge and Roll+1","Dagger Throw+1","Acrobatics"],"special_seed":0,"relics":["Ring of the Snake","Oddly Smooth Stone","Happy Flower","Odd Mushroom","Kunai","Cursed Key","Matryoshka","Pocketwatch","Bottled Lightning","Strawberry","Gambling Chip","Dodecahedron"],"potions_floor_usage":[29,29,29],"damage_taken":[{"damage":2.0,"enemies":"Cultist","floor":1.0,"turns":5.0},{"damage":0.0,"enemies":"2 Louse","floor":3.0,"turns":2.0},{"damage":3.0,"enemies":"Small Slimes","floor":4.0,"turns":4.0},{"damage":15.0,"enemies":"Gremlin Nob","floor":7.0,"turns":4.0},{"damage":6.0,"enemies":"Lagavulin","floor":10.0,"turns":6.0},{"damage":8.0,"enemies":"Red Slaver","floor":12.0,"turns":3.0},{"damage":16.0,"enemies":"The Mushroom Lair","floor":13.0,"turns":4.0},{"damage":19.0,"enemies":"Gremlin Nob","floor":14.0,"turns":4.0},{"damage":17.0,"enemies":"Hexaghost","floor":16.0,"turns":9.0},{"damage":6.0,"enemies":"3 Byrds","floor":18.0,"turns":4.0},{"damage":5.0,"enemies":"Chosen","floor":21.0,"turns":4.0},{"damage":9.0,"enemies":"Shelled Parasite and Fungi","floor":22.0,"turns":4.0},{"damage":32.0,"enemies":"Slavers","floor":23.0,"turns":7.0},{"damage":12,"enemies":"Cultist and Chosen","floor":25,"turns":7},{"damage":14,"enemies":"Snake Plant","floor":27,"turns":5},{"damage":1,"enemies":"Centurion and Healer","floor":28,"turns":6},{"damage":0,"enemies":"Gremlin Leader","floor":29,"turns":6},{"damage":7,"enemies":"Snecko","floor":30,"turns":4},{"damage":14,"enemies":"3 Cultists","floor":31,"turns":4}],"seed_played":"6700069729728764074","potions_obtained":[{"floor":1.0,"key":"Explosive Potion"},{"floor":4.0,"key":"Energy Potion"},{"floor":10.0,"key":"Dexterity Potion"},{"floor":13.0,"key":"SteroidPotion"},{"floor":22.0,"key":"Poison Potion"},{"floor":23.0,"key":"Strength Potion"},{"floor":29,"key":"SteroidPotion"}],"is_trial":false,"path_per_floor":["M","?","M","M","?","R","E","R","T","E","R","M","?","E","R","B",null,"M","$","?","M","M","E","R","M","T","M","M","E","M","M"],"character_chosen":"THE_SILENT","items_purchased":["Matryoshka","PiercingWail"],"campfire_rested":3,"item_purchase_floors":[19,19],"current_hp_per_floor":[68,68,68,65,65,65,50,50,50,44,65,57,41,22,43,26,70,64,64,64,59,50,18,39,27,34,20,19,19,12,0],"gold":158,"neow_bonus":"RANDOM_COLORLESS","is_prod":false,"is_daily":false,"chose_seed":false,"campfire_upgraded":2,"win_rate":0,"timestamp":1556208118,"path_taken":["M","?","M","M","?","R","E","R","T","E","R","M","?","E","R","BOSS","M","$","?","M","M","E","R","M","T","M","?","E","M","M"],"build_version":"2019-01-23","purchased_purges":0,"victory":false,"max_hp_per_floor":[70,70,70,70,70,70,70,70,70,70,70,70,70,70,70,70,70,70,70,70,70,70,70,70,70,77,77,77,77,77,77],"card_choices":[{"not_picked":["Slice","Dagger Spray"],"picked":"Deflect","floor":1.0},{"not_picked":["Dash","Bouncing Flask"],"picked":"Poisoned Stab","floor":3.0},{"not_picked":["Endless Agony","PiercingWail"],"picked":"Deadly Poison","floor":4.0},{"not_picked":["Predator","Underhanded Strike"],"picked":"Noxious Fumes","floor":7.0},{"not_picked":["Caltrops","Finisher"],"picked":"Grand Finale","floor":10.0},{"not_picked":["Concentrate","Dodge and Roll"],"picked":"Bane","floor":12.0},{"not_picked":["Flying Knee","Sucker Punch"],"picked":"Dagger Throw","floor":13.0},{"not_picked":["Glass Knife","Concentrate"],"picked":"Underhanded Strike","floor":14.0},{"not_picked":["Malaise","Night Terror"],"picked":"After Image","floor":16.0},{"not_picked":["Underhanded Strike","Well Laid Plans+1"],"picked":"Cloak And Dagger","floor":18.0},{"not_picked":["Deadly Poison","Outmaneuver"],"picked":"Escape Plan","floor":21.0},{"not_picked":["Concentrate+1","Dagger Spray"],"picked":"Backflip+1","floor":22.0},{"not_picked":["Riddle With Holes+1","Choke"],"picked":"Acrobatics","floor":23.0},{"not_picked":["PiercingWail","Skewer"],"picked":"Corpse Explosion","floor":25},{"not_picked":["Outmaneuver","Terror"],"picked":"Backflip","floor":27},{"not_picked":["Concentrate","Cloak And Dagger"],"picked":"Dodge and Roll+1","floor":28},{"not_picked":["Leg Sweep","Blade Dance"],"picked":"Dagger Throw+1","floor":29},{"not_picked":["Flying Knee+1","Dodge and Roll"],"picked":"Acrobatics","floor":30}],"player_experience":109617,"relics_obtained":[{"floor":7.0,"key":"Oddly Smooth Stone"},{"floor":10.0,"key":"Happy Flower"},{"floor":13.0,"key":"Odd Mushroom"},{"floor":14.0,"key":"Kunai"},{"floor":23.0,"key":"Bottled Lightning"},{"floor":26,"key":"Strawberry"},{"floor":26,"key":"Gambling Chip"},{"floor":29,"key":"Dodecahedron"}],"event_choices":[{"cards_removed":["Strike_G"],"damage_healed":0.0,"max_hp_gain":0.0,"max_hp_loss":0.0,"gold_gain":0.0,"event_name":"The Cleric","player_choice":"Card Removal","floor":2.0,"gold_loss":50.0,"damage_taken":0.0},{"damage_healed":0.0,"max_hp_gain":0.0,"max_hp_loss":0.0,"gold_gain":0.0,"event_name":"Golden Wing","player_choice":"Ignored","floor":5.0,"gold_loss":0.0,"damage_taken":0.0},{"damage_healed":0.0,"max_hp_gain":0.0,"max_hp_loss":0.0,"gold_gain":0.0,"event_name":"Mushrooms","player_choice":"Fought Mushrooms","floor":13.0,"gold_loss":0.0,"damage_taken":0.0},{"damage_healed":0.0,"max_hp_gain":0.0,"max_hp_loss":0.0,"gold_gain":0.0,"event_name":"WeMeetAgain","player_choice":"Gave Potion","floor":20.0,"gold_loss":0.0,"damage_taken":0.0,"relics_obtained":["Pocketwatch"]}],"is_beta":false,"boss_relics":[{"not_picked":["Coffee Dripper","Philosopher\u0027s Stone"],"picked":"Cursed Key"}],"items_purged_floors":[],"is_endless":false,"potions_floor_spawned":[1,4,10,13,18,22,23,29],"killed_by":"3 Cultists","ascension_level":2}