{"gold_per_floor":[10,10,10,10,25,25,54,73,97,122,122,122,153,173,173,292,292,315,333,333,18,18,49,65,99,111,123,153,209,236,248,260,393,405,430,456,481,518,530,573,585,597,663,675,728,760,772,819,831,843,855,867,8,51,51],"floor_reached":56,"playtime":4112,"items_purged":["Self Repair+1"],"score":1675,"play_id":"0827bb5f-7e6c-47f8-a2b5-7d8a0022ebad","local_time":"20190304140455","is_ascension_mode":true,"campfire_choices":[{"data":"Capacitor","floor":6,"key":"SMITH"},{"data":"Coolheaded","floor":12,"key":"SMITH"},{"data":"Darkness","floor":15,"key":"SMITH"},{"floor":32,"key":"REST"},{"floor":41,"key":"RECALL"},{"floor":47,"key":"REST"},{"floor":49,"key":"REST"},{"floor":52,"key":"REST"}],"neow_cost":"NO_GOLD","seed_source_timestamp":251823060567990,"circlet_count":0,"master_deck":["Defend_B+1","Defend_B+1","Defend_B+1","Zap+1","Dualcast+1","Glacier+1","Capacitor+1","Glacier+1","Streamline+1","Gash+1","Coolheaded+1","Ball Lightning+1","Darkness+1","Multi-Cast+1","Coolheaded+1","Static Discharge+1","Defragment+1","FTL+1","Cold Snap+1","Reinforced Body+1","Sunder+1","Steam+1","Gash+1","Reboot+1","Fission+1","Rebound+1","Electrodynamics+1","BootSequence+1","Redo+1","Steam+1","Machine Learning+1","White Noise+1","Coolheaded","Undo+1","Hologram","Conserve Battery+1","Go for the Eyes","Stack+1","Defragment+1","All For One","Hello World+1","Defragment+1","Capacitor+1","Flash of Steel","Beam Cell","Cold Snap"],"relics":["Cracked Core","Art of War","Orichalcum","Calipers","Golden Idol","Ancient Tea Set","Fusion Hammer","Lantern","Smiling Mask","MawBank","Thread and Needle","War Paint","Gremlin Horn","Astrolabe","Anchor","Mummified Hand","Mark of the Bloom","Dream Catcher","Centennial Puzzle","Frozen Egg 2","The Courier","Shuriken","Strawberry","Mango"],"potions_floor_usage":[7,13,16,19,25,25,29,33,38,55,55],"damage_taken":[{"damage":5,"enemies":"Small Slimes","floor":1,"turns":4},{"damage":0,"enemies":"2 Louse","floor":5,"turns":4},{"damage":18,"enemies":"Gremlin Nob","floor":7,"turns":4},{"damage":1,"enemies":"Cultist","floor":8,"turns":3},{"damage":0,"enemies":"Lagavulin","floor":10,"turns":8},{"damage":8,"enemies":"Gremlin Nob","floor":13,"turns":4},{"damage":0,"enemies":"2 Fungi Beasts","floor":14,"turns":3},{"damage":3,"enemies":"Hexaghost","floor":16,"turns":11},{"damage":15,"enemies":"3 Byrds","floor":18,"turns":4},{"damage":18,"enemies":"2 Thieves","floor":19,"turns":4},{"damage":12,"enemies":"Book of Stabbing","floor":23,"turns":7},{"damage":8,"enemies":"Cultist and Chosen","floor":24,"turns":7},{"damage":8,"enemies":"Slavers","floor":25,"turns":6},{"damage":8,"enemies":"Centurion and Healer","floor":28,"turns":7},{"damage":3,"enemies":"Book of Stabbing","floor":29,"turns":5},{"damage":0,"enemies":"Chosen and Byrds","floor":30,"turns":8},{"damage":0,"enemies":"Champ","floor":33,"turns":17},{"damage":0,"enemies":"Orb Walker","floor":35,"turns":3},{"damage":0,"enemies":"3 Shapes","floor":36,"turns":3},{"damage":0,"enemies":"Sphere and 2 Shapes","floor":37,"turns":4},{"damage":17,"enemies":"Transient","floor":38,"turns":5},{"damage":0,"enemies":"Reptomancer","floor":40,"turns":9},{"damage":0,"enemies":"Nemesis","floor":45,"turns":5},{"damage":0,"enemies":"4 Shapes","floor":46,"turns":2},{"damage":0,"enemies":"Reptomancer","floor":48,"turns":6},{"damage":0,"enemies":"Time Eater","floor":50,"turns":14},{"damage":0,"enemies":"Shield and Spear","floor":54,"turns":5},{"damage":2,"enemies":"The Heart","floor":55,"turns":10}],"seed_played":"-6988955335910579546","potions_obtained":[{"floor":5,"key":"SkillPotion"},{"floor":7,"key":"AttackPotion"},{"floor":10,"key":"SkillPotion"},{"floor":14,"key":"SteroidPotion"},{"floor":18,"key":"SteroidPotion"},{"floor":27,"key":"Weak Potion"},{"floor":27,"key":"Ancient Potion"},{"floor":27,"key":"Block Potion"},{"floor":29,"key":"Fire Potion"},{"floor":35,"key":"Dexterity Potion"},{"floor":45,"key":"Poison Potion"}],"is_trial":false,"path_per_floor":["M","?","?","?","M","R","E","M","T","E","?","R","E","M","R","B",null,"M","M","?","$","T","E","M","E","T","?","M","E","M","T","R","B",null,"M","M","M","M","T","E","R","?","T","T","E","M","R","E","R","B",null,"R","$","E","B",null],"character_chosen":"DEFECT","items_purchased":["Defragment","Fire Potion","Lantern","FTL","Defragment+1","All For One","Swift Potion","Hello World+1","Defragment+1","Capacitor+1","Flash of Steel","Shuriken","Strawberry","Beam Cell"],"campfire_rested":4,"item_purchase_floors":[21,21,21,21,53,53,53,53,53,53,53,53,53,53],"current_hp_per_floor":[84,77,77,77,77,77,59,58,58,58,36,36,28,28,28,25,89,74,56,85,85,85,73,65,57,57,57,49,46,56,56,82,89,89,89,89,89,82,82,89,89,89,89,89,89,89,89,89,89,89,89,89,89,89,87],"gold":51,"neow_bonus":"TWENTY_PERCENT_HP_BONUS","is_prod":false,"is_daily":false,"chose_seed":false,"campfire_upgraded":3,"win_rate":0,"timestamp":1551726295,"path_taken":["M","?","?","?","M","R","E","?","T","E","?","R","E","M","R","BOSS","M","M","?","?","?","E","?","E","T","?","?","E","M","?","R","BOSS","M","M","?","M","?","E","R","?","T","?","E","?","R","E","R","BOSS","R","$","E","BOSS"],"build_version":"2019-02-06","purchased_purges":1,"victory":true,"max_hp_per_floor":[89,89,89,89,89,89,89,89,89,89,89,89,89,89,89,89,89,89,89,89,89,89,89,89,89,89,89,89,89,89,89,89,89,89,89,89,89,89,89,89,89,89,89,89,89,89,89,89,89,89,89,89,96,110,110],"card_choices":[{"not_picked":["Conserve Battery","Blizzard"],"picked":"Glacier","floor":1},{"not_picked":["Coolheaded","Hologram"],"picked":"Glacier","floor":5},{"not_picked":["Leap","Static Discharge"],"picked":"Streamline","floor":7},{"not_picked":["Steam Power","Steam"],"picked":"Gash","floor":8},{"not_picked":["Conserve Battery","Heatsinks"],"picked":"Coolheaded","floor":10},{"not_picked":["Cold Snap","Compile Driver"],"picked":"Ball Lightning","floor":13},{"not_picked":["Steam","Amplify"],"picked":"Darkness","floor":14},{"not_picked":["Creative AI","All For One"],"picked":"Multi-Cast","floor":16},{"not_picked":["Compile Driver","Force Field"],"picked":"Coolheaded","floor":18},{"not_picked":["Force Field+1","Melter"],"picked":"Static Discharge","floor":19},{"not_picked":["Leap","Rebound"],"picked":"Cold Snap+1","floor":23},{"not_picked":["Streamline","Stack"],"picked":"Reinforced Body","floor":24},{"not_picked":["Ball Lightning","Redo"],"picked":"Sunder","floor":25},{"not_picked":["Rebound","Beam Cell"],"picked":"Steam","floor":28},{"not_picked":["Doom and Gloom","Ball Lightning+1"],"picked":"Self Repair+1","floor":29},{"not_picked":["Cold Snap+1","Darkness"],"picked":"Gash+1","floor":30},{"not_picked":["Multi-Cast","Fission"],"picked":"Reboot","floor":33},{"not_picked":["Reinforced Body","Compile Driver"],"picked":"BootSequence","floor":35},{"not_picked":["Leap","Streamline+1"],"picked":"Redo+1","floor":36},{"not_picked":["Sweeping Beam","Conserve Battery"],"picked":"Steam+1","floor":37},{"not_picked":["Redo","Leap"],"picked":"Machine Learning","floor":38},{"not_picked":["Redo","Cold Snap"],"picked":"White Noise","floor":40},{"not_picked":["Barrage","Heatsinks"],"picked":"Coolheaded","floor":45},{"not_picked":["Aggregate","Steam+1"],"picked":"Undo+1","floor":46},{"not_picked":["FTL","Chaos"],"picked":"Hologram","floor":47},{"not_picked":["Hologram","Barrage+1"],"picked":"Conserve Battery+1","floor":48},{"not_picked":["BootSequence","Genetic Algorithm"],"picked":"Go for the Eyes","floor":49},{"not_picked":["Scrape","Streamline"],"picked":"Stack+1","floor":52},{"not_picked":["Rebound","Amplify"],"picked":"Cold Snap","floor":54}],"player_experience":4784962,"relics_obtained":[{"floor":7,"key":"Art of War"},{"floor":9,"key":"Orichalcum"},{"floor":10,"key":"Calipers"},{"floor":13,"key":"Ancient Tea Set"},{"floor":23,"key":"Smiling Mask"},{"floor":25,"key":"MawBank"},{"floor":26,"key":"Thread and Needle"},{"floor":29,"key":"War Paint"},{"floor":31,"key":"Gremlin Horn"},{"floor":39,"key":"Anchor"},{"floor":40,"key":"Mummified Hand"},{"floor":43,"key":"Dream Catcher"},{"floor":44,"key":"Centennial Puzzle"},{"floor":45,"key":"Frozen Egg 2"},{"floor":48,"key":"The Courier"},{"floor":54,"key":"Mango"}],"event_choices":[{"cards_removed":["Defend_B"],"damage_healed":0,"gold_gain":0,"player_choice":"Card Removal","damage_taken":7,"max_hp_gain":0,"max_hp_loss":0,"event_name":"Golden Wing","floor":2,"gold_loss":0},{"damage_healed":0,"gold_gain":0,"player_choice":"Grow","damage_taken":0,"max_hp_gain":0,"max_hp_loss":0,"event_name":"Living Wall","floor":3,"gold_loss":0,"cards_upgraded":["Zap"]},{"damage_healed":0,"gold_gain":0,"cards_transformed":["Strike_B"],"player_choice":"Transformed","damage_taken":0,"max_hp_gain":0,"max_hp_loss":0,"event_name":"Transmorgrifier","floor":4,"gold_loss":0,"cards_obtained":["Capacitor"]},{"damage_healed":0,"gold_gain":0,"player_choice":"Take Damage","damage_taken":22,"relics_obtained":["Golden Idol"],"max_hp_gain":0,"max_hp_loss":0,"event_name":"Golden Idol","floor":11,"gold_loss":0},{"damage_healed":29,"gold_gain":0,"player_choice":"Heal","damage_taken":0,"max_hp_gain":0,"max_hp_loss":0,"event_name":"The Library","floor":20,"gold_loss":0},{"damage_healed":0,"gold_gain":0,"player_choice":"Got Potions","damage_taken":0,"max_hp_gain":0,"max_hp_loss":0,"event_name":"Lab","floor":27,"gold_loss":0},{"damage_healed":0,"gold_gain":0,"player_choice":"Upgrade","damage_taken":0,"relics_obtained":["Mark of the Bloom"],"max_hp_gain":0,"max_hp_loss":0,"event_name":"MindBloom","floor":42,"gold_loss":0,"cards_upgraded":["Defend_B","Defend_B","Dualcast","Glacier","Glacier","Streamline","Gash","Ball Lightning","Multi-Cast","Coolheaded","Static Discharge","Defragment","FTL","Reinforced Body","Sunder","Reboot","BootSequence","Machine Learning","White Noise"]}],"is_beta":true,"boss_relics":[{"not_picked":["Calling Bell","Orrery"],"picked":"Fusion Hammer"},{"not_picked":["Tiny House","Pandora\u0027s Box"],"picked":"Astrolabe"}],"items_purged_floors":[53],"is_endless":false,"potions_floor_spawned":[5,7,10,14,18,28,29,35,45,46],"ascension_level":1}