{"gold_per_floor":[115,190,47,222,232,232,232,266,266,280,312,203,220,288,288,367,367,384,384,384,402,501,501],"floor_reached":23,"playtime":559,"items_purged":["Doubt"],"score":366,"play_id":"ad624906-de1e-4e83-9d4f-19145a570948","local_time":"20190414181725","is_ascension_mode":true,"campfire_choices":[{"data":"Neutralize","floor":6,"key":"SMITH"},{"data":"Noxious Fumes","floor":15,"key":"SMITH"}],"neow_cost":"NONE","seed_source_timestamp":275211570784586,"circlet_count":0,"master_deck":["AscendersBane","Defend_G","Defend_G","Defend_G","Defend_G","Defend_G","Strike_G","Strike_G","Strike_G","Survivor","Neutralize+1","Dagger Spray+1","Dash","Unload","Outmaneuver","Well Laid Plans","Noxious Fumes+1","Storm of Steel","Bane","Deadly Poison"],"relics":["Ring of the Snake","NeowsBlessing","Snake Skull","Dodecahedron","Bottled Flame","Unceasing Top","Mercury Hourglass","Empty Cage","MutagenicStrength"],"potions_floor_usage":[11,16,23],"damage_taken":[{"damage":0,"enemies":"2 Louse","floor":1,"turns":1},{"damage":0,"enemies":"Jaw Worm","floor":5,"turns":1},{"damage":0,"enemies":"Lagavulin","floor":8,"turns":1},{"damage":1,"enemies":"Small Slimes","floor":10,"turns":3},{"damage":22,"enemies":"3 Sentries","floor":11,"turns":9},{"damage":4,"enemies":"Blue Slaver","floor":13,"turns":5},{"damage":25,"enemies":"Slime Boss","floor":16,"turns":9},{"damage":0,"enemies":"Chosen","floor":18,"turns":4},{"damage":23,"enemies":"2 Thieves","floor":21,"turns":4},{"damage":34,"enemies":"Snake Plant","floor":23,"turns":4}],"seed_played":"-4380420694846940303","potions_obtained":[{"floor":1,"key":"Regen Potion"},{"floor":11,"key":"SkillPotion"},{"floor":16,"key":"AttackPotion"},{"floor":20,"key":"Strength Potion"}],"is_trial":false,"path_per_floor":["M","?","$","?","M","R","?","E","T","M","E","$","M","T","R","B",null,"M","?","?","M","?","M"],"character_chosen":"THE_SILENT","items_purchased":["Snake Skull","Well Laid Plans"],"campfire_rested":0,"item_purchase_floors":[3,12],"current_hp_per_floor":[63,52,52,52,52,52,52,52,52,51,44,44,40,40,40,15,56,56,56,56,33,33,0],"gold":501,"neow_bonus":"THREE_ENEMY_KILL","is_prod":false,"is_daily":false,"chose_seed":false,"campfire_upgraded":2,"win_rate":0,"timestamp":1555276645,"path_taken":["M","?","$","?","?","R","?","E","T","M","E","$","M","?","R","BOSS","M","?","?","?","?","M"],"build_version":"2019-01-23","purchased_purges":1,"victory":false,"max_hp_per_floor":[70,70,70,70,70,70,70,70,70,70,70,70,70,70,70,70,70,70,70,70,70,70,70],"card_choices":[{"not_picked":["Crippling Poison","Slice"],"picked":"Dagger Spray","floor":1},{"not_picked":["Accuracy","Deflect","Bane"],"picked":"SKIP","floor":5},{"not_picked":["Sucker Punch","Dagger Throw"],"picked":"Dash","floor":8},{"not_picked":["Flying Knee","Setup"],"picked":"Unload","floor":10},{"not_picked":["Heel Hook","Slice"],"picked":"Outmaneuver","floor":11},{"not_picked":["Poisoned Stab","Leg Sweep"],"picked":"Noxious Fumes","floor":13},{"not_picked":["Wraith Form v2","Venomology"],"picked":"Storm of Steel","floor":16},{"not_picked":["Flying Knee","Blur"],"picked":"Bane","floor":18},{"not_picked":["Cloak And Dagger","Flying Knee"],"picked":"Deadly Poison","floor":21}],"player_experience":1112147,"relics_obtained":[{"floor":8,"key":"Dodecahedron"},{"floor":9,"key":"Bottled Flame"},{"floor":11,"key":"Unceasing Top"},{"floor":14,"key":"Mercury Hourglass"}],"event_choices":[{"damage_healed":0,"gold_gain":75,"player_choice":"Gather Gold","damage_taken":11,"max_hp_gain":0,"max_hp_loss":0,"event_name":"World of Goop","floor":2,"gold_loss":0},{"damage_healed":0,"gold_gain":175,"player_choice":"AGREE","damage_taken":0,"max_hp_gain":0,"max_hp_loss":0,"event_name":"Liars Game","floor":4,"gold_loss":0,"cards_obtained":["Doubt"]},{"damage_healed":0,"gold_gain":0,"player_choice":"Grow","damage_taken":0,"max_hp_gain":0,"max_hp_loss":0,"event_name":"Living Wall","floor":7,"gold_loss":0,"cards_upgraded":["Dagger Spray"]},{"damage_healed":0,"gold_gain":0,"player_choice":"Inject Mutagens","damage_taken":0,"relics_obtained":["MutagenicStrength"],"max_hp_gain":0,"max_hp_loss":0,"event_name":"Drug Dealer","floor":19,"gold_loss":0},{"damage_healed":0,"gold_gain":0,"player_choice":"Got Potions","damage_taken":0,"max_hp_gain":0,"max_hp_loss":0,"event_name":"Lab","floor":20,"gold_loss":0},{"damage_healed":0,"gold_gain":99,"player_choice":"Stole From Cult","damage_taken":0,"max_hp_gain":0,"max_hp_loss":0,"event_name":"Nest","floor":22,"gold_loss":0}],"is_beta":false,"boss_relics":[{"not_picked":["Eternal Feather","Snecko Eye"],"picked":"Empty Cage"}],"items_purged_floors":[12],"is_endless":false,"potions_floor_spawned":[1,11,16,21],"killed_by":"Snake Plant","ascension_level":13}