{"gold_per_floor":[112,122,72,4,15,15,50,50,50,62,80,80,98,110,110,215,215,235,248,173,88,102,102,102],"floor_reached":24,"playtime":568,"items_purged":[],"score":290,"play_id":"8fa69704-a4f5-4929-af3e-f2ed20d02166","local_time":"20190304030129","is_ascension_mode":true,"campfire_choices":[{"data":"Gash","floor":6,"key":"SMITH"},{"data":"Auto Shields","floor":8,"key":"SMITH"},{"floor":12,"key":"REST"},{"data":"Gash","floor":15,"key":"SMITH"},{"floor":23,"key":"REST"}],"neow_cost":"NONE","seed_source_timestamp":1517110574758451,"circlet_count":0,"master_deck":["Strike_B","Strike_B","Defend_B","Defend_B","Defend_B","Defend_B","Zap","Dualcast","Gash+1","FTL","Leap","Auto Shields+1","Doom and Gloom","Gash+1","Sunder","Echo Form","Sweeping Beam","Seek"],"relics":["Cracked Core","NeowsBlessing","Dodecahedron","DataDisk","Philosopher\u0027s Stone","Bronze Scales"],"potions_floor_usage":[7,11,16,22],"damage_taken":[{"damage":0,"enemies":"Cultist","floor":1,"turns":1},{"damage":0,"enemies":"Small Slimes","floor":2,"turns":1},{"damage":0,"enemies":"2 Louse","floor":5,"turns":1},{"damage":29,"enemies":"Lagavulin","floor":7,"turns":6},{"damage":20,"enemies":"Exordium Wildlife","floor":10,"turns":4},{"damage":0,"enemies":"Looter","floor":11,"turns":2},{"damage":0,"enemies":"3 Louse","floor":13,"turns":2},{"damage":0,"enemies":"Exordium Wildlife","floor":14,"turns":2},{"damage":15,"enemies":"Slime Boss","floor":16,"turns":8},{"damage":21,"enemies":"2 Thieves","floor":18,"turns":4},{"damage":25,"enemies":"Shell Parasite","floor":19,"turns":5},{"damage":16,"enemies":"Snecko","floor":22,"turns":5},{"damage":35,"enemies":"Book of Stabbing","floor":24,"turns":3}],"seed_played":"-1329939385609097271","potions_obtained":[{"floor":2,"key":"SkillPotion"},{"floor":7,"key":"Block Potion"},{"floor":11,"key":"Poison Potion"},{"floor":16,"key":"PowerPotion"}],"is_trial":false,"path_per_floor":["M","M","?","$","M","R","E","R","T","M","M","R","M","M","R","B",null,"M","M","?","?","M","R","E"],"character_chosen":"DEFECT","items_purchased":["FTL"],"campfire_rested":2,"item_purchase_floors":[4],"current_hp_per_floor":[68,68,68,68,68,68,39,39,39,19,19,41,41,41,41,26,63,42,17,17,17,1,23,0],"gold":102,"neow_bonus":"THREE_ENEMY_KILL","is_prod":false,"is_daily":false,"chose_seed":false,"campfire_upgraded":3,"win_rate":0,"timestamp":1551679289,"path_taken":["M","?","?","$","M","R","E","R","T","M","M","R","M","M","R","BOSS","M","M","?","?","M","R","E"],"build_version":"2019-01-23","purchased_purges":0,"victory":false,"max_hp_per_floor":[75,75,75,75,75,75,75,75,75,75,75,75,75,75,75,75,75,75,75,75,75,75,75,75],"card_choices":[{"not_picked":["Ball Lightning","Double Energy"],"picked":"Gash","floor":1},{"not_picked":["Streamline","Barrage","Reinforced Body"],"picked":"SKIP","floor":2},{"not_picked":["Steam","Streamline"],"picked":"Leap","floor":5},{"not_picked":["Rip and Tear","Steam"],"picked":"Auto Shields","floor":7},{"not_picked":["Steam","Beam Cell"],"picked":"Doom and Gloom","floor":10},{"not_picked":["Streamline","FTL"],"picked":"Gash","floor":11},{"not_picked":["Leap","Stack","Redo"],"picked":"SKIP","floor":13},{"not_picked":["Fission","Heatsinks"],"picked":"Sunder","floor":14},{"not_picked":["Reboot","Buffer"],"picked":"Echo Form","floor":16},{"not_picked":["Redo","Steam"],"picked":"Sweeping Beam","floor":18},{"not_picked":["Ball Lightning","Compile Driver","Turbo"],"picked":"SKIP","floor":19},{"not_picked":["Turbo","Streamline"],"picked":"Seek","floor":22}],"player_experience":889740,"relics_obtained":[{"floor":7,"key":"Dodecahedron"},{"floor":9,"key":"DataDisk"}],"event_choices":[{"cards_removed":["Strike_B"],"damage_healed":0,"gold_gain":0,"player_choice":"Card Removal","damage_taken":0,"max_hp_gain":0,"max_hp_loss":0,"event_name":"The Cleric","floor":3,"gold_loss":50},{"cards_removed":["Strike_B"],"damage_healed":0,"gold_gain":0,"player_choice":"Gave Gold","damage_taken":0,"max_hp_gain":0,"max_hp_loss":0,"event_name":"Beggar","floor":20,"gold_loss":75},{"damage_healed":0,"gold_gain":0,"player_choice":"Obtained Relic","damage_taken":0,"relics_obtained":["Bronze Scales"],"max_hp_gain":0,"max_hp_loss":0,"event_name":"Addict","floor":21,"gold_loss":85}],"is_beta":false,"boss_relics":[{"not_picked":["Calling Bell","Eternal Feather"],"picked":"Philosopher\u0027s Stone"}],"items_purged_floors":[],"is_endless":false,"potions_floor_spawned":[2,7,11,16],"killed_by":"Book of Stabbing","ascension_level":9}