{"gold_per_floor":[113,113,33,33,44,76,76,124,192,212,212,212,226,1,1,78,78,94,112,112,126,41,41,60,60,60,94,94,126,11,22,22,22],"floor_reached":33,"playtime":711,"items_purged":[],"score":595,"play_id":"8eb48812-8081-4bf5-9ce3-119c4d91c9e8","local_time":"20190428145816","is_ascension_mode":true,"campfire_choices":[{"data":"Heavy Blade","floor":7,"key":"SMITH"},{"data":"Armaments","floor":12,"key":"SMITH"},{"data":"Spot Weakness","floor":15,"key":"SMITH"},{"floor":23,"key":"REST"},{"data":"Bludgeon","floor":25,"key":"SMITH"},{"data":"Immolate","floor":28,"key":"SMITH"},{"floor":32,"key":"REST"}],"neow_cost":"NONE","seed_source_timestamp":1472781781034756,"circlet_count":0,"master_deck":["AscendersBane","Defend_R","Defend_R","Defend_R","Defend_R","Bash","Anger","Spot Weakness+1","Heavy Blade+1","Immolate+1","Heavy Blade","Armaments+1","Bludgeon+1","Twin Strike","Demon Form","Disarm","Sword Boomerang+1","Bite","Bite","Bite","Bite","Bite","Battle Trance"],"relics":["Burning Blood","NeowsBlessing","Mercury Hourglass","Bottled Lightning","Vajra","Membership Card","Busted Crown","Happy Flower","Letter Opener","Ice Cream","Pocketwatch","ClockworkSouvenir"],"potions_floor_usage":[27,29],"damage_taken":[{"damage":0,"enemies":"Small Slimes","floor":1,"turns":1},{"damage":0,"enemies":"Cultist","floor":5,"turns":1},{"damage":0,"enemies":"Gremlin Nob","floor":6,"turns":1},{"damage":2,"enemies":"Jaw Worm","floor":10,"turns":2},{"damage":0,"enemies":"Large Slime","floor":13,"turns":4},{"damage":8,"enemies":"Slime Boss","floor":16,"turns":6},{"damage":11,"enemies":"2 Thieves","floor":18,"turns":2},{"damage":0,"enemies":"Chosen","floor":19,"turns":3},{"damage":33,"enemies":"Snake Plant","floor":21,"turns":4},{"damage":10,"enemies":"Cultist and Chosen","floor":24,"turns":5},{"damage":26,"enemies":"Book of Stabbing","floor":27,"turns":4},{"damage":24,"enemies":"Slavers","floor":29,"turns":2},{"damage":8,"enemies":"Snecko","floor":31,"turns":3},{"damage":90,"enemies":"Automaton","floor":33,"turns":6}],"seed_played":"-4239421534824707752","potions_obtained":[{"floor":1,"key":"Block Potion"},{"floor":5,"key":"SneckoOil"},{"floor":10,"key":"Regen Potion"},{"floor":31,"key":"FearPotion"}],"is_trial":false,"path_per_floor":["M","?","$","T","M","E","R","T","T","M","?","R","M","$","R","B",null,"M","M","?","M","?","R","M","R","T","E","R","E","$","M","R","B"],"character_chosen":"IRONCLAD","items_purchased":["Spot Weakness","Membership Card","Twin Strike","ClockworkSouvenir"],"campfire_rested":2,"item_purchase_floors":[3,14,14,30],"current_hp_per_floor":[74,74,74,74,75,75,75,75,75,75,75,75,75,75,75,73,75,70,75,52,27,27,42,48,48,48,34,34,26,26,28,43,0],"gold":22,"neow_bonus":"THREE_ENEMY_KILL","is_prod":false,"is_daily":false,"chose_seed":false,"campfire_upgraded":5,"win_rate":0,"timestamp":1556474296,"path_taken":["M","?","$","?","M","E","R","?","T","M","?","R","?","?","R","BOSS","M","M","?","M","?","R","M","R","T","E","R","E","$","M","R","BOSS"],"build_version":"2019-01-23","purchased_purges":0,"victory":false,"max_hp_per_floor":[75,75,75,75,75,75,75,75,75,75,75,75,75,75,75,75,75,75,75,52,52,52,52,52,52,52,52,52,52,52,52,52,52],"card_choices":[{"not_picked":["Seeing Red","Wild Strike"],"picked":"Anger","floor":1},{"not_picked":["Flex","Armaments"],"picked":"Heavy Blade","floor":5},{"not_picked":["Dropkick","Flame Barrier"],"picked":"Immolate","floor":6},{"not_picked":["Blood for Blood","Shrug It Off"],"picked":"Heavy Blade","floor":10},{"not_picked":["Headbutt","Warcry"],"picked":"Bludgeon","floor":13},{"not_picked":["Fiend Fire","Brutality"],"picked":"Demon Form","floor":16},{"not_picked":[],"picked":"Disarm","floor":18},{"not_picked":[],"picked":"Sword Boomerang+1","floor":19},{"not_picked":["Clothesline"],"picked":"SKIP","floor":21},{"not_picked":["Bloodletting"],"picked":"SKIP","floor":24},{"not_picked":["Armaments"],"picked":"SKIP","floor":27},{"not_picked":[],"picked":"Battle Trance","floor":29},{"not_picked":["Thunderclap"],"picked":"SKIP","floor":31}],"player_experience":1249358,"relics_obtained":[{"floor":4,"key":"Mercury Hourglass"},{"floor":6,"key":"Bottled Lightning"},{"floor":8,"key":"Vajra"},{"floor":26,"key":"Letter Opener"},{"floor":27,"key":"Ice Cream"},{"floor":29,"key":"Pocketwatch"}],"event_choices":[{"cards_removed":["Strike_R"],"damage_healed":0,"gold_gain":0,"player_choice":"Offered Basic","damage_taken":0,"max_hp_gain":0,"max_hp_loss":0,"event_name":"Bonfire Elementals","floor":2,"gold_loss":0},{"damage_healed":0,"gold_gain":0,"cards_transformed":["Strike_R"],"player_choice":"Transformed","damage_taken":0,"max_hp_gain":0,"max_hp_loss":0,"event_name":"Transmorgrifier","floor":11,"gold_loss":0,"cards_obtained":["Armaments"]},{"damage_healed":0,"gold_gain":0,"player_choice":"Became a vampire","damage_taken":0,"max_hp_gain":0,"max_hp_loss":23,"event_name":"Vampires","floor":20,"gold_loss":0,"cards_obtained":["Bite","Bite","Bite","Bite","Bite"]},{"damage_healed":0,"gold_gain":0,"player_choice":"Obtained Relic","damage_taken":0,"relics_obtained":["Happy Flower"],"max_hp_gain":0,"max_hp_loss":0,"event_name":"Addict","floor":22,"gold_loss":85}],"is_beta":false,"boss_relics":[{"not_picked":["Runic Pyramid","Cursed Key"],"picked":"Busted Crown"}],"items_purged_floors":[],"is_endless":false,"potions_floor_spawned":[1,5,10,24,31],"killed_by":"Automaton","ascension_level":17}