{"gold_per_floor":[117,135,135,135,151,151,216,216],"floor_reached":8,"playtime":464,"items_purged":[],"score":46,"play_id":"655855be-0e23-48e0-908f-1197dfc89957","local_time":"20190503182227","is_ascension_mode":false,"campfire_choices":[{"data":"Neutralize","floor":6,"key":"SMITH"}],"neow_cost":"BASIC_CARDS","seed_source_timestamp":1917315298645621,"circlet_count":0,"master_deck":["Strike_B","Strike_B","Strike_B","Defend_B","Defend_B","Defend_B","Defend_B","Zap","Dualcast","Neutralize+1","hubris:Defend_Merchant","Capacitor","Coolheaded","Pain","Darkness"],"relics":["Cracked Core","WarpedTongs","Bag of Preparation"],"potions_floor_usage":[8,8],"damage_taken":[{"damage":1,"enemies":"Jaw Worm","floor":1,"turns":4},{"damage":0,"enemies":"Small Slimes","floor":2,"turns":3},{"damage":3,"enemies":"Cultist","floor":5,"turns":3},{"damage":21,"enemies":"3 Sentries","floor":7,"turns":8},{"damage":72,"enemies":"Gremlin Nob","floor":8,"turns":7}],"seed_played":"-198666177521085230","potions_obtained":[{"floor":1,"key":"Flashbang"},{"floor":7,"key":"Swift Potion"}],"is_trial":false,"path_per_floor":["M","M","?","?","M","R","?","E"],"character_chosen":"DEFECT","items_purchased":[],"campfire_rested":0,"item_purchase_floors":[],"current_hp_per_floor":[88,88,81,81,78,78,57,0],"gold":216,"neow_bonus":"TWENTY_PERCENT_HP_BONUS","is_prod":false,"is_daily":false,"chose_seed":false,"campfire_upgraded":1,"win_rate":0,"timestamp":1556918547,"path_taken":["M","M","?","?","?","R","?","E"],"build_version":"2019-01-23","purchased_purges":0,"victory":false,"max_hp_per_floor":[89,89,89,89,89,89,89,89],"card_choices":[{"not_picked":["vexMod:BeamPop","Compile Driver"],"picked":"Capacitor","floor":1},{"not_picked":["vexMod:ShockKick","ReplayTheSpireMod:Reroute Power"],"picked":"Coolheaded","floor":2},{"not_picked":["Rebound","ReplayGash"],"picked":"Darkness","floor":5}],"player_experience":1287078,"relics_obtained":[{"floor":7,"key":"Bag of Preparation"}],"event_choices":[{"cards_removed":["Strike_B"],"damage_healed":0,"gold_gain":0,"player_choice":"Card Removal","damage_taken":7,"max_hp_gain":0,"max_hp_loss":0,"event_name":"Golden Wing","floor":3,"gold_loss":0},{"damage_healed":0,"gold_gain":0,"player_choice":"Rummage","damage_taken":0,"relics_obtained":["WarpedTongs"],"max_hp_gain":0,"max_hp_loss":0,"event_name":"Accursed Blacksmith","floor":4,"gold_loss":0,"cards_obtained":["Pain"]},{"damage_healed":0,"gold_gain":30,"player_choice":"Searched \u00272\u0027 times","damage_taken":0,"max_hp_gain":0,"max_hp_loss":0,"event_name":"Dead Adventurer","floor":7,"gold_loss":0}],"is_beta":false,"boss_relics":[],"items_purged_floors":[],"is_endless":false,"potions_floor_spawned":[1,7],"killed_by":"Gremlin Nob","ascension_level":0}