{"gold_per_floor":[110,125,125,143,159,159,193,193,193,193,37,37,63,63],"floor_reached":14,"playtime":553,"items_purged":["Strike_G"],"score":145,"play_id":"e961abae-7cd9-4771-b950-c8b6f2c1944a","local_time":"20190410234020","is_ascension_mode":true,"campfire_choices":[{"floor":6,"key":"REST"},{"floor":10,"key":"REST"}],"neow_cost":"PERCENT_DAMAGE","seed_source_timestamp":819979358594314,"circlet_count":0,"master_deck":["AscendersBane","Defend_G","Defend_G","Defend_G","Defend_G","Defend_G","Strike_G","Strike_G+1","Strike_G","Survivor","Neutralize","After Image","Dagger Spray","Infinite Blades","Predator+1","Dash","Infinite Blades","Blade Dance"],"relics":["Ring of the Snake","Meat on the Bone","Sundial","Odd Mushroom"],"potions_floor_usage":[7,13,13],"damage_taken":[{"damage":5,"enemies":"Jaw Worm","floor":1,"turns":8},{"damage":4,"enemies":"Small Slimes","floor":2,"turns":4},{"damage":4,"enemies":"2 Louse","floor":4,"turns":3},{"damage":13,"enemies":"Exordium Wildlife","floor":5,"turns":5},{"damage":29,"enemies":"Gremlin Nob","floor":7,"turns":5},{"damage":9,"enemies":"The Mushroom Lair","floor":13,"turns":4},{"damage":16,"enemies":"Lots of Slimes","floor":14,"turns":3}],"seed_played":"5732590199595071528","potions_obtained":[{"floor":2,"key":"LiquidBronze"},{"floor":5,"key":"SteroidPotion"},{"floor":7,"key":"GamblersBrew"}],"is_trial":false,"path_per_floor":["M","M","?","M","M","R","E","?","T","R","$","?","?","M"],"character_chosen":"THE_SILENT","items_purchased":["Infinite Blades"],"campfire_rested":2,"item_purchase_floors":[11],"current_hp_per_floor":[40,36,29,25,12,33,4,4,4,25,25,11,14,0],"gold":63,"neow_bonus":"THREE_RARE_CARDS","is_prod":false,"is_daily":false,"chose_seed":false,"campfire_upgraded":0,"win_rate":0,"timestamp":1554950420,"path_taken":["M","M","?","M","M","R","E","?","T","R","?","?","?","M"],"build_version":"2019-01-23","purchased_purges":1,"victory":false,"max_hp_per_floor":[70,70,70,70,70,70,70,70,70,70,70,70,70,70],"card_choices":[{"not_picked":["Glass Knife","Wraith Form v2"],"picked":"After Image","floor":0},{"not_picked":["Poisoned Stab","Dagger Throw"],"picked":"Dagger Spray","floor":1},{"not_picked":["Escape Plan","Calculated Gamble"],"picked":"Infinite Blades","floor":2},{"not_picked":["Poisoned Stab","Tactician"],"picked":"Predator","floor":4},{"not_picked":["Reflex","Catalyst","Underhanded Strike"],"picked":"SKIP","floor":5},{"not_picked":["Flechettes","Riddle With Holes"],"picked":"Dash","floor":7},{"not_picked":["Poisoned Stab","Quick Slash"],"picked":"Blade Dance","floor":13}],"player_experience":1072471,"relics_obtained":[{"floor":7,"key":"Meat on the Bone"},{"floor":9,"key":"Sundial"},{"floor":13,"key":"Odd Mushroom"}],"event_choices":[{"cards_removed":["Strike_G"],"damage_healed":0,"gold_gain":0,"player_choice":"Card Removal","damage_taken":7,"max_hp_gain":0,"max_hp_loss":0,"event_name":"Golden Wing","floor":3,"gold_loss":0},{"damage_healed":0,"gold_gain":0,"player_choice":"Fled","damage_taken":0,"max_hp_gain":0,"max_hp_loss":0,"event_name":"Scrap Ooze","floor":8,"gold_loss":0},{"damage_healed":0,"gold_gain":0,"player_choice":"Entered Light","damage_taken":14,"max_hp_gain":0,"max_hp_loss":0,"event_name":"Shining Light","floor":12,"gold_loss":0,"cards_upgraded":["Strike_G","Predator"]},{"damage_healed":0,"gold_gain":0,"player_choice":"Fought Mushrooms","damage_taken":0,"max_hp_gain":0,"max_hp_loss":0,"event_name":"Mushrooms","floor":13,"gold_loss":0}],"is_beta":false,"boss_relics":[],"items_purged_floors":[11],"is_endless":false,"potions_floor_spawned":[2,5,7],"killed_by":"Lots of Slimes","ascension_level":13}