{"gold_per_floor":[109,125,141,161,175,175,250,250,250,64,64,64,64,76,76,171,171,183,166,95,108,108,108],"floor_reached":23,"playtime":953,"items_purged":[],"score":183,"play_id":"381a6f21-353e-46da-bfec-c9dd43707aab","local_time":"20190304012342","is_ascension_mode":false,"campfire_choices":[{"data":"hubris:Counter","floor":6,"key":"SMITH"},{"data":"Terror","floor":8,"key":"SMITH"},{"floor":13,"key":"REST"},{"floor":15,"key":"REST"}],"neow_cost":"NONE","seed_source_timestamp":1510851017362482,"circlet_count":0,"master_deck":["Defend_G","Defend_G","Defend_G+1","Defend_G","Defend_G","Strike_G","Strike_G","Strike_G","Strike_G","Strike_G","Survivor","Neutralize","hubris:Counter+1","Dagger Spray","Backflip+1","Terror+1","PiercingWail","Mayhem","infinitespire:Fortify","Well Laid Plans","Doppelganger","Cloak And Dagger+1","Distraction+1","Noxious Fumes","Crippling Poison+1","Writhe"],"relics":["Ring of the Snake","hubris:TerracottaHorce","War Paint"],"potions_floor_usage":[14,19,23],"damage_taken":[{"damage":1,"enemies":"Cultist","floor":1,"turns":4},{"damage":6,"enemies":"2 Louse","floor":2,"turns":2},{"damage":2,"enemies":"Small Slimes","floor":3,"turns":4},{"damage":5,"enemies":"Looter","floor":4,"turns":4},{"damage":8,"enemies":"Lots of Slimes","floor":5,"turns":2},{"damage":14,"enemies":"Gremlin Gang","floor":14,"turns":5},{"damage":38,"enemies":"The Guardian","floor":16,"turns":15},{"damage":0,"enemies":"3 Byrds","floor":18,"turns":6},{"damage":19,"enemies":"2 Thieves","floor":19,"turns":4},{"damage":10,"enemies":"Snake Plant","floor":21,"turns":5},{"damage":35,"enemies":"Slavers","floor":23,"turns":3}],"seed_played":"-2743086053450502185","potions_obtained":[{"floor":1,"key":"Poison Potion"},{"floor":4,"key":"EssenceOfSteel"},{"floor":19,"key":"Weak Potion"}],"is_trial":false,"path_per_floor":["M","M","M","M","M","R","?","R","T","$","?","$","R","M","R","B",null,"M","M","$","M","?","E"],"character_chosen":"THE_SILENT","items_purchased":["Mayhem","Noxious Fumes"],"campfire_rested":2,"item_purchase_floors":[10,20],"current_hp_per_floor":[76,70,68,63,55,55,44,44,44,44,25,25,48,34,57,19,63,63,44,44,34,34,0],"gold":108,"neow_bonus":"TEN_PERCENT_HP_BONUS","is_prod":false,"is_daily":false,"chose_seed":false,"campfire_upgraded":2,"win_rate":0,"timestamp":1551673422,"path_taken":["M","M","M","M","?","R","?","R","T","$","?","$","R","M","R","BOSS","M","M","$","M","?","E"],"build_version":"2019-01-23","purchased_purges":0,"victory":false,"max_hp_per_floor":[77,77,77,77,77,77,77,77,77,77,77,77,77,77,77,77,77,77,77,77,77,77,77],"card_choices":[{"not_picked":["Flying Knee","Dodge and Roll"],"picked":"hubris:Counter","floor":1},{"not_picked":["PiercingWail","Sucker Punch"],"picked":"Dagger Spray","floor":2},{"not_picked":["Flying Knee","Eviscerate"],"picked":"Backflip","floor":3},{"not_picked":["Underhanded Strike","Outmaneuver"],"picked":"Terror","floor":4},{"not_picked":["Skewer","Reflex"],"picked":"PiercingWail","floor":5},{"not_picked":["infinitespire:UltimateForm","hubris:InfiniteBlow"],"picked":"infinitespire:Fortify","floor":11},{"not_picked":["hubris:SlightOfHand","Underhanded Strike"],"picked":"Well Laid Plans","floor":14},{"not_picked":["Storm of Steel","Corpse Explosion"],"picked":"Doppelganger","floor":16},{"not_picked":["Riddle With Holes+1","Deflect+1"],"picked":"Cloak And Dagger+1","floor":18},{"not_picked":["Prepared","Setup"],"picked":"Distraction+1","floor":19},{"not_picked":["Underhanded Strike","Catalyst"],"picked":"Crippling Poison+1","floor":21}],"player_experience":889582,"relics_obtained":[],"event_choices":[{"damage_healed":0,"gold_gain":75,"player_choice":"Gather Gold","damage_taken":11,"max_hp_gain":0,"max_hp_loss":0,"event_name":"World of Goop","floor":7,"gold_loss":0},{"damage_healed":0,"gold_gain":0,"player_choice":"Opened","damage_taken":0,"relics_obtained":["War Paint"],"max_hp_gain":0,"max_hp_loss":0,"event_name":"The Mausoleum","floor":22,"gold_loss":0,"cards_obtained":["Writhe"]}],"is_beta":false,"boss_relics":[{"not_picked":["Astrolabe","Ectoplasm"],"picked":"hubris:TerracottaHorce"}],"items_purged_floors":[],"is_endless":false,"potions_floor_spawned":[1,4,19],"killed_by":"Slavers","ascension_level":0}