{"gold_per_floor":[14,14,14,24,42,75,25,41,41,72,84,84,109,125,125,222,222,240,94,94,105,5,5,30,48,48,48,48,48,48,77,77,177,177,197,243,37,54,71,98,398,417,444,478,478,498,498,509,509,509,509,509,14,48,48],"floor_reached":56,"playtime":2942,"items_purged":["Strike_R","Strike_R","Defend_R"],"score":1365,"play_id":"3580b43f-ca7d-4074-9a44-06190f64b2a7","local_time":"20190512104242","is_ascension_mode":false,"campfire_choices":[{"data":"Demon Form","floor":12,"key":"SMITH"},{"data":"Disarm","floor":15,"key":"SMITH"},{"floor":23,"key":"REST"},{"data":"Bash","floor":27,"key":"SMITH"},{"data":"Rage","floor":32,"key":"SMITH"},{"floor":41,"key":"DIG"},{"floor":45,"key":"RECALL"},{"floor":49,"key":"DIG"},{"floor":52,"key":"DIG"}],"neow_cost":"NO_GOLD","seed_source_timestamp":1205870884420653,"circlet_count":0,"master_deck":["Defend_R","Defend_R","Bash+1","Clothesline","Iron Wave","Shrug It Off","Rage+1","Twin Strike","Demon Form+1","Sword Boomerang","Disarm+1","Exhume","Battle Trance","Burning Pact+1","Body Slam","Dark Embrace","Warcry+1","Impervious+1","Body Slam+1","Metallicize+1","Flame Barrier+1","Iron Wave+1","True Grit+1","Thunderclap","Iron Wave+1"],"relics":["Burning Blood","Bottled Lightning","Calipers","Unceasing Top","Letter Opener","Velvet Choker","Toxic Egg 2","PreservedInsect","Shuriken","Runic Pyramid","Shovel","Self Forming Clay","Old Coin","Potion Belt","Bronze Scales","Blue Candle","Gremlin Horn","Kunai","Ornamental Fan","Happy Flower"],"potions_floor_usage":[6,16,24,36,55,55,55],"damage_taken":[{"damage":7,"enemies":"2 Louse","floor":1,"turns":3},{"damage":4,"enemies":"Cultist","floor":4,"turns":3},{"damage":0,"enemies":"Small Slimes","floor":5,"turns":3},{"damage":17,"enemies":"3 Sentries","floor":6,"turns":9},{"damage":8,"enemies":"3 Louse","floor":8,"turns":4},{"damage":30,"enemies":"Lagavulin","floor":10,"turns":8},{"damage":4,"enemies":"Looter","floor":11,"turns":4},{"damage":26,"enemies":"3 Sentries","floor":13,"turns":7},{"damage":4,"enemies":"Exordium Wildlife","floor":14,"turns":3},{"damage":21,"enemies":"The Guardian","floor":16,"turns":12},{"damage":17,"enemies":"Shell Parasite","floor":18,"turns":4},{"damage":30,"enemies":"Spheric Guardian","floor":21,"turns":6},{"damage":0,"enemies":"Book of Stabbing","floor":24,"turns":5},{"damage":25,"enemies":"Shelled Parasite and Fungi","floor":25,"turns":4},{"damage":10,"enemies":"Gremlin Leader","floor":31,"turns":6},{"damage":10,"enemies":"Champ","floor":33,"turns":8},{"damage":11,"enemies":"3 Darklings","floor":35,"turns":10},{"damage":25,"enemies":"2 Orb Walkers","floor":36,"turns":5},{"damage":0,"enemies":"3 Shapes","floor":38,"turns":3},{"damage":0,"enemies":"3 Darklings","floor":39,"turns":7},{"damage":0,"enemies":"Giant Head","floor":40,"turns":7},{"damage":0,"enemies":"4 Shapes","floor":42,"turns":5},{"damage":0,"enemies":"Nemesis","floor":44,"turns":5},{"damage":0,"enemies":"Sphere and 2 Shapes","floor":46,"turns":5},{"damage":24,"enemies":"Spire Growth","floor":48,"turns":5},{"damage":19,"enemies":"Time Eater","floor":50,"turns":8},{"damage":16,"enemies":"Shield and Spear","floor":54,"turns":6},{"damage":28,"enemies":"The Heart","floor":55,"turns":9}],"seed_played":"7952411469216095047","potions_obtained":[{"floor":4,"key":"Fire Potion"},{"floor":8,"key":"Fire Potion"},{"floor":13,"key":"SpeedPotion"},{"floor":14,"key":"Ancient Potion"},{"floor":18,"key":"Swift Potion"},{"floor":31,"key":"BloodPotion"},{"floor":40,"key":"SpeedPotion"},{"floor":46,"key":"FearPotion"}],"is_trial":false,"path_per_floor":["M","?","?","M","M","E","?","M","T","E","M","R","E","M","R","B",null,"M","$","?","M","$","R","E","M","T","R","?","?","T","E","R","B",null,"M","?","$","M","M","E","R","M","T","E","R","M","?","M","R","B",null,"R","$","E","B",null],"character_chosen":"IRONCLAD","items_purchased":["Battle Trance","Flame Barrier+1","Kunai","Ornamental Fan"],"campfire_rested":1,"item_purchase_floors":[19,37,53,53],"current_hp_per_floor":[95,95,95,96,96,85,85,83,83,59,61,61,41,43,43,28,96,85,85,66,42,42,72,78,59,59,59,59,59,59,55,55,51,101,96,87,87,93,99,101,101,101,101,101,101,101,101,83,83,70,101,101,101,91,69],"gold":48,"neow_bonus":"TWENTY_PERCENT_HP_BONUS","is_prod":false,"is_daily":false,"chose_seed":false,"campfire_upgraded":4,"win_rate":0,"timestamp":1557654162,"path_taken":["M","?","?","?","M","E","?","M","T","E","M","R","E","M","R","BOSS","M","$","?","M","$","R","E","M","T","R","?","?","?","E","R","BOSS","M","?","$","M","M","E","R","M","T","E","R","M","?","M","R","BOSS","R","$","E","BOSS"],"build_version":"2019-05-07","purchased_purges":3,"victory":true,"max_hp_per_floor":[96,96,96,96,96,96,96,96,96,96,96,96,96,96,96,96,96,96,96,101,101,101,101,101,101,101,101,101,101,101,101,101,101,101,101,101,101,101,101,101,101,101,101,101,101,101,101,101,101,101,101,101,101,101,101],"card_choices":[{"not_picked":["Twin Strike","Cleave"],"picked":"Clothesline","floor":1},{"not_picked":["Havoc","Armaments"],"picked":"Iron Wave","floor":4},{"not_picked":["Clash","Fire Breathing"],"picked":"Shrug It Off","floor":5},{"not_picked":["Cleave","Rupture"],"picked":"Rage","floor":6},{"not_picked":["Warcry","Rage","Heavy Blade"],"picked":"SKIP","floor":8},{"not_picked":["Pommel Strike","Clothesline"],"picked":"Twin Strike","floor":10},{"not_picked":["Heavy Blade","Flex"],"picked":"Demon Form","floor":11},{"not_picked":["Headbutt","Armaments"],"picked":"Sword Boomerang","floor":13},{"not_picked":["Entrench","Wild Strike"],"picked":"Disarm","floor":14},{"not_picked":["Juggernaut","Fiend Fire"],"picked":"Exhume","floor":16},{"not_picked":["Havoc","Infernal Blade","Twin Strike"],"picked":"SKIP","floor":18},{"not_picked":["Dropkick+1","Warcry","Searing Blow+1"],"picked":"SKIP","floor":21},{"not_picked":["Infernal Blade+1","Body Slam"],"picked":"Burning Pact","floor":24},{"not_picked":["Anger","Wild Strike","Perfected Strike"],"picked":"SKIP","floor":25},{"not_picked":["Twin Strike","Anger"],"picked":"Warcry+1","floor":31},{"not_picked":["Juggernaut","Dark Embrace"],"picked":"Impervious+1","floor":33},{"not_picked":["Power Through+1","Sentinel+1"],"picked":"Body Slam+1","floor":35},{"not_picked":["Clothesline+1","Blood for Blood+1"],"picked":"Metallicize+1","floor":36},{"not_picked":["Wild Strike","Carnage+1"],"picked":"Iron Wave+1","floor":38},{"not_picked":["Flex+1","Warcry+1","Wild Strike"],"picked":"SKIP","floor":39},{"not_picked":["Clothesline+1","Burning Pact+1"],"picked":"True Grit+1","floor":40},{"not_picked":["Pommel Strike","Brutality","Evolve"],"picked":"SKIP","floor":42},{"not_picked":["Pommel Strike+1","Evolve+1","Pummel+1"],"picked":"SKIP","floor":44},{"not_picked":["Pummel","Rampage+1","Headbutt"],"picked":"SKIP","floor":46},{"not_picked":["Twin Strike","Wild Strike+1"],"picked":"Iron Wave+1","floor":48},{"not_picked":["Havoc+1","Thunderclap+1","Brutality"],"picked":"SKIP","floor":54}],"player_experience":1377738,"relics_obtained":[{"floor":6,"key":"Bottled Lightning"},{"floor":9,"key":"Calipers"},{"floor":10,"key":"Unceasing Top"},{"floor":13,"key":"Letter Opener"},{"floor":24,"key":"Toxic Egg 2"},{"floor":30,"key":"PreservedInsect"},{"floor":31,"key":"Shuriken"},{"floor":36,"key":"Shovel"},{"floor":40,"key":"Self Forming Clay"},{"floor":41,"key":"Old Coin"},{"floor":43,"key":"Potion Belt"},{"floor":44,"key":"Bronze Scales"},{"floor":49,"key":"Blue Candle"},{"floor":52,"key":"Gremlin Horn"},{"floor":54,"key":"Happy Flower"}],"event_choices":[{"damage_healed":0,"gold_gain":0,"player_choice":"Ignored","damage_taken":0,"max_hp_gain":0,"max_hp_loss":0,"event_name":"Liars Game","floor":2,"gold_loss":0},{"damage_healed":0,"gold_gain":0,"player_choice":"Ignored","damage_taken":0,"max_hp_gain":0,"max_hp_loss":0,"event_name":"WeMeetAgain","floor":3,"gold_loss":0},{"cards_removed":["Strike_R"],"damage_healed":0,"gold_gain":0,"player_choice":"Card Removal","damage_taken":0,"max_hp_gain":0,"max_hp_loss":0,"event_name":"The Cleric","floor":7,"gold_loss":50},{"damage_healed":0,"gold_gain":0,"player_choice":"Shed Blood","damage_taken":24,"max_hp_gain":5,"max_hp_loss":0,"event_name":"Forgotten Altar","floor":20,"gold_loss":0},{"damage_healed":0,"gold_gain":0,"cards_transformed":["Strike_R","Strike_R"],"player_choice":"Became Test Subject","damage_taken":0,"max_hp_gain":0,"max_hp_loss":0,"event_name":"Drug Dealer","floor":28,"gold_loss":0,"cards_obtained":["Body Slam","Dark Embrace"]},{"damage_healed":0,"gold_gain":0,"player_choice":"Ignored","damage_taken":0,"max_hp_gain":0,"max_hp_loss":0,"event_name":"Beggar","floor":29,"gold_loss":0},{"damage_healed":0,"gold_gain":0,"player_choice":"Fight","damage_taken":0,"max_hp_gain":0,"max_hp_loss":0,"event_name":"Mysterious Sphere","floor":36,"gold_loss":0},{"damage_healed":0,"gold_gain":0,"cards_transformed":["Defend_R"],"player_choice":"Transformed","damage_taken":0,"max_hp_gain":0,"max_hp_loss":0,"event_name":"Transmorgrifier","floor":47,"gold_loss":0,"cards_obtained":["Thunderclap"]}],"is_beta":true,"boss_relics":[{"not_picked":["Sozu","Empty Cage"],"picked":"Velvet Choker"},{"not_picked":["Black Star","Lizard Tail"],"picked":"Runic Pyramid"}],"items_purged_floors":[19,22,37],"is_endless":false,"potions_floor_spawned":[4,8,13,14,18,31,35,40,46],"ascension_level":0}