{"gold_per_floor":[112,112,112,54,73,73,98,98,98,127,127,139,169,230,230,304,304,314,329,329,147,166,166,197,77,77,277,296,310,328,339,339,417,417,435,335,388,313,332,332,32,32,32,51,51,68,87,112,112,112,112,112,112,37,66,66],"floor_reached":57,"playtime":2414,"items_purged":["Strike_B+1","Rip and Tear"],"score":2725,"play_id":"0ed0bfe0-d037-4a2f-b0c8-f84006873ae3","local_time":"20190515201125","is_ascension_mode":true,"campfire_choices":[{"data":"Chaos","floor":6.0,"key":"SMITH"},{"data":"Zap","floor":8.0,"key":"SMITH"},{"floor":11.0,"key":"REST"},{"floor":15.0,"key":"REST"},{"floor":23.0,"key":"REST"},{"data":"Fusion","floor":32.0,"key":"SMITH"},{"data":"Defragment","floor":40.0,"key":"SMITH"},{"data":"Capacitor","floor":45.0,"key":"SMITH"},{"floor":49.0,"key":"RECALL"},{"data":"Turbo","floor":53,"key":"SMITH"}],"neow_cost":"NONE","seed_source_timestamp":447758000417688,"circlet_count":0,"master_deck":["AscendersBane","Defend_B","Defend_B","Defend_B+1","Zap+1","Dualcast","Chaos+1","Ball Lightning","Biased Cognition","Fusion+1","Defragment+1","Multi-Cast","Skim","Reinforced Body","Chill","Conserve Battery","Capacitor+1","Double Energy","Heatsinks+1","Coolheaded","Panacea","Turbo+1","Electrodynamics","Coolheaded","Echo Form","Hologram","Coolheaded+1","Coolheaded+1","Defragment","Echo Form","Barrage+1","Capacitor","Double Energy"],"special_seed":0,"relics":["Cracked Core","NeowsBlessing","Bird Faced Urn","Regal Pillow","Centennial Puzzle","Question Card","Unceasing Top","Runic Pyramid","Red Mask","Strawberry","Nuclear Battery","Girya","OrangePellets","Singing Bowl","Oddly Smooth Stone"],"potions_floor_usage":[50,56,56],"damage_taken":[{"damage":0.0,"enemies":"Small Slimes","floor":1.0,"turns":1.0},{"damage":0.0,"enemies":"Jaw Worm","floor":5.0,"turns":1.0},{"damage":0.0,"enemies":"3 Sentries","floor":7.0,"turns":1.0},{"damage":32.0,"enemies":"Gremlin Nob","floor":10.0,"turns":4.0},{"damage":0.0,"enemies":"2 Louse","floor":12.0,"turns":1.0},{"damage":25.0,"enemies":"3 Sentries","floor":13.0,"turns":6.0},{"damage":25.0,"enemies":"3 Sentries","floor":14.0,"turns":7.0},{"damage":32.0,"enemies":"The Guardian","floor":16.0,"turns":9.0},{"damage":26.0,"enemies":"2 Thieves","floor":18.0,"turns":3.0},{"damage":25.0,"enemies":"3 Byrds","floor":19.0,"turns":3.0},{"damage":4.0,"enemies":"Sentry and Sphere","floor":22.0,"turns":4.0},{"damage":39.0,"enemies":"Masked Bandits","floor":24.0,"turns":4.0},{"damage":12.0,"enemies":"Snake Plant","floor":28.0,"turns":5.0},{"damage":0.0,"enemies":"Centurion and Healer","floor":29.0,"turns":5.0},{"damage":3.0,"enemies":"3 Cultists","floor":30.0,"turns":3.0},{"damage":4.0,"enemies":"Snake Plant","floor":31.0,"turns":4.0},{"damage":10.0,"enemies":"Automaton","floor":33.0,"turns":6.0},{"damage":0.0,"enemies":"3 Darklings","floor":35.0,"turns":3.0},{"damage":36.0,"enemies":"2 Orb Walkers","floor":37.0,"turns":4.0},{"damage":3.0,"enemies":"Orb Walker","floor":39.0,"turns":4.0},{"damage":16.0,"enemies":"Writhing Mass","floor":44.0,"turns":5.0},{"damage":1.0,"enemies":"3 Darklings","floor":46.0,"turns":5.0},{"damage":6.0,"enemies":"Sphere and 2 Shapes","floor":47.0,"turns":4.0},{"damage":19.0,"enemies":"Nemesis","floor":48.0,"turns":5.0},{"damage":48,"enemies":"Awakened One","floor":50,"turns":8},{"damage":37,"enemies":"Time Eater","floor":51,"turns":15},{"damage":51,"enemies":"Shield and Spear","floor":55,"turns":7},{"damage":68,"enemies":"The Heart","floor":56,"turns":10}],"seed_played":"681028816396340653","potions_obtained":[{"floor":1.0,"key":"Block Potion"},{"floor":13.0,"key":"SteroidPotion"},{"floor":16.0,"key":"Fire Potion"},{"floor":24.0,"key":"Energy Potion"},{"floor":30.0,"key":"LiquidBronze"},{"floor":37.0,"key":"GamblersBrew"},{"floor":44.0,"key":"SpeedPotion"},{"floor":55,"key":"EssenceOfSteel"}],"is_trial":false,"path_per_floor":["M","?","?","$","M","R","E","R","T","E","R","M","E","?","R","B",null,"M","M","?","$","M","R","?","$","T","?","M","M","M","M","R","B",null,"M","$","?","?","M","R","$","?","T","M","R","M","M","E","R","B","B",null,"R","$","E","B",null],"character_chosen":"DEFECT","items_purchased":["Ball Lightning","Conserve Battery","Capacitor","Coolheaded","Panacea","OrangePellets","Defragment","Capacitor"],"campfire_rested":3,"item_purchase_floors":[4,21,21,25,25,41,41,54],"current_hp_per_floor":[64,43,43,43,43,43,43,43,43,13,49,51,28,5,41,13,57,35,14,14,14,16,52,19,19,26,26,22,30,37,43,43,43,69,78,78,54,54,65,65,65,54,54,50,50,75,78,75,75,43,32,68,68,68,51,7],"gold":66,"neow_bonus":"THREE_ENEMY_KILL","is_prod":false,"is_daily":false,"chose_seed":false,"campfire_upgraded":6,"win_rate":0,"timestamp":1557922285,"path_taken":["M","?","?","?","?","R","E","R","T","E","R","M","E","?","R","BOSS","M","M","?","$","M","R","?","?","T","?","M","?","M","M","R","BOSS","M","$","?","?","?","R","$","?","T","?","R","M","M","E","R","BOSS","BOSS","R","$","E","BOSS"],"build_version":"2019-01-23","purchased_purges":2,"victory":true,"max_hp_per_floor":[71,71,71,71,71,71,71,71,71,71,71,71,71,71,71,71,71,71,71,71,71,71,71,71,71,78,78,78,78,78,78,78,78,78,78,78,78,78,78,78,78,78,78,78,78,78,78,80,80,80,80,80,80,80,80,80],"card_choices":[{"not_picked":["Hello World","Gash"],"picked":"Rip and Tear","floor":1.0},{"not_picked":["Storm","Sweeping Beam","Stack"],"picked":"SKIP","floor":5.0},{"not_picked":["Redo","Gash"],"picked":"Biased Cognition","floor":7.0},{"not_picked":["Blizzard","Genetic Algorithm","Scrape"],"picked":"SKIP","floor":10.0},{"not_picked":["Gash","Beam Cell"],"picked":"Fusion","floor":12.0},{"not_picked":["Go for the Eyes","Steam","Barrage"],"picked":"SKIP","floor":13.0},{"not_picked":["Scrape","Stack","Ball Lightning"],"picked":"Defragment","floor":14.0},{"not_picked":["Machine Learning","Amplify","Meteor Strike"],"picked":"Multi-Cast","floor":16.0},{"not_picked":["Heatsinks","Cold Snap","Leap+1"],"picked":"Skim","floor":18.0},{"not_picked":["Streamline","Leap","Steam","Gash"],"picked":"SKIP","floor":19.0},{"not_picked":["Genetic Algorithm","Barrage","Scrape"],"picked":"Double Energy","floor":22.0},{"not_picked":["Streamline","Beam Cell","Compile Driver"],"picked":"Heatsinks+1","floor":24.0},{"not_picked":["Genetic Algorithm","Rebound","Capacitor"],"picked":"Turbo","floor":28.0},{"not_picked":["Leap","White Noise","Conserve Battery"],"picked":"Electrodynamics","floor":29.0},{"not_picked":["Sweeping Beam","Chaos+1","Cold Snap"],"picked":"Coolheaded","floor":30.0},{"not_picked":["Cold Snap","Rebound","Barrage","Hello World"],"picked":"SKIP","floor":31.0},{"not_picked":["Thunder Strike","All For One","Creative AI"],"picked":"Echo Form","floor":33.0},{"not_picked":["Coolheaded","Stack","Chaos+1"],"picked":"Hologram","floor":35.0},{"not_picked":["Rebound+1","Melter","Static Discharge"],"picked":"Coolheaded+1","floor":37.0},{"not_picked":["Melter","Gash","Go for the Eyes"],"picked":"Coolheaded+1","floor":39.0},{"not_picked":["Steam","Conserve Battery+1","Ball Lightning"],"picked":"Echo Form","floor":44.0},{"not_picked":["Conserve Battery","Go for the Eyes","Sweeping Beam"],"picked":"Barrage+1","floor":46.0},{"not_picked":["Rebound","Heatsinks","Steam+1","Sweeping Beam"],"picked":"SKIP","floor":47.0},{"not_picked":["Darkness","Heatsinks+1","Streamline","Barrage+1"],"picked":"Singing Bowl","floor":48.0},{"not_picked":["Ball Lightning","Amplify","Leap+1"],"picked":"Double Energy","floor":55}],"player_experience":1701652,"relics_obtained":[{"floor":7.0,"key":"Bird Faced Urn"},{"floor":9.0,"key":"Regal Pillow"},{"floor":10.0,"key":"Centennial Puzzle"},{"floor":13.0,"key":"Question Card"},{"floor":14.0,"key":"Unceasing Top"},{"floor":24.0,"key":"Red Mask"},{"floor":26.0,"key":"Strawberry"},{"floor":37.0,"key":"Girya"},{"floor":48.0,"key":"Singing Bowl"},{"floor":55,"key":"Oddly Smooth Stone"}],"event_choices":[{"damage_healed":0.0,"max_hp_gain":0.0,"max_hp_loss":0.0,"gold_gain":0.0,"event_name":"Shining Light","player_choice":"Entered Light","floor":2.0,"gold_loss":0.0,"damage_taken":21.0,"cards_upgraded":["Strike_B","Defend_B"]},{"damage_healed":0.0,"max_hp_gain":0.0,"max_hp_loss":0.0,"gold_gain":0.0,"cards_transformed":["Strike_B"],"event_name":"Living Wall","player_choice":"Change","floor":3.0,"gold_loss":0.0,"damage_taken":0.0,"cards_obtained":["Chaos"]},{"damage_healed":0.0,"max_hp_gain":0.0,"max_hp_loss":0.0,"gold_gain":0.0,"event_name":"Dead Adventurer","player_choice":"Searched \u00271\u0027 times","floor":14.0,"gold_loss":0.0,"damage_taken":0.0},{"damage_healed":0.0,"max_hp_gain":0.0,"max_hp_loss":0.0,"gold_gain":0.0,"cards_transformed":["Strike_B","Strike_B"],"event_name":"Drug Dealer","player_choice":"Became Test Subject","floor":20.0,"gold_loss":0.0,"damage_taken":0.0,"cards_obtained":["Reinforced Body","Chill"]},{"damage_healed":0.0,"max_hp_gain":0.0,"max_hp_loss":0.0,"gold_gain":0.0,"event_name":"Masked Bandits","player_choice":"Fought Bandits","floor":24.0,"gold_loss":0.0,"damage_taken":0.0},{"damage_healed":0.0,"max_hp_gain":0.0,"max_hp_loss":0.0,"gold_gain":250.0,"event_name":"The Joust","player_choice":"Bet on Owner","floor":27.0,"gold_loss":50.0,"damage_taken":0.0},{"damage_healed":0.0,"max_hp_gain":0.0,"max_hp_loss":0.0,"gold_gain":0.0,"event_name":"Mysterious Sphere","player_choice":"Fight","floor":37.0,"gold_loss":0.0,"damage_taken":0.0},{"cards_removed":["Defend_B"],"damage_healed":0.0,"max_hp_gain":0.0,"max_hp_loss":0.0,"gold_gain":0.0,"event_name":"Designer","player_choice":"Single Remove","floor":38.0,"gold_loss":75.0,"damage_taken":0.0},{"damage_healed":0.0,"max_hp_gain":0.0,"max_hp_loss":0.0,"gold_gain":0.0,"event_name":"Wheel of Change","player_choice":"Damaged","floor":42.0,"gold_loss":0.0,"damage_taken":11.0}],"is_beta":false,"boss_relics":[{"not_picked":["Velvet Choker","Philosopher\u0027s Stone"],"picked":"Runic Pyramid"},{"not_picked":["Lizard Tail","Snecko Eye"],"picked":"Nuclear Battery"}],"items_purged_floors":[21,36],"is_endless":false,"potions_floor_spawned":[1,13,16,24,28,30,33,35,37,44,46,55],"ascension_level":20}