{"gold_per_floor":[118,136,155,155,230,263,263,321,321,346,346,346,357,22,22,127,127,141,168,183,183,200,200,228,228,228,248,266,181,181,77,77,77],"floor_reached":33,"playtime":1336,"items_purged":[],"score":416,"play_id":"5c0f63d8-adfc-40db-b573-36795092d67b","local_time":"20190130172657","is_ascension_mode":true,"campfire_choices":[{"floor":7,"key":"REST"},{"data":"Havoc","floor":11,"key":"SMITH"},{"data":"Armaments","floor":15,"key":"SMITH"},{"floor":23,"key":"RECALL"},{"floor":25,"key":"REST"},{"floor":30,"key":"REST"},{"floor":32,"key":"REST"}],"neow_cost":"NONE","seed_source_timestamp":59352358476717,"circlet_count":0,"master_deck":["Strike_R","Strike_R","Strike_R","Strike_R","Defend_R","Defend_R","Defend_R","Defend_R","Bash+1","Dropkick","Power Through","Anger","Dropkick","Clash","Havoc+1","Armaments+1","Armaments+1","Intimidate+1","Demon Form","Bloodletting+1","Inflame+1","Thunderclap","Dropkick+1","Seeing Red+1","Havoc+1","True Grit+1","Entrench+1"],"relics":["Burning Blood","Oddly Smooth Stone","Mercury Hourglass","Tiny Chest","Ancient Tea Set","Toxic Egg 2","Fusion Hammer","Blood Vial","Singing Bowl","Mummified Hand","Vajra"],"potions_floor_usage":[6,8,8,13,20,24,24,27,28,33],"damage_taken":[{"damage":0,"enemies":"Small Slimes","floor":1,"turns":3},{"damage":2,"enemies":"Jaw Worm","floor":2,"turns":3},{"damage":1,"enemies":"Cultist","floor":3,"turns":3},{"damage":40,"enemies":"3 Sentries","floor":6,"turns":14},{"damage":4,"enemies":"Lagavulin","floor":8,"turns":4},{"damage":0,"enemies":"Gremlin Nob","floor":10,"turns":3},{"damage":0,"enemies":"Looter","floor":13,"turns":2},{"damage":35,"enemies":"Hexaghost","floor":16,"turns":10},{"damage":6,"enemies":"Shell Parasite","floor":18,"turns":5},{"damage":0,"enemies":"3 Byrds","floor":20,"turns":4},{"damage":6,"enemies":"Centurion and Healer","floor":22,"turns":6},{"damage":77,"enemies":"Gremlin Leader","floor":24,"turns":10},{"damage":18,"enemies":"Sentry and Sphere","floor":27,"turns":4},{"damage":29,"enemies":"Snake Plant","floor":28,"turns":5},{"damage":79,"enemies":"Collector","floor":33,"turns":5}],"seed_played":"4191557583815476695","potions_obtained":[{"floor":1,"key":"Poison Potion"},{"floor":2,"key":"Energy Potion"},{"floor":3,"key":"Dexterity Potion"},{"floor":8,"key":"Fire Potion"},{"floor":18,"key":"Explosive Potion"},{"floor":21,"key":"Poison Potion"},{"floor":21,"key":"SteroidPotion"},{"floor":21,"key":"Weak Potion"},{"floor":27,"key":"Regen Potion"},{"floor":28,"key":"FearPotion"}],"is_trial":false,"path_per_floor":["M","M","M","?","?","E","R","E","T","E","R","?","M","$","R","B",null,"M","T","M","?","M","R","E","R","T","M","M","?","R","$","R","B"],"character_chosen":"IRONCLAD","items_purchased":["Toxic Egg 2","Armaments+1","Intimidate+1","True Grit+1","Entrench+1"],"campfire_rested":4,"item_purchase_floors":[14,14,14,31,31],"current_hp_per_floor":[78,80,80,73,62,28,52,54,54,60,60,60,66,66,66,37,69,69,69,77,77,79,79,9,33,33,23,16,16,40,40,64,0],"gold":77,"neow_bonus":"UPGRADE_CARD","is_prod":false,"is_daily":false,"chose_seed":false,"campfire_upgraded":2,"win_rate":0,"timestamp":1548880017,"path_taken":["M","M","M","?","?","E","R","E","T","E","R","?","M","$","R","BOSS","M","?","M","?","?","R","E","R","T","M","M","?","R","$","R","BOSS"],"build_version":"2019-01-23","purchased_purges":0,"victory":false,"max_hp_per_floor":[80,80,80,80,80,80,80,80,80,80,80,80,80,80,80,80,80,80,80,80,80,80,80,80,80,80,80,80,80,80,80,80,80],"card_choices":[{"not_picked":["Wild Strike","Searing Blow"],"picked":"Dropkick","floor":1},{"not_picked":["Clothesline","Ghostly Armor"],"picked":"Power Through","floor":2},{"not_picked":["Body Slam","Fire Breathing"],"picked":"Anger","floor":3},{"not_picked":["Clothesline","Rampage"],"picked":"Dropkick","floor":6},{"not_picked":["Sentinel","Exhume"],"picked":"Clash","floor":8},{"not_picked":["Entrench","Fire Breathing"],"picked":"Havoc","floor":10},{"not_picked":["Disarm","Warcry"],"picked":"Armaments","floor":13},{"not_picked":["Feed","Immolate"],"picked":"Demon Form","floor":16},{"not_picked":["Wild Strike","Uppercut"],"picked":"Bloodletting+1","floor":18},{"not_picked":["Pummel+1","Combust"],"picked":"Inflame+1","floor":20},{"not_picked":["Uppercut","Clash"],"picked":"Thunderclap","floor":22},{"not_picked":["Dark Embrace","Fire Breathing"],"picked":"Dropkick+1","floor":24},{"not_picked":["Clash","Intimidate+1"],"picked":"Seeing Red+1","floor":27},{"not_picked":["Headbutt","Blood for Blood"],"picked":"Havoc+1","floor":28}],"player_experience":685727,"relics_obtained":[{"floor":6,"key":"Mercury Hourglass"},{"floor":8,"key":"Tiny Chest"},{"floor":10,"key":"Ancient Tea Set"},{"floor":19,"key":"Blood Vial"},{"floor":24,"key":"Singing Bowl"},{"floor":26,"key":"Mummified Hand"}],"event_choices":[{"damage_healed":0,"gold_gain":0,"player_choice":"Success","damage_taken":7,"relics_obtained":["Oddly Smooth Stone"],"max_hp_gain":0,"max_hp_loss":0,"event_name":"Scrap Ooze","floor":4,"gold_loss":0},{"damage_healed":0,"gold_gain":75,"player_choice":"Gather Gold","damage_taken":11,"max_hp_gain":0,"max_hp_loss":0,"event_name":"World of Goop","floor":5,"gold_loss":0},{"cards_removed":["Strike_R"],"damage_healed":0,"gold_gain":0,"player_choice":"Purged","damage_taken":0,"max_hp_gain":0,"max_hp_loss":0,"event_name":"Purifier","floor":12,"gold_loss":0},{"damage_healed":0,"gold_gain":0,"player_choice":"Got Potions","damage_taken":0,"max_hp_gain":0,"max_hp_loss":0,"event_name":"Lab","floor":21,"gold_loss":0},{"damage_healed":0,"gold_gain":0,"player_choice":"Obtained Relic","damage_taken":0,"relics_obtained":["Vajra"],"max_hp_gain":0,"max_hp_loss":0,"event_name":"Addict","floor":29,"gold_loss":85}],"is_beta":false,"boss_relics":[{"not_picked":["White Beast Statue","Empty Cage"],"picked":"Fusion Hammer"}],"items_purged_floors":[],"is_endless":false,"potions_floor_spawned":[1,2,3,8,18,27,28],"killed_by":"Collector","ascension_level":7}