{"path_per_floor":["M","?","?","M","$","R","M","E","T","E","?","M","M","?","R","B",null,"M","?","M","$","?","R","M","M","T","R","M","T","R","M","R"],"character_chosen":"DEFECT","items_purchased":["BootSequence","Panache","Sweeping Beam"],"gold_per_floor":[113,113,113,133,47,47,63,89,89,118,118,135,153,153,153,258,258,276,276,294,33,33,33,44,56,82,82,100,100,100,117,117,117],"floor_reached":33,"campfire_rested":6,"playtime":1615,"item_purchase_floors":[5,21,21],"current_hp_per_floor":[71,56,38,38,38,60,60,31,31,4,4,4,5,5,27,16,75,40,24,26,26,26,48,44,32,32,54,33,33,55,36,58,0],"items_purged":["Doubt"],"gold":117,"score":296,"play_id":"c3468e23-e894-40f4-aec7-9f6a314c57b7","local_time":"20180606040502","is_prod":false,"is_daily":false,"chose_seed":false,"is_ascension_mode":true,"campfire_upgraded":0,"win_rate":0,"timestamp":1528268702,"campfire_choices":[{"floor":6,"key":"REST"},{"floor":15,"key":"REST"},{"floor":23,"key":"REST"},{"floor":27,"key":"REST"},{"floor":30,"key":"REST"},{"floor":32,"key":"REST"}],"path_taken":["M","?","?","?","$","R","M","E","T","E","?","M","M","?","R","BOSS","M","?","M","?","?","R","M","?","T","R","M","?","R","M","R","BOSS"],"build_version":"2018-05-31","seed_source_timestamp":111723831999931,"purchased_purges":1,"victory":false,"master_deck":["Strike_B","Strike_B","Strike_B+1","Strike_B","Defend_B","Defend_B","Defend_B","Defend_B","Zap","Dualcast","Darkness+1","Steam","BootSequence","Sweeping Beam","Go for the Eyes+1","White Noise","Go for the Eyes","Loop","Rainbow","Tempest","Rebound+1","Panache","Sweeping Beam+1","Darkness+1","Rip and Tear","Storm+1","Ball Lightning+1","Heatsinks"],"max_hp_per_floor":[75,75,75,75,75,75,75,75,75,75,75,75,75,75,75,75,75,75,75,75,75,75,75,75,75,75,75,75,75,75,75,75,75],"relics":["Cracked Core","Ice Cream","Smiling Mask","Blood Vial","Lantern","Art of War","Black Star","Enchiridion","Whetstone","Molten Egg 2"],"card_choices":[{"not_picked":["Ball Lightning","Gash"],"picked":"Darkness","floor":1},{"not_picked":["Static Discharge","Skim"],"picked":"Steam","floor":4},{"not_picked":["Beam Cell","All For One"],"picked":"Sweeping Beam","floor":7},{"not_picked":["Rebound","Conserve Battery"],"picked":"Go for the Eyes","floor":8},{"not_picked":["Barrage","Creative AI"],"picked":"White Noise","floor":10},{"not_picked":["Coolheaded","Rip and Tear"],"picked":"Go for the Eyes","floor":12},{"not_picked":["Compile Driver","Leap"],"picked":"Loop","floor":13},{"not_picked":["All For One","Buffer"],"picked":"Rainbow","floor":16},{"not_picked":["Compile Driver","Capacitor"],"picked":"Tempest","floor":18},{"not_picked":["Beam Cell","Scrape+1"],"picked":"Rebound+1","floor":20},{"not_picked":["Beam Cell","Compile Driver"],"picked":"Rip and Tear","floor":24},{"not_picked":["Conserve Battery","Go for the Eyes"],"picked":"Storm+1","floor":25},{"not_picked":["Blizzard+1","Melter+1"],"picked":"Ball Lightning+1","floor":28},{"not_picked":["Conserve Battery","Steam"],"picked":"Heatsinks","floor":31}],"player_experience":289629,"potions_floor_usage":[13,16,20,25,33],"damage_taken":[{"damage":4,"enemies":"2 Louse","floor":1,"turns":3},{"damage":0,"enemies":"Cultist","floor":4,"turns":3},{"damage":0,"enemies":"Jaw Worm","floor":7,"turns":3},{"damage":29,"enemies":"3 Sentries","floor":8,"turns":6},{"damage":29,"enemies":"Gremlin Nob","floor":10,"turns":4},{"damage":2,"enemies":"Blue Slaver","floor":12,"turns":3},{"damage":1,"enemies":"Exordium Thugs","floor":13,"turns":4},{"damage":13,"enemies":"Hexaghost","floor":16,"turns":8},{"damage":35,"enemies":"Chosen","floor":18,"turns":5},{"damage":0,"enemies":"Spheric Guardian","floor":20,"turns":3},{"damage":6,"enemies":"Cultist and Chosen","floor":24,"turns":5},{"damage":14,"enemies":"Snecko","floor":25,"turns":6},{"damage":23,"enemies":"3 Cultists","floor":28,"turns":4},{"damage":21,"enemies":"Chosen and Byrds","floor":31,"turns":5},{"damage":68,"enemies":"Collector","floor":33,"turns":5}],"relics_obtained":[{"floor":8,"key":"Blood Vial"},{"floor":9,"key":"Lantern"},{"floor":10,"key":"Art of War"},{"floor":19,"key":"Enchiridion"},{"floor":26,"key":"Whetstone"},{"floor":29,"key":"Molten Egg 2"}],"event_choices":[{"event_name":"Shining Light","player_choice":"Entered Light","floor":2,"damage_taken":0},{"event_name":"Scrap Ooze","player_choice":"success","floor":3,"damage_taken":18},{"event_name":"Golden Idol","player_choice":"Ignored","floor":11,"damage_taken":0},{"event_name":"Golden Wing","player_choice":"Ignored","floor":14,"damage_taken":0},{"event_name":"Cursed Tome","player_choice":"Obtained Book","floor":19,"damage_taken":0},{"event_name":"Duplicator","player_choice":"One dupe","floor":22,"damage_taken":0}],"boss_relics":[{"not_picked":["Snecko Eye","Lizard Tail"],"picked":"Black Star"}],"items_purged_floors":[5],"potions_floor_spawned":[8,10,12,24,25,31],"seed_played":"-2370389385087968082","killed_by":"Collector","ascension_level":3,"potions_obtained":[{"floor":8,"key":"Energy Potion"},{"floor":10,"key":"SpeedPotion"},{"floor":12,"key":"Strength Potion"},{"floor":24,"key":"SkillPotion"},{"floor":25,"key":"SteroidPotion"},{"floor":31,"key":"Explosive Potion"}],"is_trial":false}