{"gold_per_floor":[109,55,55,130,155,155,188,201,201,222,222,253,253,287,287,287],"floor_reached":16,"playtime":484,"items_purged":[],"score":186,"play_id":"c779986d-f598-4206-9145-31e83d9d76c4","local_time":"20190503151953","is_ascension_mode":true,"campfire_choices":[{"data":"Infernal Blade","floor":6.0,"key":"SMITH"},{"data":"Body Slam","floor":11.0,"key":"SMITH"},{"data":"Feed","floor":15,"key":"SMITH"}],"neow_cost":"NONE","seed_source_timestamp":0,"circlet_count":0,"master_deck":["Strike_R","Strike_R","Strike_R","Strike_R","Strike_R","Defend_R","Defend_R","Defend_R","Defend_R","Bash","Armaments","Shrug It Off","Infernal Blade+1","Shrug It Off","Twin Strike","Body Slam+1","Feed+1","Flex"],"special_seed":0,"relics":["Burning Blood","NeowsBlessing","Golden Idol","Shuriken","Darkstone Periapt","Boot","Bag of Marbles"],"potions_floor_usage":[14],"damage_taken":[{"damage":0.0,"enemies":"Small Slimes","floor":1.0,"turns":1.0},{"damage":0.0,"enemies":"2 Louse","floor":5.0,"turns":1.0},{"damage":0.0,"enemies":"Gremlin Nob","floor":7.0,"turns":1.0},{"damage":0.0,"enemies":"Cultist","floor":8.0,"turns":3.0},{"damage":11.0,"enemies":"Exordium Thugs","floor":10.0,"turns":5.0},{"damage":22.0,"enemies":"3 Sentries","floor":12.0,"turns":7.0},{"damage":31,"enemies":"Gremlin Nob","floor":14,"turns":5},{"damage":41,"enemies":"Slime Boss","floor":16,"turns":9}],"seed_played":"-3435139736987073451","potions_obtained":[{"floor":5.0,"key":"Block Potion"},{"floor":10.0,"key":"Swift Potion"},{"floor":14,"key":"GamblersBrew"}],"is_trial":false,"path_per_floor":["M","$","?","?","M","R","E","M","T","M","R","E","?","E","R","B"],"character_chosen":"IRONCLAD","items_purchased":["Shrug It Off"],"campfire_rested":0,"item_purchase_floors":[2],"current_hp_per_floor":[78,78,74,63,69,69,74,74,74,69,69,53,58,36,36,0],"gold":287,"neow_bonus":"THREE_ENEMY_KILL","is_prod":false,"is_daily":false,"chose_seed":false,"campfire_upgraded":3,"win_rate":0,"timestamp":1556911193,"path_taken":["M","$","?","?","M","R","E","M","T","M","R","E","?","E","R","BOSS"],"build_version":"2019-01-23","purchased_purges":0,"victory":false,"max_hp_per_floor":[80,80,74,74,74,74,74,74,74,74,74,74,79,82,82,86],"card_choices":[{"not_picked":["Entrench","Anger"],"picked":"Armaments","floor":1.0},{"not_picked":["Perfected Strike","Headbutt"],"picked":"Infernal Blade","floor":5.0},{"not_picked":["Pommel Strike","Shockwave"],"picked":"Shrug It Off","floor":7.0},{"not_picked":["Intimidate","Uppercut"],"picked":"Twin Strike","floor":8.0},{"not_picked":["Blood for Blood","Wild Strike"],"picked":"Body Slam","floor":10.0},{"not_picked":["Thunderclap","Rage"],"picked":"Feed","floor":12.0},{"not_picked":["Burning Pact","Dual Wield"],"picked":"Flex","floor":14}],"player_experience":142782,"relics_obtained":[{"floor":7.0,"key":"Shuriken"},{"floor":9.0,"key":"Darkstone Periapt"},{"floor":12.0,"key":"Boot"},{"floor":14,"key":"Bag of Marbles"}],"event_choices":[{"damage_healed":0.0,"max_hp_gain":0.0,"max_hp_loss":6.0,"gold_gain":0.0,"event_name":"Golden Idol","player_choice":"Lose Max HP","floor":3.0,"gold_loss":0.0,"damage_taken":0.0,"relics_obtained":["Golden Idol"]},{"damage_healed":0.0,"max_hp_gain":0.0,"max_hp_loss":0.0,"gold_gain":75.0,"event_name":"World of Goop","player_choice":"Gather Gold","floor":4.0,"gold_loss":0.0,"damage_taken":11.0},{"damage_healed":0.0,"max_hp_gain":5.0,"max_hp_loss":0.0,"gold_gain":0.0,"event_name":"Big Fish","player_choice":"Donut","floor":13.0,"gold_loss":0.0,"damage_taken":0.0}],"is_beta":false,"boss_relics":[],"items_purged_floors":[],"is_endless":false,"potions_floor_spawned":[5,10,14],"killed_by":"Slime Boss","ascension_level":6}