{"gold_per_floor":[118,118,136,154,174,210,238,271,271,284,284,298,322,358,358,481,481,481,60,60,60,60,60,60,60,60,60,60,60,60,60,60,60,60,60,60,60,60,60,60,60,60,60,60,60,60,21,21,21,21],"floor_reached":51,"playtime":3589,"items_purged":["Strike_R"],"score":796,"play_id":"954c7f44-045f-475a-add0-5c5676957bea","local_time":"20190514122146","is_ascension_mode":false,"campfire_choices":[{"data":"Uppercut","floor":15,"key":"SMITH"},{"data":"Disarm","floor":23,"key":"SMITH"},{"data":"Inflame","floor":25,"key":"SMITH"},{"data":"Clothesline","floor":29,"key":"SMITH"},{"data":"Flame Barrier","floor":32,"key":"SMITH"},{"floor":41,"key":"REST"},{"data":"Dual Wield","floor":49,"key":"SMITH"}],"neow_cost":"TEN_PERCENT_HP_LOSS","seed_source_timestamp":888725041266000,"circlet_count":0,"master_deck":["Strike_R","Strike_R","Strike_R","Strike_R","Defend_R","Defend_R","Defend_R","Defend_R","Bash","Clothesline+1","Headbutt","Flame Barrier+1","Cleave","Spot Weakness","Uppercut+1","Anger","Impervious","True Grit+1","Disarm+1","Inflame+1","True Grit+1","Exhume","Shrug It Off","Juggernaut","Dual Wield+1","Disarm+1","Parasite","Cleave+1","Battle Trance+1","Dual Wield+1","Doubt","Shockwave","Headbutt"],"relics":["Burning Blood","Du-Vu Doll","Golden Idol","Singing Bowl","Odd Mushroom","Anchor","Art of War","Mummified Hand","Ectoplasm","Lantern","Red Mask","Turnip","Orichalcum","Ice Cream","Runic Dome","Juzu Bracelet","Mango","Prayer Wheel"],"potions_floor_usage":[8,14,14,40,40,45,50,50],"damage_taken":[{"damage":0,"enemies":"2 Louse","floor":1,"turns":3},{"damage":0,"enemies":"Small Slimes","floor":3,"turns":3},{"damage":0,"enemies":"Cultist","floor":4,"turns":3},{"damage":4,"enemies":"Gremlin Gang","floor":5,"turns":8},{"damage":32,"enemies":"Gremlin Nob","floor":6,"turns":5},{"damage":11,"enemies":"The Mushroom Lair","floor":7,"turns":4},{"damage":18,"enemies":"3 Sentries","floor":8,"turns":5},{"damage":3,"enemies":"Exordium Wildlife","floor":10,"turns":5},{"damage":0,"enemies":"Blue Slaver","floor":12,"turns":4},{"damage":0,"enemies":"Lots of Slimes","floor":13,"turns":2},{"damage":14,"enemies":"Gremlin Nob","floor":14,"turns":3},{"damage":34,"enemies":"Hexaghost","floor":16,"turns":8},{"damage":0,"enemies":"3 Byrds","floor":18,"turns":4},{"damage":41,"enemies":"Masked Bandits","floor":20,"turns":7},{"damage":17,"enemies":"Spheric Guardian","floor":22,"turns":4},{"damage":15,"enemies":"Slavers","floor":24,"turns":6},{"damage":0,"enemies":"Shelled Parasite and Fungi","floor":27,"turns":7},{"damage":12,"enemies":"Sentry and Sphere","floor":28,"turns":6},{"damage":3,"enemies":"Snake Plant","floor":30,"turns":4},{"damage":0,"enemies":"Book of Stabbing","floor":31,"turns":6},{"damage":6,"enemies":"Champ","floor":33,"turns":14},{"damage":6,"enemies":"3 Darklings","floor":35,"turns":5},{"damage":0,"enemies":"3 Shapes","floor":36,"turns":5},{"damage":34,"enemies":"3 Darklings","floor":39,"turns":6},{"damage":37,"enemies":"Giant Head","floor":40,"turns":8},{"damage":0,"enemies":"Writhing Mass","floor":42,"turns":6},{"damage":23,"enemies":"Transient","floor":44,"turns":5},{"damage":41,"enemies":"Reptomancer","floor":45,"turns":6},{"damage":4,"enemies":"Maw","floor":48,"turns":7},{"damage":49,"enemies":"Time Eater","floor":50,"turns":14}],"seed_played":"2367391310543091332","potions_obtained":[{"floor":4,"key":"Poison Potion"},{"floor":5,"key":"Poison Potion"},{"floor":6,"key":"LiquidBronze"},{"floor":22,"key":"SteroidPotion"},{"floor":24,"key":"GamblersBrew"},{"floor":31,"key":"Swift Potion"},{"floor":42,"key":"BloodPotion"},{"floor":44,"key":"Swift Potion"}],"is_trial":false,"path_per_floor":["M","?","M","M","M","E","?","E","T","M","?","M","M","E","R","B",null,"M","$","?","?","M","R","E","R","T","M","M","R","M","E","R","B",null,"M","M","$","?","M","E","R","M","T","M","E","?","$","M","R","B",null],"character_chosen":"IRONCLAD","items_purchased":["Disarm","Lantern","Inflame","Regen Potion","Shockwave"],"campfire_rested":1,"item_purchase_floors":[19,19,19,19,47],"current_hp_per_floor":[72,54,60,66,68,44,39,27,27,32,32,40,46,38,38,10,78,78,78,45,80,71,71,62,62,62,68,64,64,67,75,75,75,86,88,88,88,80,54,23,50,56,70,53,18,104,104,106,106,82],"gold":21,"neow_bonus":"ONE_RARE_RELIC","is_prod":false,"is_daily":false,"chose_seed":false,"campfire_upgraded":6,"win_rate":1,"timestamp":1557861706,"path_taken":["M","?","M","M","M","E","?","E","T","M","?","M","M","E","R","BOSS","M","$","?","?","?","R","E","R","T","M","M","R","M","E","R","BOSS","M","?","$","?","M","E","R","M","T","M","E","?","$","M","R","BOSS"],"build_version":"2019-01-23","purchased_purges":1,"victory":true,"max_hp_per_floor":[72,72,72,72,72,74,74,74,74,76,76,78,78,78,78,78,78,78,78,80,80,82,82,82,82,82,82,84,84,84,86,86,86,86,88,88,88,88,90,90,90,90,104,104,104,104,104,106,106,106],"card_choices":[{"not_picked":["Flex","Shrug It Off"],"picked":"Clothesline","floor":1},{"not_picked":["Havoc","Dropkick"],"picked":"Headbutt","floor":3},{"not_picked":["Dual Wield","Clash"],"picked":"Flame Barrier","floor":4},{"not_picked":["Wild Strike","Heavy Blade"],"picked":"Cleave","floor":5},{"not_picked":["Reckless Charge","Thunderclap","Warcry"],"picked":"Singing Bowl","floor":6},{"not_picked":["Sentinel","Sword Boomerang"],"picked":"Spot Weakness","floor":7},{"not_picked":["Perfected Strike","True Grit"],"picked":"Feel No Pain","floor":8},{"not_picked":["Headbutt","Sentinel","Body Slam"],"picked":"Singing Bowl","floor":10},{"not_picked":["Body Slam","Burning Pact","Clash"],"picked":"Singing Bowl","floor":12},{"not_picked":["Cleave","Warcry"],"picked":"Uppercut","floor":13},{"not_picked":["Flex","Burning Pact"],"picked":"Anger","floor":14},{"not_picked":["Barricade","Fiend Fire"],"picked":"Impervious","floor":16},{"not_picked":["Thunderclap","Battle Trance"],"picked":"True Grit+1","floor":18},{"not_picked":["Cleave","Sever Soul+1","Pummel+1"],"picked":"Singing Bowl","floor":20},{"not_picked":["Seeing Red","Iron Wave","Cleave"],"picked":"Singing Bowl","floor":22},{"not_picked":["Cleave","Perfected Strike+1"],"picked":"True Grit+1","floor":24},{"not_picked":["Shrug It Off+1","Pommel Strike"],"picked":"Exhume","floor":27},{"not_picked":["Burning Pact","Iron Wave","Warcry"],"picked":"Singing Bowl","floor":28},{"not_picked":["Pommel Strike","Second Wind"],"picked":"Shrug It Off","floor":30},{"not_picked":["Sever Soul","Burning Pact","Intimidate"],"picked":"Singing Bowl","floor":31},{"not_picked":["Reaper","Fiend Fire"],"picked":"Juggernaut","floor":33},{"not_picked":["Havoc","Power Through","Heavy Blade+1"],"picked":"Singing Bowl","floor":35},{"not_picked":["Uppercut","Entrench+1"],"picked":"Dual Wield","floor":36},{"not_picked":["Havoc","Thunderclap","Warcry+1"],"picked":"Singing Bowl","floor":39},{"not_picked":["Dark Embrace","Ghostly Armor"],"picked":"Disarm+1","floor":40},{"not_picked":["Clash","Sword Boomerang"],"picked":"Cleave+1","floor":42},{"not_picked":["Warcry+1","Shrug It Off+1"],"picked":"Battle Trance+1","floor":44},{"not_picked":["Clothesline","Shockwave"],"picked":"Dual Wield+1","floor":45},{"not_picked":["Body Slam+1","Seeing Red","Cleave"],"picked":"Singing Bowl","floor":48},{"not_picked":["Uppercut+1","Body Slam"],"picked":"Headbutt","floor":48}],"player_experience":782064,"relics_obtained":[{"floor":6,"key":"Singing Bowl"},{"floor":7,"key":"Odd Mushroom"},{"floor":8,"key":"Anchor"},{"floor":9,"key":"Art of War"},{"floor":14,"key":"Mummified Hand"},{"floor":20,"key":"Red Mask"},{"floor":24,"key":"Turnip"},{"floor":26,"key":"Orichalcum"},{"floor":31,"key":"Ice Cream"},{"floor":40,"key":"Juzu Bracelet"},{"floor":43,"key":"Mango"},{"floor":45,"key":"Prayer Wheel"}],"event_choices":[{"damage_healed":0,"gold_gain":0,"player_choice":"Take Damage","damage_taken":18,"relics_obtained":["Golden Idol"],"max_hp_gain":0,"max_hp_loss":0,"event_name":"Golden Idol","floor":2,"gold_loss":0},{"damage_healed":0,"gold_gain":0,"player_choice":"Fought Mushrooms","damage_taken":0,"max_hp_gain":0,"max_hp_loss":0,"event_name":"Mushrooms","floor":7,"gold_loss":0},{"damage_healed":0,"gold_gain":0,"player_choice":"Ignored","damage_taken":0,"max_hp_gain":0,"max_hp_loss":0,"event_name":"Shining Light","floor":11,"gold_loss":0},{"damage_healed":0,"gold_gain":0,"player_choice":"Fought Bandits","damage_taken":0,"max_hp_gain":0,"max_hp_loss":0,"event_name":"Masked Bandits","floor":20,"gold_loss":0},{"cards_removed":["Feel No Pain"],"damage_healed":35,"gold_gain":0,"player_choice":"Offered Uncommon","damage_taken":0,"max_hp_gain":0,"max_hp_loss":0,"event_name":"Bonfire Elementals","floor":21,"gold_loss":0},{"damage_healed":0,"gold_gain":75,"player_choice":"Touch","damage_taken":8,"max_hp_gain":0,"max_hp_loss":0,"event_name":"FaceTrader","floor":38,"gold_loss":0},{"damage_healed":86,"gold_gain":0,"player_choice":"Heal","damage_taken":0,"max_hp_gain":0,"max_hp_loss":0,"event_name":"MindBloom","floor":46,"gold_loss":0,"cards_obtained":["Doubt"]}],"is_beta":false,"boss_relics":[{"not_picked":["Eternal Feather","Runic Pyramid"],"picked":"Ectoplasm"},{"not_picked":["Pandora\u0027s Box","Philosopher\u0027s Stone"],"picked":"Runic Dome"}],"items_purged_floors":[19],"is_endless":false,"potions_floor_spawned":[4,5,6,7,22,24,31,35,36,42,44],"ascension_level":0}