{"gold_per_floor":[110,130,130,93,104,104,129,148,196,196,212,169,185,196,196,297,297,252,252,212,81,81,81,81,81,81,81,55,55,55,55,55,55,55,55,55,30,30,30,30,30,30,30,30,30],"floor_reached":45,"playtime":1495,"items_purged":[],"score":711,"play_id":"d6bdd410-f882-4b5c-a52b-fc2d16e7a94f","local_time":"20190124135824","is_ascension_mode":true,"campfire_choices":[{"data":"Demon Form","floor":6,"key":"SMITH"},{"data":"Demon Form","floor":10,"key":"SMITH"},{"floor":15,"key":"REST"},{"floor":23,"key":"REST"},{"floor":27,"key":"REST"},{"floor":29,"key":"REST"},{"data":"Madness","floor":32,"key":"SMITH"},{"data":"Havoc","floor":40,"key":"SMITH"},{"floor":44,"key":"REST"}],"neow_cost":"NONE","seed_source_timestamp":143046151668860,"circlet_count":0,"master_deck":["Strike_R+1","Strike_R+1","Strike_R+1","Strike_R+1","Strike_R+1","Defend_R+1","Defend_R+1","Defend_R+1","Defend_R+1","Bash+1","Demon Form+1","Intimidate+1","Demon Form+1","Bash+1","Carnage+1","Cleave+1","Cleave+1","Whirlwind+1","Rage+1","Shrug It Off+1","Thunderclap+1","Immolate+1","Battle Trance+1","Metallicize+1","Heavy Blade+1","Madness+1","Ghostly Armor+1","Headbutt+1","Armaments+1","Infernal Blade+1","Limit Break+1","Entrench+1","Havoc+1","Seeing Red+1","Whirlwind+1"],"relics":["Burning Blood","Self Forming Clay","Anchor","Ectoplasm","MawBank","Pocketwatch","Ancient Tea Set","Mark of Pain","Mark of the Bloom","Centennial Puzzle"],"potions_floor_usage":[11,11,25,25,33,42,42],"damage_taken":[{"damage":1,"enemies":"Cultist","floor":1,"turns":3},{"damage":14,"enemies":"Jaw Worm","floor":2,"turns":3},{"damage":14,"enemies":"2 Louse","floor":5,"turns":2},{"damage":18,"enemies":"Gremlin Nob","floor":7,"turns":4},{"damage":15,"enemies":"Exordium Wildlife","floor":8,"turns":5},{"damage":4,"enemies":"Exordium Thugs","floor":11,"turns":3},{"damage":8,"enemies":"Blue Slaver","floor":13,"turns":3},{"damage":0,"enemies":"Lots of Slimes","floor":14,"turns":2},{"damage":43,"enemies":"The Guardian","floor":16,"turns":8},{"damage":11,"enemies":"2 Thieves","floor":18,"turns":3},{"damage":19,"enemies":"Spheric Guardian","floor":19,"turns":4},{"damage":49,"enemies":"Book of Stabbing","floor":24,"turns":6},{"damage":14,"enemies":"Snecko","floor":25,"turns":5},{"damage":0,"enemies":"Gremlin Leader","floor":30,"turns":5},{"damage":12,"enemies":"Sentry and Sphere","floor":31,"turns":4},{"damage":33,"enemies":"Champ","floor":33,"turns":9},{"damage":0,"enemies":"3 Darklings","floor":35,"turns":3},{"damage":0,"enemies":"Orb Walker","floor":38,"turns":2},{"damage":15,"enemies":"3 Darklings","floor":39,"turns":5},{"damage":36,"enemies":"Nemesis","floor":42,"turns":7},{"damage":33,"enemies":"Maw","floor":45,"turns":4}],"seed_played":"-5047144037063064453","potions_obtained":[{"floor":1,"key":"LiquidBronze"},{"floor":7,"key":"Energy Potion"},{"floor":8,"key":"EssenceOfSteel"},{"floor":11,"key":"GamblersBrew"},{"floor":14,"key":"Ancient Potion"},{"floor":24,"key":"Dexterity Potion"},{"floor":25,"key":"Block Potion"},{"floor":35,"key":"GamblersBrew"},{"floor":39,"key":"Poison Potion"}],"is_trial":false,"path_per_floor":["M","M","?","$","M","R","E","M","T","R","M","?","M","M","R","B",null,"M","M","?","$","?","R","E","M","T","R","$","R","E","M","R","B",null,"M","?","$","M","M","R","?","E","T","R","M"],"character_chosen":"IRONCLAD","items_purchased":["Carnage","Heavy Blade","Madness","Headbutt","Havoc"],"campfire_rested":5,"item_purchase_floors":[4,21,21,28,37],"current_hp_per_floor":[77,69,69,69,61,61,49,40,40,40,42,42,40,46,70,33,68,63,50,50,50,50,74,31,23,23,47,47,71,77,71,71,44,71,77,77,77,77,62,62,62,26,26,26,0],"gold":30,"neow_bonus":"ONE_RANDOM_RARE_CARD","is_prod":false,"is_daily":false,"chose_seed":false,"campfire_upgraded":4,"win_rate":0,"timestamp":1548349104,"path_taken":["M","?","?","$","?","R","E","M","T","R","M","?","M","M","R","BOSS","M","M","?","?","?","R","E","?","T","R","?","R","E","M","R","BOSS","M","?","$","M","M","R","?","E","T","R","M"],"build_version":"2019-01-23","purchased_purges":0,"victory":false,"max_hp_per_floor":[80,80,80,80,80,80,80,80,80,80,80,80,80,80,80,80,80,80,80,80,80,80,80,80,80,80,80,80,80,80,80,80,80,80,80,80,80,80,80,80,80,80,80,80,80],"card_choices":[{"not_picked":["Searing Blow","Sentinel","Hemokinesis"],"picked":"SKIP","floor":1},{"not_picked":["Wild Strike","Reckless Charge"],"picked":"Intimidate","floor":2},{"not_picked":["Headbutt","Burning Pact"],"picked":"Cleave","floor":5},{"not_picked":["Dropkick","Clothesline"],"picked":"Cleave","floor":7},{"not_picked":["Iron Wave","True Grit"],"picked":"Whirlwind","floor":8},{"not_picked":["Flex","Inflame"],"picked":"Rage","floor":11},{"not_picked":["Body Slam","Iron Wave"],"picked":"Shrug It Off","floor":13},{"not_picked":["Heavy Blade","Corruption"],"picked":"Thunderclap","floor":14},{"not_picked":["Dark Embrace","Juggernaut"],"picked":"Immolate","floor":16},{"not_picked":["Infernal Blade","Sword Boomerang+1"],"picked":"Battle Trance","floor":18},{"not_picked":["Headbutt","Clash"],"picked":"Metallicize","floor":19},{"not_picked":["Reckless Charge","Uppercut"],"picked":"Bloodletting+1","floor":24},{"not_picked":["Sever Soul+1","Shockwave+1"],"picked":"Ghostly Armor","floor":25},{"not_picked":["True Grit","Heavy Blade"],"picked":"Armaments+1","floor":30},{"not_picked":["Dropkick","Sword Boomerang"],"picked":"Infernal Blade","floor":31},{"not_picked":["Demon Form","Brutality"],"picked":"Limit Break","floor":33},{"not_picked":["Wild Strike","Perfected Strike+1"],"picked":"Entrench","floor":35},{"not_picked":["Thunderclap","Twin Strike","Sever Soul"],"picked":"SKIP","floor":38},{"not_picked":["Flex+1","Anger"],"picked":"Seeing Red+1","floor":39},{"not_picked":["Uppercut+1","Searing Blow+1"],"picked":"Whirlwind+1","floor":42}],"player_experience":672571,"relics_obtained":[{"floor":7,"key":"Self Forming Clay"},{"floor":9,"key":"Anchor"},{"floor":24,"key":"MawBank"},{"floor":26,"key":"Pocketwatch"},{"floor":30,"key":"Ancient Tea Set"},{"floor":42,"key":"Centennial Puzzle"}],"event_choices":[{"damage_healed":0,"gold_gain":0,"player_choice":"2 cards matched","damage_taken":0,"max_hp_gain":0,"max_hp_loss":0,"event_name":"Match and Keep!","floor":3,"gold_loss":0,"cards_obtained":["Demon Form","Bash"]},{"damage_healed":0,"gold_gain":0,"player_choice":"Left Gold","damage_taken":0,"max_hp_gain":0,"max_hp_loss":0,"event_name":"World of Goop","floor":12,"gold_loss":43},{"damage_healed":0,"gold_gain":0,"player_choice":"Upgrade","damage_taken":0,"max_hp_gain":0,"max_hp_loss":0,"event_name":"Designer","floor":20,"gold_loss":40,"cards_upgraded":["Metallicize"]},{"damage_healed":0,"gold_gain":0,"player_choice":"Ignored","damage_taken":0,"max_hp_gain":0,"max_hp_loss":0,"event_name":"Beggar","floor":22,"gold_loss":0},{"damage_healed":0,"gold_gain":0,"player_choice":"Upgrade","damage_taken":0,"relics_obtained":["Mark of the Bloom"],"max_hp_gain":0,"max_hp_loss":0,"event_name":"MindBloom","floor":36,"gold_loss":0,"cards_upgraded":["Strike_R","Strike_R","Strike_R","Strike_R","Strike_R","Defend_R","Defend_R","Defend_R","Defend_R","Bash","Intimidate","Bash","Carnage","Cleave","Cleave","Whirlwind","Rage","Shrug It Off","Thunderclap","Immolate","Battle Trance","Heavy Blade","Ghostly Armor","Headbutt","Infernal Blade","Limit Break","Entrench"]},{"cards_removed":["Bloodletting"],"damage_healed":0,"gold_gain":0,"player_choice":"Removed Skill","damage_taken":0,"max_hp_gain":0,"max_hp_loss":0,"event_name":"Falling","floor":41,"gold_loss":0}],"is_beta":false,"boss_relics":[{"not_picked":["Black Star","White Beast Statue"],"picked":"Ectoplasm"},{"not_picked":["Astrolabe","Runic Cube"],"picked":"Mark of Pain"}],"items_purged_floors":[],"is_endless":false,"potions_floor_spawned":[1,7,8,11,14,24,25,35,39],"killed_by":"Maw","ascension_level":7}