{"gold_per_floor":[112,129,140,140,160,189,208,66,111,128,128,141,141,168,168,267,267,280,379,394,494,514,514,546,563,590,620,620,635,665,678,678,782,782,802,1077,383,394,394,426,426,461,461,480,506,506,506,519,519,519,519,519,58,90,90],"floor_reached":56,"playtime":3735,"items_purged":["Regret","Strike_G"],"score":1488,"play_id":"f1908fb5-2763-4c60-a74b-45b27160665a","local_time":"20190514005158","is_ascension_mode":true,"campfire_choices":[{"data":"Noxious Fumes","floor":11,"key":"SMITH"},{"data":"A Thousand Cuts","floor":13,"key":"SMITH"},{"data":"Neutralize","floor":15,"key":"SMITH"},{"data":"Sucker Punch","floor":23,"key":"SMITH"},{"floor":28,"key":"REST"},{"data":"Terror","floor":32,"key":"SMITH"},{"floor":41,"key":"RECALL"},{"data":"Blur","floor":47,"key":"SMITH"},{"data":"Survivor","floor":49,"key":"SMITH"},{"data":"Backflip","floor":52,"key":"SMITH"}],"neow_cost":"NONE","seed_source_timestamp":878089904442189,"circlet_count":0,"master_deck":["Defend_G+1","Defend_G+1","Defend_G","Defend_G","Defend_G","Strike_G","Strike_G","Strike_G","Survivor+1","Neutralize+1","PiercingWail","Predator+1","Masterful Stab","Sucker Punch+1","Dash+1","Heel Hook","Noxious Fumes+1","Blur+1","Terror+1","A Thousand Cuts+1","PiercingWail","Backflip+1","Leg Sweep+1","Escape Plan","Acrobatics","Well Laid Plans","Dash+1","Deflect+1","Corpse Explosion+1","Cloak And Dagger+1","Concentrate+1","Distraction+1","Madness+1","Madness+1","Leg Sweep+1","Backflip+1","Deflect+1","Deadly Poison+1","Discovery+1","Finesse+1","Jack Of All Trades+1","Mayhem","Cloak And Dagger+1","Prepared+1","Deflect+1"],"relics":["Sozu","Mercury Hourglass","Snake Skull","Letter Opener","Black Star","Lantern","Whetstone","Ornamental Fan","Smiling Mask","Toxic Egg 2","Blood Vial","Runic Pyramid","Gambling Chip","Ninja Scroll","Orichalcum","Matryoshka","Incense Burner","Darkstone Periapt","Strawberry","Sundial","PreservedInsect","Singing Bowl","Vajra","Boot","War Paint"],"potions_floor_usage":[],"damage_taken":[{"damage":0,"enemies":"Cultist","floor":1,"turns":4},{"damage":0,"enemies":"Small Slimes","floor":2,"turns":3},{"damage":0,"enemies":"Jaw Worm","floor":3,"turns":3},{"damage":3,"enemies":"Lots of Slimes","floor":5,"turns":3},{"damage":16,"enemies":"Lagavulin","floor":6,"turns":9},{"damage":0,"enemies":"Gremlin Gang","floor":7,"turns":3},{"damage":0,"enemies":"Large Slime","floor":10,"turns":4},{"damage":0,"enemies":"3 Louse","floor":12,"turns":2},{"damage":5,"enemies":"3 Sentries","floor":14,"turns":4},{"damage":5,"enemies":"Hexaghost","floor":16,"turns":8},{"damage":0,"enemies":"3 Byrds","floor":18,"turns":3},{"damage":4,"enemies":"Shell Parasite","floor":20,"turns":6},{"damage":0,"enemies":"Cultist and Chosen","floor":22,"turns":7},{"damage":18,"enemies":"Slavers","floor":24,"turns":5},{"damage":1,"enemies":"Snake Plant","floor":25,"turns":5},{"damage":2,"enemies":"Book of Stabbing","floor":27,"turns":6},{"damage":0,"enemies":"Centurion and Healer","floor":29,"turns":5},{"damage":9,"enemies":"Gremlin Leader","floor":30,"turns":6},{"damage":8,"enemies":"Sentry and Sphere","floor":31,"turns":5},{"damage":4,"enemies":"Collector","floor":33,"turns":9},{"damage":0,"enemies":"Orb Walker","floor":35,"turns":3},{"damage":0,"enemies":"3 Darklings","floor":38,"turns":4},{"damage":4,"enemies":"Giant Head","floor":40,"turns":7},{"damage":0,"enemies":"Reptomancer","floor":42,"turns":5},{"damage":0,"enemies":"Maw","floor":44,"turns":6},{"damage":2,"enemies":"Giant Head","floor":45,"turns":10},{"damage":0,"enemies":"Spire Growth","floor":48,"turns":4},{"damage":0,"enemies":"Awakened One","floor":50,"turns":15},{"damage":13,"enemies":"Shield and Spear","floor":54,"turns":7},{"damage":25,"enemies":"The Heart","floor":55,"turns":11}],"seed_played":"7708059385056347905","potions_obtained":[],"is_trial":false,"path_per_floor":["M","M","M","?","M","E","M","$","T","M","R","M","R","E","R","B",null,"M","?","M","?","M","R","E","M","T","E","R","M","E","M","R","B",null,"M","?","$","M","?","E","R","E","T","M","E","?","R","M","R","B",null,"R","$","E","B",null],"character_chosen":"THE_SILENT","items_purchased":["Noxious Fumes","Blur","Gambling Chip","Ninja Scroll","Concentrate+1","Mayhem","Cloak And Dagger+1","Prepared+1","Vajra"],"campfire_rested":1,"item_purchase_floors":[8,8,37,37,37,53,53,53,53],"current_hp_per_floor":[70,70,70,70,67,51,51,51,51,51,51,51,51,46,46,41,70,70,70,66,66,66,66,48,47,47,45,66,66,57,51,51,49,70,70,70,70,70,61,59,59,61,68,70,70,60,60,64,64,66,79,79,79,66,43],"gold":90,"neow_bonus":"BOSS_RELIC","is_prod":false,"is_daily":false,"chose_seed":false,"campfire_upgraded":8,"win_rate":0,"timestamp":1557809518,"path_taken":["M","?","M","?","?","E","M","$","T","M","R","M","R","E","R","BOSS","M","?","M","?","?","R","E","M","T","E","R","?","E","M","R","BOSS","M","?","$","?","?","E","R","E","T","M","E","?","R","M","R","BOSS","R","$","E","BOSS"],"build_version":"2019-05-07","purchased_purges":2,"victory":true,"max_hp_per_floor":[70,70,70,70,70,70,70,70,70,70,70,70,70,70,70,70,70,70,70,70,70,70,70,70,70,70,70,70,70,70,70,70,70,70,70,70,70,70,70,70,70,70,77,77,77,77,77,79,79,79,79,79,79,79,79],"card_choices":[{"not_picked":["Underhanded Strike","Slice"],"picked":"PiercingWail","floor":1},{"not_picked":["Sucker Punch","Cloak And Dagger"],"picked":"Predator","floor":2},{"not_picked":["Terror","Tactician"],"picked":"Masterful Stab","floor":3},{"not_picked":["Flying Knee","Tactician"],"picked":"Sucker Punch","floor":5},{"not_picked":["Bane","Catalyst"],"picked":"Dash","floor":6},{"not_picked":["Flechettes","Blade Dance"],"picked":"Heel Hook","floor":7},{"not_picked":["Flying Knee","Backstab"],"picked":"Terror","floor":10},{"not_picked":["Cloak And Dagger","Blur"],"picked":"A Thousand Cuts","floor":12},{"not_picked":["Outmaneuver","Prepared"],"picked":"PiercingWail","floor":14},{"not_picked":["Dodge and Roll","Dagger Spray"],"picked":"Backflip","floor":18},{"not_picked":["Blade Dance","Reflex+1","Venomology"],"picked":"SKIP","floor":20},{"not_picked":["Poisoned Stab","Dagger Throw"],"picked":"Leg Sweep+1","floor":22},{"not_picked":["Bane","Backstab"],"picked":"Escape Plan","floor":24},{"not_picked":["Dagger Throw","Prepared","Flechettes"],"picked":"SKIP","floor":25},{"not_picked":["Dodge and Roll","Underhanded Strike"],"picked":"Acrobatics","floor":27},{"not_picked":["Phantasmal Killer","Reflex"],"picked":"Well Laid Plans","floor":29},{"not_picked":["Caltrops+1","Backstab"],"picked":"Dash+1","floor":30},{"not_picked":["Underhanded Strike+1","Blade Dance+1"],"picked":"Deflect+1","floor":31},{"not_picked":["Envenom","Die Die Die"],"picked":"Corpse Explosion+1","floor":33},{"not_picked":["Dagger Throw","Flying Knee+1"],"picked":"Cloak And Dagger+1","floor":35},{"not_picked":["Acrobatics+1","Deadly Poison+1"],"picked":"Distraction+1","floor":38},{"not_picked":["All Out Attack","Slice"],"picked":"Leg Sweep+1","floor":40},{"not_picked":["Bouncing Flask+1","Well Laid Plans"],"picked":"Backflip+1","floor":42},{"not_picked":["Eviscerate+1","Dagger Throw+1"],"picked":"Deflect+1","floor":44},{"not_picked":["Backstab","Flying Knee"],"picked":"Deadly Poison+1","floor":45},{"not_picked":["Trip+1","The Bomb+1"],"picked":"Discovery+1","floor":46},{"not_picked":["Master of Strategy+1","Flash of Steel"],"picked":"Finesse+1","floor":46},{"not_picked":["Violence+1","Dramatic Entrance"],"picked":"Jack Of All Trades+1","floor":46},{"not_picked":["Endless Agony+1","Quick Slash+1","Reflex+1"],"picked":"Singing Bowl","floor":48},{"not_picked":["Bane","Backflip+1"],"picked":"Deflect+1","floor":54}],"player_experience":5748613,"relics_obtained":[{"floor":6,"key":"Mercury Hourglass"},{"floor":9,"key":"Snake Skull"},{"floor":14,"key":"Letter Opener"},{"floor":24,"key":"Lantern"},{"floor":24,"key":"Whetstone"},{"floor":27,"key":"Ornamental Fan"},{"floor":27,"key":"Smiling Mask"},{"floor":30,"key":"Toxic Egg 2"},{"floor":30,"key":"Blood Vial"},{"floor":40,"key":"Orichalcum"},{"floor":40,"key":"Matryoshka"},{"floor":42,"key":"Incense Burner"},{"floor":42,"key":"Darkstone Periapt"},{"floor":43,"key":"Strawberry"},{"floor":43,"key":"Sundial"},{"floor":45,"key":"PreservedInsect"},{"floor":45,"key":"Singing Bowl"},{"floor":54,"key":"Boot"},{"floor":54,"key":"War Paint"}],"event_choices":[{"cards_removed":["Strike_G"],"damage_healed":0,"gold_gain":0,"player_choice":"Purged","damage_taken":0,"max_hp_gain":0,"max_hp_loss":0,"event_name":"Purifier","floor":4,"gold_loss":0},{"damage_healed":0,"gold_gain":99,"player_choice":"Stole From Cult","damage_taken":0,"max_hp_gain":0,"max_hp_loss":0,"event_name":"Nest","floor":19,"gold_loss":0},{"damage_healed":0,"gold_gain":100,"player_choice":"Pray","damage_taken":0,"max_hp_gain":0,"max_hp_loss":0,"event_name":"Golden Shrine","floor":21,"gold_loss":0},{"damage_healed":0,"gold_gain":275,"player_choice":"Desecrate","damage_taken":0,"max_hp_gain":0,"max_hp_loss":0,"event_name":"Golden Shrine","floor":36,"gold_loss":0,"cards_obtained":["Regret"]},{"damage_healed":0,"gold_gain":0,"player_choice":"Embrace Madness","damage_taken":9,"max_hp_gain":0,"max_hp_loss":0,"event_name":"Winding Halls","floor":39,"gold_loss":0,"cards_obtained":["Madness","Madness"]},{"damage_healed":0,"gold_gain":0,"player_choice":"Memory 3","damage_taken":10,"max_hp_gain":0,"max_hp_loss":0,"event_name":"SensoryStone","floor":46,"gold_loss":0}],"is_beta":true,"boss_relics":[{"not_picked":["Tiny House","White Beast Statue"],"picked":"Black Star"},{"not_picked":["Pandora\u0027s Box","Lizard Tail"],"picked":"Runic Pyramid"}],"items_purged_floors":[37,53],"is_endless":false,"potions_floor_spawned":[2,5,10,14,20,24,30,33,35,38,42,48,54],"ascension_level":1}