{"gold_per_floor":[117,117,117,192,78,78,113,113,113,127,127,77,77,91,91,191,191,203,103,117,144,144,144,163,163,163,163,179,179,179,179,179,276,276,290,18,30,49,66,66,77,77,124,141,141,60,90,101,101,101],"floor_reached":51,"playtime":3957,"items_purged":["Strike_G","Strike_G","Defend_G"],"score":908,"play_id":"820c399b-e8c0-4d6f-805b-459a0937b5cf","local_time":"20190515193219","is_ascension_mode":true,"campfire_choices":[{"data":"Dodge and Roll","floor":6,"key":"SMITH"},{"data":"Deadly Poison","floor":8,"key":"SMITH"},{"data":"Survivor","floor":11,"key":"SMITH"},{"floor":13,"key":"REST"},{"data":"Crippling Poison","floor":15,"key":"SMITH"},{"floor":23,"key":"REST"},{"data":"Noxious Fumes","floor":25,"key":"SMITH"},{"floor":27,"key":"REST"},{"data":"Bouncing Flask","floor":32,"key":"SMITH"},{"floor":40,"key":"REST"},{"floor":42,"key":"REST"},{"data":"Poisoned Stab","floor":45,"key":"SMITH"},{"floor":49,"key":"REST"}],"neow_cost":"NONE","seed_source_timestamp":66968686110091,"circlet_count":0,"master_deck":["Defend_G+1","Defend_G","Defend_G+1","Strike_G+1","Survivor+1","Neutralize+1","Dodge and Roll+1","Well Laid Plans","Deadly Poison+1","Crippling Poison+1","Burst+1","Bouncing Flask+1","Cloak And Dagger+1","Noxious Fumes+1","Backflip+1","Poisoned Stab+1","Flechettes","Backstab+1","Blur+1","Footwork"],"relics":["Ring of the Snake","NeowsBlessing","Ancient Tea Set","Incense Burner","Velvet Choker","Red Mask","Dream Catcher","Toxic Egg 2","Lizard Tail","Boot","War Paint","Omamori"],"potions_floor_usage":[16,28,33,33,39,50,50,50],"damage_taken":[{"damage":0,"enemies":"2 Louse","floor":1,"turns":1},{"damage":0,"enemies":"3 Sentries","floor":7,"turns":1},{"damage":0,"enemies":"Small Slimes","floor":10,"turns":1},{"damage":0,"enemies":"Jaw Worm","floor":14,"turns":3},{"damage":54,"enemies":"Slime Boss","floor":16,"turns":18},{"damage":0,"enemies":"3 Byrds","floor":18,"turns":5},{"damage":0,"enemies":"Shell Parasite","floor":20,"turns":4},{"damage":35,"enemies":"Masked Bandits","floor":21,"turns":5},{"damage":5,"enemies":"Shelled Parasite and Fungi","floor":24,"turns":4},{"damage":8,"enemies":"Centurion and Healer","floor":28,"turns":5},{"damage":46,"enemies":"Automaton","floor":33,"turns":11},{"damage":26,"enemies":"3 Darklings","floor":35,"turns":5},{"damage":0,"enemies":"Orb Walker","floor":37,"turns":3},{"damage":19,"enemies":"Spire Growth","floor":38,"turns":5},{"damage":6,"enemies":"3 Darklings","floor":39,"turns":4},{"damage":5,"enemies":"Sphere and 2 Shapes","floor":41,"turns":4},{"damage":4,"enemies":"Writhing Mass","floor":44,"turns":5},{"damage":0,"enemies":"Nemesis","floor":47,"turns":7},{"damage":3,"enemies":"3 Darklings","floor":48,"turns":4},{"damage":32,"enemies":"Awakened One","floor":50,"turns":16}],"seed_played":"-8292326033885494605","potions_obtained":[{"floor":1,"key":"Strength Potion"},{"floor":18,"key":"SkillPotion"},{"floor":20,"key":"Fire Potion"},{"floor":24,"key":"Block Potion"},{"floor":38,"key":"Regen Potion"},{"floor":39,"key":"Fire Potion"},{"floor":47,"key":"Energy Potion"},{"floor":48,"key":"SteroidPotion"}],"is_trial":false,"path_per_floor":["M","?","?","?","$","R","E","R","T","M","R","?","R","M","R","B",null,"M","$","M","?","T","R","M","R","T","R","M","?","?","?","R","B",null,"M","$","M","M","M","R","M","R","T","M","R","$","E","M","R","B",null],"character_chosen":"THE_SILENT","items_purchased":["Well Laid Plans","Boot","Footwork"],"campfire_rested":6,"item_purchase_floors":[5,36,46],"current_hp_per_floor":[70,56,70,59,59,59,59,59,59,59,59,59,70,70,70,16,70,70,70,70,35,35,56,51,51,51,70,62,62,62,62,62,16,70,44,44,44,25,31,52,47,68,68,64,64,64,64,61,70,38],"gold":101,"neow_bonus":"THREE_ENEMY_KILL","is_prod":false,"is_daily":false,"chose_seed":false,"campfire_upgraded":7,"win_rate":0,"timestamp":1557966739,"path_taken":["M","?","?","?","$","R","E","R","T","M","R","?","R","M","R","BOSS","M","$","M","?","?","R","M","R","T","R","M","?","?","?","R","BOSS","M","$","M","?","M","R","M","R","T","M","R","$","E","M","R","BOSS"],"build_version":"2019-01-23","purchased_purges":3,"victory":true,"max_hp_per_floor":[70,70,70,70,70,70,70,70,70,70,70,70,70,70,70,70,70,70,70,70,70,70,70,70,70,70,70,70,70,70,70,70,70,70,70,70,70,70,70,70,70,70,70,70,70,70,70,70,70,70],"card_choices":[{"not_picked":["Riddle With Holes","Sucker Punch"],"picked":"Dodge and Roll","floor":1},{"not_picked":["Blur","Burst"],"picked":"Deadly Poison","floor":7},{"not_picked":["Skewer","Riddle With Holes","Quick Slash"],"picked":"SKIP","floor":10},{"not_picked":["Reflex","Flying Knee"],"picked":"Crippling Poison","floor":14},{"not_picked":["Wraith Form v2","Storm of Steel"],"picked":"Burst","floor":16},{"not_picked":["Outmaneuver","Flechettes"],"picked":"Bouncing Flask","floor":18},{"not_picked":["Sucker Punch","Crippling Poison+1","Backflip"],"picked":"SKIP","floor":20},{"not_picked":["Dodge and Roll","Dagger Spray+1"],"picked":"Cloak And Dagger+1","floor":21},{"not_picked":["All Out Attack+1","Footwork"],"picked":"Noxious Fumes","floor":23},{"not_picked":["Dodge and Roll","Storm of Steel","Dagger Throw"],"picked":"SKIP","floor":24},{"not_picked":["Dagger Spray","Flying Knee+1"],"picked":"Backflip+1","floor":28},{"not_picked":["Dagger Spray+1","Quick Slash+1","Bane+1"],"picked":"SKIP","floor":35},{"not_picked":["Quick Slash","Dagger Spray+1","Footwork"],"picked":"SKIP","floor":37},{"not_picked":["Underhanded Strike+1","Deadly Poison+1","Dagger Spray"],"picked":"SKIP","floor":38},{"not_picked":["Backflip+1","Dagger Throw","Riddle With Holes+1"],"picked":"SKIP","floor":39},{"not_picked":["Flying Knee+1","Acrobatics+1"],"picked":"Backstab+1","floor":40},{"not_picked":["Venomology+1","Backflip+1"],"picked":"Blur+1","floor":41},{"not_picked":["Underhanded Strike","Concentrate+1","Slice+1"],"picked":"SKIP","floor":44},{"not_picked":["Outmaneuver+1","Dagger Throw","Distraction+1"],"picked":"SKIP","floor":47},{"not_picked":["Predator","Backflip+1","Leg Sweep+1"],"picked":"SKIP","floor":48}],"player_experience":527433,"relics_obtained":[{"floor":7,"key":"Ancient Tea Set"},{"floor":9,"key":"Incense Burner"},{"floor":21,"key":"Red Mask"},{"floor":22,"key":"Dream Catcher"},{"floor":26,"key":"Toxic Egg 2"},{"floor":43,"key":"War Paint"},{"floor":47,"key":"Omamori"}],"event_choices":[{"damage_healed":0,"gold_gain":0,"player_choice":"Entered Light","damage_taken":14,"max_hp_gain":0,"max_hp_loss":0,"event_name":"Shining Light","floor":2,"gold_loss":0,"cards_upgraded":["Neutralize","Strike_G"]},{"damage_healed":23,"gold_gain":0,"player_choice":"Banana","damage_taken":0,"max_hp_gain":0,"max_hp_loss":0,"event_name":"Big Fish","floor":3,"gold_loss":0},{"damage_healed":0,"gold_gain":75,"player_choice":"Gather Gold","damage_taken":11,"max_hp_gain":0,"max_hp_loss":0,"event_name":"World of Goop","floor":4,"gold_loss":0},{"cards_removed":["Strike_G"],"damage_healed":0,"gold_gain":0,"player_choice":"Card Removal","damage_taken":0,"max_hp_gain":0,"max_hp_loss":0,"event_name":"The Cleric","floor":12,"gold_loss":50},{"damage_healed":0,"gold_gain":0,"player_choice":"Fought Bandits","damage_taken":0,"max_hp_gain":0,"max_hp_loss":0,"event_name":"Masked Bandits","floor":21,"gold_loss":0},{"damage_healed":0,"gold_gain":0,"cards_transformed":["Strike_G","Defend_G"],"player_choice":"Became Test Subject","damage_taken":0,"max_hp_gain":0,"max_hp_loss":0,"event_name":"Drug Dealer","floor":29,"gold_loss":0,"cards_obtained":["Poisoned Stab","Flechettes"]},{"damage_healed":0,"gold_gain":0,"player_choice":"Ignored","damage_taken":0,"max_hp_gain":0,"max_hp_loss":0,"event_name":"Cursed Tome","floor":30,"gold_loss":0},{"damage_healed":0,"gold_gain":0,"player_choice":"Upgraded","damage_taken":0,"max_hp_gain":0,"max_hp_loss":0,"event_name":"Upgrade Shrine","floor":31,"gold_loss":0,"cards_upgraded":["Burst"]}],"is_beta":false,"boss_relics":[{"not_picked":["WristBlade","White Beast Statue"],"picked":"Velvet Choker"},{"not_picked":["Sozu","Snecko Eye"],"picked":"Lizard Tail"}],"items_purged_floors":[5,19,36],"is_endless":false,"potions_floor_spawned":[1,18,20,24,38,39,47,48],"ascension_level":4}