{"gold_per_floor":[117,128,128,128,140,174,174,207,207,207,207,207,240,251,251,330,330,300,317,330,347,5,5],"floor_reached":23,"playtime":1590,"items_purged":["Strike_G"],"score":422,"play_id":"b1f091ce-c6d6-4afc-8268-35b26f454fc6","local_time":"20181110111902","is_ascension_mode":true,"campfire_choices":[{"data":"Noxious Fumes","floor":7,"key":"SMITH"},{"data":"Predator","floor":12,"key":"SMITH"},{"data":"Strike_G","floor":15,"key":"PURGE"}],"neow_cost":"NONE","seed_source_timestamp":1134264156868463,"circlet_count":0,"master_deck":["AscendersBane","Defend_G","Defend_G","Defend_G","Defend_G","Defend_G","Strike_G","Strike_G","Strike_G","Survivor","Neutralize+1","Flying Knee","Noxious Fumes+1","Dagger Throw","Caltrops","Predator+1","PiercingWail","Noxious Fumes","PiercingWail","Caltrops","Cloak And Dagger"],"relics":["Ring of the Snake","Peace Pipe","Pear","Paper Crane","Meat on the Bone","Blue Candle","Fusion Hammer","Kunai"],"potions_floor_usage":[8,14,20,23],"damage_taken":[{"damage":0,"enemies":"2 Louse","floor":1,"turns":4},{"damage":0,"enemies":"Jaw Worm","floor":2,"turns":6},{"damage":0,"enemies":"Cultist","floor":5,"turns":4},{"damage":21,"enemies":"Lagavulin","floor":6,"turns":8},{"damage":29,"enemies":"3 Sentries","floor":8,"turns":6},{"damage":9,"enemies":"Lagavulin","floor":13,"turns":7},{"damage":1,"enemies":"Lots of Slimes","floor":14,"turns":5},{"damage":17,"enemies":"Hexaghost","floor":16,"turns":10},{"damage":9,"enemies":"2 Thieves","floor":18,"turns":4},{"damage":12,"enemies":"Spheric Guardian","floor":19,"turns":6},{"damage":27,"enemies":"Cultist and Chosen","floor":20,"turns":8},{"damage":22,"enemies":"Snecko","floor":21,"turns":6},{"damage":25,"enemies":"Slavers","floor":23,"turns":2}],"seed_played":"3330279140073181848","potions_obtained":[{"floor":5,"key":"Regen Potion"},{"floor":8,"key":"Fire Potion"},{"floor":13,"key":"Energy Potion"},{"floor":21,"key":"Block Potion"}],"is_trial":false,"path_per_floor":["M","M","?","?","M","E","R","E","T","T","?","R","E","M","R","B",null,"M","M","M","M","$","E"],"character_chosen":"THE_SILENT","items_purchased":["Kunai"],"campfire_rested":0,"item_purchase_floors":[22],"current_hp_per_floor":[65,65,65,65,65,44,44,40,40,40,40,40,43,42,42,37,71,62,50,35,25,25,0],"gold":5,"neow_bonus":"TEN_PERCENT_HP_BONUS","is_prod":false,"is_daily":false,"chose_seed":false,"campfire_upgraded":2,"win_rate":0,"timestamp":1541866742,"path_taken":["M","M","?","?","?","E","R","E","T","?","?","R","E","?","R","BOSS","M","?","M","M","$","E"],"build_version":"2018-11-08","purchased_purges":1,"victory":false,"max_hp_per_floor":[72,72,72,72,72,72,72,82,82,82,82,82,82,82,82,82,82,82,82,82,82,82,82],"card_choices":[{"not_picked":["Outmaneuver","Distraction"],"picked":"Flying Knee","floor":1},{"not_picked":["Cloak And Dagger","Dodge and Roll"],"picked":"Noxious Fumes","floor":2},{"not_picked":["Sucker Punch","Bouncing Flask"],"picked":"Dagger Throw","floor":5},{"not_picked":["Dodge and Roll","Catalyst"],"picked":"Caltrops","floor":6},{"not_picked":["Distraction","Quick Slash","Underhanded Strike"],"picked":"SKIP","floor":8},{"not_picked":["Phantasmal Killer","Flying Knee","Accuracy"],"picked":"SKIP","floor":13},{"not_picked":["Concentrate","Acrobatics"],"picked":"PiercingWail","floor":14},{"not_picked":["Flechettes","Dodge and Roll"],"picked":"Noxious Fumes","floor":18},{"not_picked":["Dodge and Roll","All Out Attack+1"],"picked":"PiercingWail","floor":19},{"not_picked":["Infinite Blades","Acrobatics"],"picked":"Caltrops","floor":20},{"not_picked":["Dagger Spray","Accuracy"],"picked":"Cloak And Dagger","floor":21}],"player_experience":930640,"relics_obtained":[{"floor":6,"key":"Peace Pipe"},{"floor":8,"key":"Pear"},{"floor":9,"key":"Paper Crane"},{"floor":10,"key":"Meat on the Bone"},{"floor":13,"key":"Blue Candle"}],"event_choices":[{"damage_healed":0,"gold_gain":0,"player_choice":"Ignored","damage_taken":0,"max_hp_gain":0,"max_hp_loss":0,"event_name":"Shining Light","floor":3,"gold_loss":0},{"damage_healed":0,"gold_gain":0,"player_choice":"Grow","damage_taken":0,"max_hp_gain":0,"max_hp_loss":0,"event_name":"Living Wall","floor":4,"gold_loss":0,"cards_upgraded":["Neutralize"]},{"damage_healed":0,"gold_gain":0,"player_choice":"1 cards matched","damage_taken":0,"max_hp_gain":0,"max_hp_loss":0,"event_name":"Match and Keep!","floor":11,"gold_loss":0,"cards_obtained":["Predator"]}],"is_beta":true,"boss_relics":[{"not_picked":["Runic Dome","Calling Bell"],"picked":"Fusion Hammer"}],"items_purged_floors":[22],"is_endless":false,"potions_floor_spawned":[5,8,13,21],"killed_by":"Slavers","ascension_level":20}