{"gold_per_floor":[119,119,131,146,156,186,203,203,227,227,261,261,261,288,300,413,425,447,471,483,377,302,336,336,336],"floor_reached":25,"playtime":1232,"items_purged":[],"score":251,"play_id":"db2f24a0-5f1d-4329-8c3f-4b1af1545874","local_time":"20190403075557","is_ascension_mode":true,"campfire_choices":[{"data":"Sword Boomerang","floor":8,"key":"SMITH"},{"data":"Shockwave","floor":10,"key":"SMITH"},{"floor":12,"key":"REST"},{"floor":15,"key":"REST"},{"floor":24,"key":"REST"}],"neow_cost":"NONE","seed_source_timestamp":943152242588400,"circlet_count":0,"master_deck":["Strike_R","Strike_R","Strike_R","Defend_R","Defend_R+1","Defend_R","Defend_R","Bash+1","Whirlwind","Sword Boomerang+1","Shockwave+1","Armaments","Thunderclap","Clothesline","Inflame","Anger","Feed","Blood for Blood","Headbutt","Shrug It Off","Power Through","Rage","Infernal Blade","Limit Break","Inflame","Whirlwind","Corruption"],"relics":["Burning Blood","NeowsBlessing","Gambling Chip","PreservedInsect","Oddly Smooth Stone","MawBank","Orrery","Pen Nib"],"potions_floor_usage":[6,16,16],"damage_taken":[{"damage":0,"enemies":"Cultist","floor":1,"turns":1},{"damage":0,"enemies":"2 Louse","floor":3,"turns":1},{"damage":0,"enemies":"Small Slimes","floor":4,"turns":1},{"damage":12,"enemies":"2 Fungi Beasts","floor":5,"turns":3},{"damage":23,"enemies":"3 Sentries","floor":6,"turns":7},{"damage":4,"enemies":"3 Louse","floor":7,"turns":2},{"damage":34,"enemies":"Lagavulin","floor":11,"turns":6},{"damage":12,"enemies":"3 Sentries","floor":14,"turns":3},{"damage":30,"enemies":"The Guardian","floor":16,"turns":10},{"damage":31,"enemies":"Spheric Guardian","floor":18,"turns":6},{"damage":0,"enemies":"Chosen","floor":19,"turns":4},{"damage":43,"enemies":"Book of Stabbing","floor":23,"turns":7},{"damage":52,"enemies":"3 Cultists","floor":25,"turns":5}],"seed_played":"-5398789299445472209","potions_obtained":[{"floor":3,"key":"AttackPotion"},{"floor":4,"key":"LiquidBronze"},{"floor":11,"key":"FearPotion"},{"floor":16,"key":"Dexterity Potion"},{"floor":18,"key":"Fire Potion"},{"floor":19,"key":"GamblersBrew"}],"is_trial":false,"path_per_floor":["M","?","M","M","M","E","M","R","T","R","E","R","?","E","R","B",null,"M","M","?","$","?","E","R","M"],"character_chosen":"IRONCLAD","items_purchased":["Inflame","Whirlwind"],"campfire_rested":3,"item_purchase_floors":[21,21],"current_hp_per_floor":[80,64,70,76,70,53,55,55,55,55,27,51,44,38,62,38,80,55,61,61,61,61,27,51,0],"gold":336,"neow_bonus":"THREE_ENEMY_KILL","is_prod":false,"is_daily":false,"chose_seed":false,"campfire_upgraded":2,"win_rate":0,"timestamp":1554292557,"path_taken":["M","?","M","M","M","E","M","R","T","R","E","R","?","E","R","BOSS","M","M","?","$","?","E","R","M"],"build_version":"2019-01-23","purchased_purges":0,"victory":false,"max_hp_per_floor":[80,80,80,80,80,80,80,80,80,80,80,80,80,80,80,80,80,80,80,80,80,80,83,83,83],"card_choices":[{"not_picked":["Clash","Havoc"],"picked":"Whirlwind","floor":1},{"not_picked":["Heavy Blade","Infernal Blade"],"picked":"Sword Boomerang","floor":3},{"not_picked":["Fire Breathing","Bloodletting"],"picked":"Shockwave","floor":4},{"not_picked":["Warcry","Carnage"],"picked":"Armaments","floor":5},{"not_picked":["Sentinel","Hemokinesis"],"picked":"Thunderclap","floor":6},{"not_picked":["Intimidate","Berserk"],"picked":"Clothesline","floor":7},{"not_picked":["Wild Strike","Headbutt"],"picked":"Inflame","floor":11},{"not_picked":["Dropkick","Clothesline"],"picked":"Anger","floor":14},{"not_picked":["Impervious","Berserk"],"picked":"Feed","floor":16},{"not_picked":["True Grit","Flex"],"picked":"Blood for Blood","floor":17},{"not_picked":["Clothesline","Carnage"],"picked":"Headbutt","floor":17},{"not_picked":["Cleave","Rupture"],"picked":"Shrug It Off","floor":17},{"not_picked":["Pommel Strike","Rupture"],"picked":"Power Through","floor":17},{"not_picked":["Perfected Strike","Inflame"],"picked":"Rage","floor":17},{"not_picked":["Twin Strike","True Grit"],"picked":"Infernal Blade","floor":18},{"not_picked":["Clothesline","Havoc+1"],"picked":"Limit Break","floor":19},{"not_picked":["Anger","Intimidate"],"picked":"Corruption","floor":23}],"player_experience":51100,"relics_obtained":[{"floor":6,"key":"Gambling Chip"},{"floor":9,"key":"PreservedInsect"},{"floor":11,"key":"Oddly Smooth Stone"},{"floor":14,"key":"MawBank"},{"floor":23,"key":"Pen Nib"}],"event_choices":[{"damage_healed":0,"gold_gain":0,"player_choice":"Entered Light","damage_taken":16,"max_hp_gain":0,"max_hp_loss":0,"event_name":"Shining Light","floor":2,"gold_loss":0,"cards_upgraded":["Bash","Defend_R"]},{"cards_removed":["Strike_R"],"damage_healed":0,"gold_gain":0,"player_choice":"Card Removal","damage_taken":7,"max_hp_gain":0,"max_hp_loss":0,"event_name":"Golden Wing","floor":13,"gold_loss":0},{"damage_healed":0,"gold_gain":0,"player_choice":"Ignored","damage_taken":0,"max_hp_gain":0,"max_hp_loss":0,"event_name":"Vampires","floor":20,"gold_loss":0},{"cards_removed":["Strike_R"],"damage_healed":0,"gold_gain":0,"player_choice":"Gave Gold","damage_taken":0,"max_hp_gain":0,"max_hp_loss":0,"event_name":"Beggar","floor":22,"gold_loss":75}],"is_beta":false,"boss_relics":[{"not_picked":["Runic Pyramid","Coffee Dripper"],"picked":"Orrery"}],"items_purged_floors":[],"is_endless":false,"potions_floor_spawned":[3,4,11,16,18,19,23],"killed_by":"3 Cultists","ascension_level":1}