{"gold_per_floor":[210,224,237,43,55,55,86,86,86,114,169,169,195,213,213,213],"floor_reached":16,"playtime":593,"items_purged":[],"score":168,"play_id":"fd015869-f9ac-4039-afc5-7252e7d4df93","local_time":"20190129192024","is_ascension_mode":true,"campfire_choices":[{"data":"Shockwave","floor":6,"key":"SMITH"},{"data":"Bash","floor":8,"key":"SMITH"},{"floor":12,"key":"REST"},{"data":"Sword Boomerang","floor":15,"key":"SMITH"}],"neow_cost":"NONE","seed_source_timestamp":444895437614800,"circlet_count":0,"master_deck":["Strike_R","Strike_R","Strike_R","Strike_R","Strike_R","Defend_R","Defend_R","Defend_R","Defend_R","Bash+1","Sword Boomerang+1","Headbutt","Shockwave+1","Cleave","Evolve","Ghostly Armor","Shrug It Off"],"relics":["Burning Blood","Oddly Smooth Stone","Kunai","Bottled Lightning","Matryoshka","Regal Pillow","Anchor"],"potions_floor_usage":[7,11,16,16],"damage_taken":[{"damage":1,"enemies":"Cultist","floor":1,"turns":4},{"damage":0,"enemies":"Small Slimes","floor":2,"turns":3},{"damage":12,"enemies":"Jaw Worm","floor":3,"turns":3},{"damage":2,"enemies":"Looter","floor":5,"turns":4},{"damage":14,"enemies":"Lagavulin","floor":7,"turns":7},{"damage":26,"enemies":"3 Sentries","floor":10,"turns":6},{"damage":36,"enemies":"Lagavulin Event","floor":11,"turns":7},{"damage":18,"enemies":"Gremlin Nob","floor":13,"turns":4},{"damage":6,"enemies":"Lots of Slimes","floor":14,"turns":4},{"damage":47,"enemies":"Slime Boss","floor":16,"turns":7}],"seed_played":"3041889505007316511","potions_obtained":[{"floor":2,"key":"Dexterity Potion"},{"floor":3,"key":"Dexterity Potion"},{"floor":10,"key":"FearPotion"},{"floor":13,"key":"Swift Potion"}],"is_trial":false,"path_per_floor":["M","M","M","$","M","R","E","R","T","E","?","R","E","M","R","B"],"character_chosen":"IRONCLAD","items_purchased":["Cleave","Oddly Smooth Stone"],"campfire_rested":1,"item_purchase_floors":[4,4],"current_hp_per_floor":[77,80,74,74,78,78,70,70,70,50,20,59,47,47,47,0],"gold":213,"neow_bonus":"HUNDRED_GOLD","is_prod":false,"is_daily":false,"chose_seed":false,"campfire_upgraded":3,"win_rate":0,"timestamp":1548786024,"path_taken":["M","M","?","$","M","R","E","R","T","E","?","R","E","M","R","BOSS"],"build_version":"2019-01-23","purchased_purges":0,"victory":false,"max_hp_per_floor":[80,80,80,80,80,80,80,80,80,80,80,80,80,80,80,80],"card_choices":[{"not_picked":["Wild Strike","Sever Soul"],"picked":"Sword Boomerang","floor":1},{"not_picked":["Dropkick","Combust"],"picked":"Headbutt","floor":2},{"not_picked":["Reckless Charge","True Grit"],"picked":"Shockwave","floor":3},{"not_picked":["Burning Pact","Body Slam","Clash"],"picked":"SKIP","floor":5},{"not_picked":["Headbutt","Entrench"],"picked":"Evolve","floor":7},{"not_picked":["Clash","Havoc","Intimidate"],"picked":"SKIP","floor":10},{"not_picked":["Thunderclap","Disarm"],"picked":"Ghostly Armor","floor":13},{"not_picked":["Sword Boomerang","Blood for Blood"],"picked":"Shrug It Off","floor":14}],"player_experience":411464,"relics_obtained":[{"floor":7,"key":"Kunai"},{"floor":9,"key":"Bottled Lightning"},{"floor":10,"key":"Matryoshka"},{"floor":11,"key":"Regal Pillow"},{"floor":13,"key":"Anchor"}],"event_choices":[{"damage_healed":0,"gold_gain":0,"player_choice":"Searched \u00272\u0027 times","damage_taken":0,"max_hp_gain":0,"max_hp_loss":0,"event_name":"Dead Adventurer","floor":11,"gold_loss":0}],"is_beta":false,"boss_relics":[],"items_purged_floors":[],"is_endless":false,"potions_floor_spawned":[2,3,10,13],"killed_by":"Slime Boss","ascension_level":8}