{"gold_per_floor":[109,155,166,146,165,194,214,241,241,260,274,304,27,43,43,119,119,95,111,111,127,84,84],"floor_reached":23,"playtime":838,"items_purged":[],"score":398,"play_id":"8bee00d6-a955-4f4b-aaaa-dac718cc80d1","local_time":"20190422235921","is_ascension_mode":true,"campfire_choices":[{"data":"Inflame","floor":15,"key":"SMITH"}],"neow_cost":"NONE","seed_source_timestamp":986690358400673,"circlet_count":0,"master_deck":["AscendersBane","Strike_R","Strike_R","Strike_R","Strike_R","Strike_R","Defend_R","Defend_R","Defend_R","Defend_R","Bash","Reaper","Pummel","Carnage","Flex","Iron Wave","Thunderclap","Feed","Ghostly Armor+1","Clothesline","Apotheosis+1","Inflame+1","True Grit+1","Limit Break+1","Inflame","Shockwave+1","Power Through+1"],"relics":["Burning Blood","PreservedInsect","Pantograph","Bronze Scales","Toxic Egg 2","Bottled Lightning","Mark of Pain"],"potions_floor_usage":[6,7,8,10,21,21],"damage_taken":[{"damage":6,"enemies":"Cultist","floor":1,"turns":3},{"damage":8,"enemies":"2 Louse","floor":3,"turns":3},{"damage":12,"enemies":"Jaw Worm","floor":5,"turns":2},{"damage":28,"enemies":"Lagavulin","floor":6,"turns":4},{"damage":33,"enemies":"Exordium Thugs","floor":7,"turns":4},{"damage":25,"enemies":"3 Sentries","floor":8,"turns":8},{"damage":16,"enemies":"Looter","floor":10,"turns":3},{"damage":6,"enemies":"Exordium Wildlife","floor":11,"turns":4},{"damage":17,"enemies":"Lagavulin","floor":12,"turns":6},{"damage":2,"enemies":"Blue Slaver","floor":14,"turns":4},{"damage":25,"enemies":"Slime Boss","floor":16,"turns":7},{"damage":24,"enemies":"2 Thieves","floor":18,"turns":4},{"damage":11,"enemies":"Spheric Guardian","floor":19,"turns":4},{"damage":31,"enemies":"Cultist and Chosen","floor":21,"turns":7},{"damage":41,"enemies":"Gremlin Leader","floor":23,"turns":6}],"seed_played":"4755832189632834807","potions_obtained":[{"floor":1,"key":"SkillPotion"},{"floor":4,"key":"Block Potion"},{"floor":6,"key":"GamblersBrew"},{"floor":7,"key":"Regen Potion"},{"floor":8,"key":"BloodPotion"},{"floor":16,"key":"SkillPotion"}],"is_trial":false,"path_per_floor":["M","T","M","?","M","E","M","E","T","M","M","E","$","M","R","B",null,"M","M","?","M","$","E"],"character_chosen":"IRONCLAD","items_purchased":["Apotheosis+1","Inflame","Power Through+1"],"campfire_rested":0,"item_purchase_floors":[13,13,22],"current_hp_per_floor":[72,72,73,73,67,49,28,36,36,33,36,25,25,45,45,51,74,70,69,44,26,26,0],"gold":84,"neow_bonus":"ONE_RANDOM_RARE_CARD","is_prod":false,"is_daily":false,"chose_seed":false,"campfire_upgraded":1,"win_rate":0,"timestamp":1555988361,"path_taken":["M","?","?","?","M","E","M","E","T","M","M","E","$","?","R","BOSS","M","M","?","M","?","E"],"build_version":"2019-01-23","purchased_purges":0,"victory":false,"max_hp_per_floor":[75,75,75,75,75,75,75,75,75,75,78,78,78,82,82,82,82,82,86,91,91,91,91],"card_choices":[{"not_picked":["Bloodletting","Dropkick"],"picked":"Pummel","floor":1},{"not_picked":["Heavy Blade","Iron Wave"],"picked":"Carnage","floor":3},{"not_picked":["True Grit","Wild Strike"],"picked":"Flex","floor":5},{"not_picked":["Reckless Charge","Anger"],"picked":"Iron Wave","floor":6},{"not_picked":["Dual Wield","Shrug It Off"],"picked":"Thunderclap","floor":7},{"not_picked":["Brutality","Sword Boomerang"],"picked":"Feed","floor":8},{"not_picked":["Perfected Strike","Clash"],"picked":"Ghostly Armor+1","floor":10},{"not_picked":["Pommel Strike","Headbutt","Dropkick"],"picked":"SKIP","floor":11},{"not_picked":["Perfected Strike","Searing Blow"],"picked":"Clothesline","floor":12},{"not_picked":["Pummel","Searing Blow"],"picked":"True Grit+1","floor":14},{"not_picked":["Double Tap+1","Impervious+1"],"picked":"Limit Break+1","floor":16},{"not_picked":["Whirlwind","Twin Strike","Thunderclap"],"picked":"SKIP","floor":18},{"not_picked":["Havoc+1","Clothesline"],"picked":"Inflame","floor":19},{"not_picked":["Carnage","Burning Pact+1"],"picked":"Shockwave+1","floor":21}],"player_experience":1184222,"relics_obtained":[{"floor":2,"key":"PreservedInsect"},{"floor":6,"key":"Pantograph"},{"floor":8,"key":"Bronze Scales"},{"floor":9,"key":"Toxic Egg 2"},{"floor":12,"key":"Bottled Lightning"}],"event_choices":[{"damage_healed":0,"gold_gain":0,"player_choice":"Bought 1 Potion","damage_taken":0,"max_hp_gain":0,"max_hp_loss":0,"event_name":"The Woman in Blue","floor":4,"gold_loss":0},{"damage_healed":0,"gold_gain":0,"player_choice":"Shed Blood","damage_taken":30,"max_hp_gain":5,"max_hp_loss":0,"event_name":"Forgotten Altar","floor":20,"gold_loss":0}],"is_beta":false,"boss_relics":[{"not_picked":["Pandora\u0027s Box","Ectoplasm"],"picked":"Mark of Pain"}],"items_purged_floors":[],"is_endless":false,"potions_floor_spawned":[1,6,7,8,16],"killed_by":"Gremlin Leader","ascension_level":17}