{"gold_per_floor":[111,111,122,139,64,64,75,75,75,92,111,122,122,72,72,169,169,186,200,215,215],"floor_reached":21,"playtime":599,"items_purged":["Strike_R"],"score":175,"play_id":"19631d02-0176-4ed0-a15e-add07ddd5723","local_time":"20190417203401","is_ascension_mode":false,"campfire_choices":[{"data":"True Grit","floor":6,"key":"SMITH"},{"data":"Corruption","floor":8,"key":"SMITH"},{"data":"Demon Form","floor":15,"key":"SMITH"}],"neow_cost":"NONE","seed_source_timestamp":527238031316400,"circlet_count":0,"master_deck":["Strike_R","Strike_R+1","Strike_R","Defend_R","Defend_R","Defend_R","Bash+1","Rampage","True Grit+1","Corruption+1","Demon Form+1","Reaper"],"relics":["Burning Blood","Pantograph","Cursed Key"],"potions_floor_usage":[16],"damage_taken":[{"damage":0,"enemies":"Small Slimes","floor":1,"turns":3},{"damage":1,"enemies":"2 Louse","floor":3,"turns":3},{"damage":11,"enemies":"Jaw Worm","floor":4,"turns":2},{"damage":3,"enemies":"2 Fungi Beasts","floor":7,"turns":4},{"damage":5,"enemies":"Large Slime","floor":10,"turns":5},{"damage":8,"enemies":"Looter","floor":11,"turns":4},{"damage":9,"enemies":"2 Fungi Beasts","floor":12,"turns":10},{"damage":27,"enemies":"The Guardian","floor":16,"turns":8},{"damage":19,"enemies":"Chosen","floor":18,"turns":5},{"damage":27,"enemies":"Spheric Guardian","floor":19,"turns":4},{"damage":39,"enemies":"Snake Plant","floor":20,"turns":5},{"damage":41,"enemies":"Sentry and Sphere","floor":21,"turns":5}],"seed_played":"-4865888807433230998","potions_obtained":[{"floor":4,"key":"Weak Potion"},{"floor":10,"key":"Poison Potion"},{"floor":12,"key":"Weak Potion"},{"floor":18,"key":"Block Potion"}],"is_trial":false,"path_per_floor":["M","?","M","M","$","R","M","R","T","M","M","M","?","?","R","B",null,"M","M","M","M"],"character_chosen":"IRONCLAD","items_purchased":[],"campfire_rested":0,"item_purchase_floors":[],"current_hp_per_floor":[80,64,69,64,64,64,67,67,67,68,66,63,68,68,68,64,85,77,56,34,0],"gold":215,"neow_bonus":"TRANSFORM_CARD","is_prod":false,"is_daily":false,"chose_seed":false,"campfire_upgraded":3,"win_rate":0,"timestamp":1555526041,"path_taken":["M","?","M","M","$","R","M","R","T","M","M","M","?","?","R","BOSS","M","M","M","M"],"build_version":"2019-01-23","purchased_purges":1,"victory":false,"max_hp_per_floor":[80,80,80,80,80,80,80,80,80,80,80,80,85,85,85,85,85,85,85,85,85],"card_choices":[{"not_picked":["Clash","Uppercut","Armaments"],"picked":"SKIP","floor":1},{"not_picked":["Heavy Blade","Wild Strike","Entrench"],"picked":"SKIP","floor":3},{"not_picked":["Reckless Charge","Body Slam"],"picked":"True Grit","floor":4},{"not_picked":["Sword Boomerang","Headbutt"],"picked":"Corruption","floor":7},{"not_picked":["Flex","Dual Wield","Thunderclap"],"picked":"SKIP","floor":10},{"not_picked":["Thunderclap","Headbutt","Anger"],"picked":"SKIP","floor":11},{"not_picked":["Thunderclap","Sever Soul"],"picked":"Demon Form","floor":12},{"not_picked":["Immolate","Demon Form"],"picked":"Reaper","floor":16},{"not_picked":["Warcry+1","Searing Blow","Anger"],"picked":"SKIP","floor":18},{"not_picked":["Wild Strike+1","Metallicize","Clothesline"],"picked":"SKIP","floor":19},{"not_picked":["Infernal Blade+1","Brutality","Iron Wave"],"picked":"SKIP","floor":20}],"player_experience":597070,"relics_obtained":[{"floor":9,"key":"Pantograph"}],"event_choices":[{"damage_healed":0,"gold_gain":0,"player_choice":"Entered Light","damage_taken":16,"max_hp_gain":0,"max_hp_loss":0,"event_name":"Shining Light","floor":2,"gold_loss":0,"cards_upgraded":["Strike_R","Bash"]},{"damage_healed":0,"gold_gain":0,"player_choice":"Donut","damage_taken":0,"max_hp_gain":5,"max_hp_loss":0,"event_name":"Big Fish","floor":13,"gold_loss":0},{"cards_removed":["Strike_R"],"damage_healed":0,"gold_gain":0,"player_choice":"Card Removal","damage_taken":0,"max_hp_gain":0,"max_hp_loss":0,"event_name":"The Cleric","floor":14,"gold_loss":50}],"is_beta":false,"boss_relics":[{"not_picked":["Calling Bell","Eternal Feather"],"picked":"Cursed Key"}],"items_purged_floors":[5],"is_endless":false,"potions_floor_spawned":[4,10,12,18],"killed_by":"Sentry and Sphere","ascension_level":0}