{"gold_per_floor":[112,112,112,129,54,54,66,99,99,99,114,125,138,150,150,245,245,263,263,12,26,26,26,38,38,38,38,56,71,88,100,100,196,196,210,210,220,320,337,337],"floor_reached":40,"playtime":1691,"items_purged":["Strike_B","Strike_B"],"score":611,"play_id":"4d94011d-5b5b-4c82-b0d2-56281c0b0956","local_time":"20190314155159","is_ascension_mode":true,"campfire_choices":[{"data":"Rebound","floor":6,"key":"SMITH"},{"data":"Hologram","floor":10,"key":"SMITH"},{"floor":15,"key":"REST"},{"floor":23,"key":"REST"},{"floor":27,"key":"REST"},{"floor":32,"key":"REST"}],"neow_cost":"NONE","seed_source_timestamp":136993822645961,"circlet_count":0,"master_deck":["AscendersBane","Strike_B","Defend_B","Defend_B","Defend_B","Defend_B","Zap+1","FTL","Rebound+1","Hologram+1","Gash","All For One","Fission","Gash","Gash","Reboot","Buffer","Beam Cell"],"relics":["Empty Cage","Blue Candle","Cables","Busted Crown","GremlinMask","Oddly Smooth Stone","Cursed Key","Bird Faced Urn"],"potions_floor_usage":[8,11,13,16,16,30,33,33,35,40],"damage_taken":[{"damage":4,"enemies":"Jaw Worm","floor":1,"turns":6},{"damage":5,"enemies":"2 Louse","floor":4,"turns":3},{"damage":1,"enemies":"Cultist","floor":7,"turns":3},{"damage":10,"enemies":"3 Sentries","floor":8,"turns":3},{"damage":5,"enemies":"3 Louse","floor":11,"turns":2},{"damage":1,"enemies":"Exordium Thugs","floor":12,"turns":3},{"damage":8,"enemies":"Lots of Slimes","floor":13,"turns":3},{"damage":10,"enemies":"2 Fungi Beasts","floor":14,"turns":4},{"damage":25,"enemies":"The Guardian","floor":16,"turns":7},{"damage":16,"enemies":"Shell Parasite","floor":18,"turns":5},{"damage":26,"enemies":"2 Thieves","floor":21,"turns":4},{"damage":16,"enemies":"3 Cultists","floor":24,"turns":5},{"damage":15,"enemies":"Snecko","floor":28,"turns":4},{"damage":27,"enemies":"Cultist and Chosen","floor":29,"turns":6},{"damage":3,"enemies":"Centurion and Healer","floor":30,"turns":7},{"damage":0,"enemies":"Sentry and Sphere","floor":31,"turns":2},{"damage":18,"enemies":"Champ","floor":33,"turns":9},{"damage":14,"enemies":"3 Shapes","floor":35,"turns":6},{"damage":3,"enemies":"Orb Walker","floor":37,"turns":3},{"damage":0,"enemies":"Mind Bloom Boss Battle","floor":38,"turns":3},{"damage":16,"enemies":"Spire Growth","floor":39,"turns":4},{"damage":49,"enemies":"Reptomancer","floor":40,"turns":2}],"seed_played":"1572769745588696815","potions_obtained":[{"floor":1,"key":"PowerPotion"},{"floor":3,"key":"AttackPotion"},{"floor":8,"key":"Weak Potion"},{"floor":11,"key":"PowerPotion"},{"floor":14,"key":"Poison Potion"},{"floor":28,"key":"Dexterity Potion"},{"floor":29,"key":"Weak Potion"},{"floor":30,"key":"Dexterity Potion"},{"floor":33,"key":"GamblersBrew"},{"floor":37,"key":"GamblersBrew"}],"is_trial":false,"path_per_floor":["M","?","?","M","$","R","M","E","T","R","M","M","M","M","R","B",null,"M","?","$","M","$","R","M","$","T","R","M","M","M","M","R","B",null,"M","?","M","?","M","E"],"character_chosen":"DEFECT","items_purchased":["Oddly Smooth Stone"],"campfire_rested":4,"item_purchase_floors":[20],"current_hp_per_floor":[64,64,64,59,59,59,58,48,48,48,43,42,34,24,46,21,62,46,46,46,20,20,42,26,26,26,48,33,6,3,3,25,7,58,44,44,41,41,27,0],"gold":337,"neow_bonus":"BOSS_RELIC","is_prod":false,"is_daily":false,"chose_seed":false,"campfire_upgraded":2,"win_rate":0,"timestamp":1552589519,"path_taken":["M","?","?","M","$","R","M","E","T","R","M","?","M","M","R","BOSS","M","?","$","M","$","R","M","?","T","R","M","?","M","M","R","BOSS","M","?","?","?","M","E"],"build_version":"2019-01-23","purchased_purges":2,"victory":false,"max_hp_per_floor":[75,75,75,75,75,75,75,75,75,75,75,75,75,75,75,75,75,75,75,75,75,75,75,75,75,75,75,75,75,75,75,75,75,75,75,75,75,75,75,75],"card_choices":[{"not_picked":["Sunder","Auto Shields"],"picked":"FTL","floor":1},{"not_picked":["Beam Cell","Turbo"],"picked":"Rebound","floor":4},{"not_picked":["Consume","Stack","Heatsinks"],"picked":"SKIP","floor":7},{"not_picked":["Doom and Gloom","Force Field"],"picked":"Hologram","floor":8},{"not_picked":["Compile Driver","Chaos","Hello World"],"picked":"SKIP","floor":11},{"not_picked":["Stack","Tempest","Cold Snap"],"picked":"SKIP","floor":12},{"not_picked":["Barrage","Chaos"],"picked":"Gash","floor":13},{"not_picked":["Undo","Sweeping Beam"],"picked":"All For One","floor":14},{"not_picked":["Buffer","Core Surge"],"picked":"Fission","floor":16},{"not_picked":[],"picked":"Gash","floor":18},{"not_picked":["Go for the Eyes"],"picked":"SKIP","floor":21},{"not_picked":["Ball Lightning"],"picked":"SKIP","floor":24},{"not_picked":["Rebound"],"picked":"SKIP","floor":28},{"not_picked":["Go for the Eyes"],"picked":"SKIP","floor":29},{"not_picked":[],"picked":"Gash","floor":30},{"not_picked":["FTL"],"picked":"SKIP","floor":31},{"not_picked":[],"picked":"Reboot","floor":33},{"not_picked":["Barrage"],"picked":"SKIP","floor":35},{"not_picked":["Sunder+1"],"picked":"SKIP","floor":37},{"not_picked":["Reprogram"],"picked":"SKIP","floor":39}],"player_experience":936900,"relics_obtained":[{"floor":8,"key":"Blue Candle"},{"floor":9,"key":"Cables"},{"floor":38,"key":"Bird Faced Urn"}],"event_choices":[{"damage_healed":0,"gold_gain":0,"player_choice":"Grow","damage_taken":0,"max_hp_gain":0,"max_hp_loss":0,"event_name":"Living Wall","floor":2,"gold_loss":0,"cards_upgraded":["Zap"]},{"damage_healed":0,"gold_gain":0,"player_choice":"Got Potions","damage_taken":0,"max_hp_gain":0,"max_hp_loss":0,"event_name":"Lab","floor":3,"gold_loss":0},{"damage_healed":0,"gold_gain":0,"player_choice":"Trade","damage_taken":0,"relics_obtained":["GremlinMask"],"max_hp_gain":0,"max_hp_loss":0,"event_name":"FaceTrader","floor":19,"gold_loss":0},{"damage_healed":0,"gold_gain":0,"player_choice":"2 cards matched","damage_taken":0,"max_hp_gain":0,"max_hp_loss":0,"event_name":"Match and Keep!","floor":36,"gold_loss":0,"cards_obtained":["Buffer","Beam Cell"]},{"damage_healed":0,"gold_gain":0,"player_choice":"Fight","damage_taken":0,"max_hp_gain":0,"max_hp_loss":0,"event_name":"MindBloom","floor":38,"gold_loss":0}],"is_beta":false,"boss_relics":[{"not_picked":["Lizard Tail","Inserter"],"picked":"Busted Crown"},{"not_picked":["Runic Pyramid","Pandora\u0027s Box"],"picked":"Cursed Key"}],"items_purged_floors":[5,20],"is_endless":false,"potions_floor_spawned":[1,4,8,11,14,28,29,30,33,37],"killed_by":"Reptomancer","ascension_level":11}