{"gold_per_floor":[19,94,105,115,115,115,146,146,146,14,34,49,49,79,79,79],"floor_reached":16,"playtime":620,"items_purged":[],"score":250,"play_id":"1a3bdcc0-6a10-4255-9bf8-7a15e4c9a8e2","local_time":"20190421090004","is_ascension_mode":true,"campfire_choices":[{"data":"Perfected Strike","floor":6,"key":"SMITH"},{"data":"Fire Breathing","floor":8,"key":"SMITH"},{"data":"Barricade","floor":15,"key":"SMITH"}],"neow_cost":"NO_GOLD","seed_source_timestamp":846543910314703,"circlet_count":0,"master_deck":["AscendersBane","Strike_R","Strike_R","Strike_R","Defend_R","Defend_R","Defend_R","Defend_R","Bash","Fire Breathing+1","Second Wind","Warcry","Thunderclap","Perfected Strike+1","Iron Wave","Uppercut","Wild Strike","Barricade+1","Power Through","Fire Breathing"],"relics":["Burning Blood","FossilizedHelix","Centennial Puzzle","Bottled Tornado","Prayer Wheel"],"potions_floor_usage":[14],"damage_taken":[{"damage":17,"enemies":"Cultist","floor":1,"turns":5},{"damage":3,"enemies":"2 Louse","floor":3,"turns":4},{"damage":11,"enemies":"Jaw Worm","floor":4,"turns":5},{"damage":16,"enemies":"Gremlin Nob","floor":7,"turns":5},{"damage":10,"enemies":"Lots of Slimes","floor":11,"turns":3},{"damage":4,"enemies":"Exordium Wildlife","floor":12,"turns":4},{"damage":0,"enemies":"Lagavulin","floor":14,"turns":8},{"damage":48,"enemies":"Hexaghost","floor":16,"turns":15}],"seed_played":"-1402643017023498653","potions_obtained":[{"floor":7,"key":"SpeedPotion"},{"floor":12,"key":"Regen Potion"},{"floor":14,"key":"Explosive Potion"}],"is_trial":false,"path_per_floor":["M","?","M","M","?","R","E","R","T","$","M","M","?","E","R","B"],"character_chosen":"IRONCLAD","items_purchased":["Uppercut","Wild Strike"],"campfire_rested":0,"item_purchase_floors":[10,10],"current_hp_per_floor":[57,46,49,44,33,33,23,23,23,23,19,21,21,42,42,0],"gold":79,"neow_bonus":"TRANSFORM_TWO_CARDS","is_prod":false,"is_daily":false,"chose_seed":false,"campfire_upgraded":3,"win_rate":0,"timestamp":1555848004,"path_taken":["M","?","M","M","?","R","E","R","T","$","M","M","?","E","R","BOSS"],"build_version":"2019-01-23","purchased_purges":0,"victory":false,"max_hp_per_floor":[75,75,75,75,75,75,75,75,75,75,75,75,75,75,75,75],"card_choices":[{"not_picked":["Havoc","Flex"],"picked":"Warcry","floor":1},{"not_picked":["True Grit","Warcry"],"picked":"Thunderclap","floor":3},{"not_picked":["Warcry","Seeing Red"],"picked":"Perfected Strike","floor":4},{"not_picked":["Headbutt","Shrug It Off"],"picked":"Iron Wave","floor":7},{"not_picked":["Flex","Reckless Charge"],"picked":"Barricade","floor":11},{"not_picked":["Corruption","Combust"],"picked":"Power Through","floor":12},{"not_picked":["Pommel Strike","Twin Strike"],"picked":"Fire Breathing","floor":14}],"player_experience":1173402,"relics_obtained":[{"floor":7,"key":"Centennial Puzzle"},{"floor":9,"key":"Bottled Tornado"},{"floor":14,"key":"Prayer Wheel"}],"event_choices":[{"damage_healed":0,"gold_gain":75,"player_choice":"Gather Gold","damage_taken":11,"max_hp_gain":0,"max_hp_loss":0,"event_name":"World of Goop","floor":2,"gold_loss":0},{"damage_healed":0,"gold_gain":0,"player_choice":"Success","damage_taken":11,"relics_obtained":["FossilizedHelix"],"max_hp_gain":0,"max_hp_loss":0,"event_name":"Scrap Ooze","floor":5,"gold_loss":0},{"damage_healed":0,"gold_gain":0,"player_choice":"Ignored","damage_taken":0,"max_hp_gain":0,"max_hp_loss":0,"event_name":"Shining Light","floor":13,"gold_loss":0}],"is_beta":false,"boss_relics":[],"items_purged_floors":[],"is_endless":false,"potions_floor_spawned":[7,12,14],"killed_by":"Hexaghost","ascension_level":17}