{"gold_per_floor":[118,131,33,43,43,70,70,88,88,88,103,31,63,63,63,164,164,178,197,25,25,40,40,40,40,40,57,90,90,104,11,11,113,113,127,127,127,144,19,52,52,52,52,78,94,94,0,35,35,35,35,35,35,70,70],"floor_reached":56,"playtime":3049,"items_purged":["Defend_B","Strike_B","Strike_B"],"score":1236,"play_id":"d84e3d0c-2371-4049-949f-279174e989cd","local_time":"20190513152907","is_ascension_mode":false,"campfire_choices":[{"data":"Streamline","floor":10,"key":"SMITH"},{"data":"Fusion","floor":15,"key":"SMITH"},{"data":"Defragment","floor":23,"key":"SMITH"},{"data":"Capacitor","floor":25,"key":"SMITH"},{"floor":29,"key":"REST"},{"data":"Rainbow","floor":32,"key":"SMITH"},{"floor":41,"key":"REST"},{"data":"Consume","floor":46,"key":"SMITH"},{"floor":49,"key":"RECALL"},{"data":"Buffer","floor":52,"key":"SMITH"}],"neow_cost":"NONE","seed_source_timestamp":1309353615465520,"circlet_count":0,"master_deck":["Defend_B","Defend_B","Defend_B","Zap+1","Dualcast","Fusion+1","Compile Driver","Leap","Genetic Algorithm","Streamline+1","Skim","Capacitor+1","Sweeping Beam","Rainbow+1","Consume+1","Defragment+1","Compile Driver+1","Turbo","Buffer+1","Coolheaded","Echo Form","Conserve Battery+1","Bandage Up","Conserve Battery","Capacitor","Barrage+1","Leap+1","Static Discharge+1"],"relics":["FrozenCore","Pantograph","Pear","Lizard Tail","Ice Cream","Turnip","Kunai","Bottled Tornado","Mercury Hourglass","Juzu Bracelet","Red Mask","The Courier","Mango"],"potions_floor_usage":[6,18,27,28,30,40,40,50,55],"damage_taken":[{"damage":0,"enemies":"2 Louse","floor":1,"turns":2},{"damage":1,"enemies":"Cultist","floor":2,"turns":3},{"damage":1,"enemies":"Jaw Worm","floor":4,"turns":3},{"damage":35,"enemies":"Lagavulin","floor":6,"turns":9},{"damage":14,"enemies":"Lots of Slimes","floor":8,"turns":5},{"damage":0,"enemies":"Exordium Wildlife","floor":11,"turns":2},{"damage":17,"enemies":"Gremlin Nob","floor":13,"turns":4},{"damage":29,"enemies":"Hexaghost","floor":16,"turns":9},{"damage":10,"enemies":"2 Thieves","floor":18,"turns":3},{"damage":12,"enemies":"Chosen","floor":19,"turns":5},{"damage":21,"enemies":"Sentry and Sphere","floor":22,"turns":6},{"damage":5,"enemies":"Snake Plant","floor":27,"turns":5},{"damage":36,"enemies":"Gremlin Leader","floor":28,"turns":9},{"damage":27,"enemies":"3 Cultists","floor":30,"turns":6},{"damage":24,"enemies":"Automaton","floor":33,"turns":10},{"damage":4,"enemies":"3 Shapes","floor":35,"turns":5},{"damage":1,"enemies":"3 Darklings","floor":38,"turns":7},{"damage":74,"enemies":"Reptomancer","floor":40,"turns":7},{"damage":11,"enemies":"Giant Head","floor":44,"turns":10},{"damage":0,"enemies":"Maw","floor":45,"turns":10},{"damage":10,"enemies":"Nemesis","floor":48,"turns":8},{"damage":5,"enemies":"Time Eater","floor":50,"turns":15},{"damage":28,"enemies":"Shield and Spear","floor":54,"turns":11},{"damage":79,"enemies":"The Heart","floor":55,"turns":11}],"seed_played":"-8332018383033799715","potions_obtained":[{"floor":1,"key":"SkillPotion"},{"floor":8,"key":"SteroidPotion"},{"floor":13,"key":"Fire Potion"},{"floor":22,"key":"EssenceOfSteel"},{"floor":28,"key":"Regen Potion"},{"floor":33,"key":"Weak Potion"},{"floor":38,"key":"Energy Potion"},{"floor":40,"key":"FocusPotion"},{"floor":44,"key":"Block Potion"}],"is_trial":false,"path_per_floor":["M","M","$","M","?","E","?","M","T","R","M","$","E","?","R","B",null,"M","M","$","?","M","R","$","R","T","M","E","R","M","?","R","B",null,"M","?","?","M","$","E","R","?","T","E","M","R","?","E","R","B",null,"R","$","E","B",null],"character_chosen":"DEFECT","items_purchased":["Leap","Capacitor","Defragment"],"campfire_rested":2,"item_purchase_floors":[3,12,20],"current_hp_per_floor":[75,74,74,73,78,43,43,29,29,29,29,29,22,22,22,18,90,80,68,68,68,47,47,47,47,47,42,6,33,21,21,21,22,90,86,86,76,79,79,9,36,36,36,33,41,41,41,35,35,63,90,90,90,80,33],"gold":70,"neow_bonus":"UPGRADE_CARD","is_prod":false,"is_daily":false,"chose_seed":false,"campfire_upgraded":7,"win_rate":0,"timestamp":1557757747,"path_taken":["M","M","$","M","?","E","?","M","T","R","?","$","E","?","R","BOSS","M","M","?","?","M","R","$","R","T","M","E","R","?","?","R","BOSS","M","?","?","M","$","E","R","?","T","E","M","R","?","E","R","BOSS","R","$","E","BOSS"],"build_version":"2019-05-07","purchased_purges":3,"victory":true,"max_hp_per_floor":[75,75,75,75,80,80,80,80,80,80,80,80,90,90,90,90,90,90,90,90,90,90,90,90,90,90,90,90,90,90,90,90,90,90,90,90,90,90,90,90,90,90,90,90,90,90,90,90,90,90,90,90,90,104,104],"card_choices":[{"not_picked":["Turbo","Stack"],"picked":"Fusion","floor":1},{"not_picked":["Beam Cell","Stack"],"picked":"Compile Driver","floor":2},{"not_picked":["Turbo","Conserve Battery"],"picked":"Genetic Algorithm","floor":4},{"not_picked":["Storm","Blizzard","Chaos"],"picked":"SKIP","floor":6},{"not_picked":["Conserve Battery","Auto Shields"],"picked":"Streamline","floor":8},{"not_picked":["Compile Driver","Leap"],"picked":"Skim","floor":11},{"not_picked":["Leap","Aggregate"],"picked":"Sweeping Beam","floor":13},{"not_picked":["Creative AI","All For One"],"picked":"Rainbow","floor":16},{"not_picked":["Storm","Rip and Tear"],"picked":"Consume","floor":18},{"not_picked":["Turbo","Leap","Barrage"],"picked":"SKIP","floor":19},{"not_picked":["Stack+1","Beam Cell"],"picked":"Compile Driver+1","floor":22},{"not_picked":["Redo","White Noise"],"picked":"Turbo","floor":27},{"not_picked":["Turbo","Cold Snap"],"picked":"Buffer","floor":28},{"not_picked":["Sweeping Beam","Recycle"],"picked":"Coolheaded","floor":30},{"not_picked":["Fission","Multi-Cast"],"picked":"Echo Form","floor":33},{"not_picked":["Turbo+1","Stack+1"],"picked":"Conserve Battery+1","floor":35},{"not_picked":["Impatience","Mind Blast"],"picked":"Bandage Up","floor":37},{"not_picked":["Rebound+1","Steam Power+1"],"picked":"Conserve Battery","floor":38},{"not_picked":["Barrage","Turbo","Go for the Eyes"],"picked":"SKIP","floor":40},{"not_picked":["Chaos+1","Sunder","Streamline"],"picked":"SKIP","floor":44},{"not_picked":["Turbo","Ball Lightning+1"],"picked":"Barrage+1","floor":45},{"not_picked":["Meteor Strike","Scrape+1"],"picked":"Leap+1","floor":48},{"not_picked":["Darkness+1","Turbo+1"],"picked":"Static Discharge+1","floor":54}],"player_experience":1408559,"relics_obtained":[{"floor":6,"key":"Pantograph"},{"floor":13,"key":"Pear"},{"floor":26,"key":"Ice Cream"},{"floor":28,"key":"Turnip"},{"floor":40,"key":"Bottled Tornado"},{"floor":43,"key":"Mercury Hourglass"},{"floor":44,"key":"Juzu Bracelet"},{"floor":48,"key":"The Courier"},{"floor":54,"key":"Mango"}],"event_choices":[{"damage_healed":0,"gold_gain":0,"player_choice":"Donut","damage_taken":0,"max_hp_gain":5,"max_hp_loss":0,"event_name":"Big Fish","floor":5,"gold_loss":0},{"cards_removed":["Strike_B"],"damage_healed":0,"gold_gain":0,"player_choice":"Purged","damage_taken":0,"max_hp_gain":0,"max_hp_loss":0,"event_name":"Purifier","floor":7,"gold_loss":0},{"cards_removed":["Strike_B"],"damage_healed":0,"gold_gain":0,"player_choice":"Offered Basic","damage_taken":0,"max_hp_gain":0,"max_hp_loss":0,"event_name":"Bonfire Elementals","floor":14,"gold_loss":0},{"damage_healed":0,"gold_gain":0,"player_choice":"Ignored","damage_taken":0,"max_hp_gain":0,"max_hp_loss":0,"event_name":"Vampires","floor":21,"gold_loss":0},{"damage_healed":0,"gold_gain":0,"player_choice":"Paid Gold","damage_taken":0,"relics_obtained":["Kunai"],"max_hp_gain":0,"max_hp_loss":0,"event_name":"WeMeetAgain","floor":31,"gold_loss":93},{"damage_healed":0,"gold_gain":0,"player_choice":"Ignored","damage_taken":0,"max_hp_gain":0,"max_hp_loss":0,"event_name":"Mysterious Sphere","floor":36,"gold_loss":0},{"damage_healed":0,"gold_gain":0,"player_choice":"Memory 3","damage_taken":10,"max_hp_gain":0,"max_hp_loss":0,"event_name":"SensoryStone","floor":37,"gold_loss":0},{"damage_healed":0,"gold_gain":0,"player_choice":"1 cards matched","damage_taken":0,"max_hp_gain":0,"max_hp_loss":0,"event_name":"Match and Keep!","floor":42,"gold_loss":0,"cards_obtained":["Capacitor"]},{"damage_healed":0,"gold_gain":0,"player_choice":"Paid","damage_taken":0,"relics_obtained":["Red Mask"],"max_hp_gain":0,"max_hp_loss":0,"event_name":"Tomb of Lord Red Mask","floor":47,"gold_loss":94}],"is_beta":true,"boss_relics":[{"not_picked":["Snecko Eye","Sozu"],"picked":"Lizard Tail"},{"not_picked":["Coffee Dripper","Velvet Choker"],"picked":"FrozenCore"}],"items_purged_floors":[3,20,39],"is_endless":false,"potions_floor_spawned":[1,8,13,22,28,33,38,40,44],"ascension_level":0}