{"gold_per_floor":[116,25,35,55,65,65,99,99,99,29,29,29,49,60,60,162,162,175,175,128,128,143,143,178,178,178,211,211,211,222,622,622,622],"floor_reached":33,"playtime":1070,"items_purged":[],"score":407,"play_id":"374aa86e-b00b-45e9-9216-1c0fe4b33840","local_time":"20190514074045","is_ascension_mode":true,"campfire_choices":[{"data":"Whirlwind","floor":6.0,"key":"SMITH"},{"data":"Armaments","floor":8.0,"key":"SMITH"},{"data":"Anger","floor":12.0,"key":"SMITH"},{"data":"Spot Weakness","floor":15.0,"key":"SMITH"},{"data":"Feed","floor":23.0,"key":"SMITH"},{"floor":25,"key":"REST"},{"data":"Body Slam","floor":29,"key":"SMITH"},{"floor":32,"key":"REST"}],"neow_cost":"NONE","seed_source_timestamp":0,"circlet_count":0,"master_deck":["Defend_R","Defend_R","Defend_R","Defend_R","Bash","Whirlwind+1","Flex","Rampage","Pommel Strike","Spot Weakness+1","Armaments+1","Anger+1","Ghostly Armor","Iron Wave","Flex","Feed+1","Thunderclap","Shrug It Off","Decay","Battle Trance","Pommel Strike+1","Body Slam+1","Bite","Bite","Bite","Bite","Bite","True Grit+1","Infernal Blade"],"special_seed":0,"relics":["Burning Blood","NeowsBlessing","Bottled Lightning","Kunai","Mark of Pain","MutagenicStrength","Dodecahedron","Ancient Tea Set","Mercury Hourglass","Old Coin","The Courier"],"potions_floor_usage":[24,27,30,33],"damage_taken":[{"damage":0.0,"enemies":"Cultist","floor":1.0,"turns":1.0},{"damage":0.0,"enemies":"2 Louse","floor":3.0,"turns":1.0},{"damage":0.0,"enemies":"Jaw Worm","floor":4.0,"turns":1.0},{"damage":0.0,"enemies":"Lots of Slimes","floor":5.0,"turns":1.0},{"damage":23.0,"enemies":"Gremlin Nob","floor":7.0,"turns":4.0},{"damage":8.0,"enemies":"Blue Slaver","floor":13.0,"turns":3.0},{"damage":4.0,"enemies":"3 Louse","floor":14.0,"turns":3.0},{"damage":56.0,"enemies":"The Guardian","floor":16.0,"turns":10.0},{"damage":8.0,"enemies":"Chosen","floor":18.0,"turns":5.0},{"damage":22.0,"enemies":"Spheric Guardian","floor":22.0,"turns":4.0},{"damage":21,"enemies":"Slavers","floor":24,"turns":4},{"damage":27,"enemies":"Gremlin Leader","floor":27,"turns":5},{"damage":17,"enemies":"3 Cultists","floor":30,"turns":5},{"damage":17,"enemies":"Colosseum Slavers","floor":31,"turns":3},{"damage":12,"enemies":"Colosseum Nobs","floor":31,"turns":3},{"damage":91,"enemies":"Automaton","floor":33,"turns":6}],"seed_played":"-5839205315913078497","potions_obtained":[{"floor":1.0,"key":"SteroidPotion"},{"floor":5.0,"key":"Block Potion"},{"floor":11.0,"key":"Dexterity Potion"},{"floor":11.0,"key":"Explosive Potion"},{"floor":13.0,"key":"PowerPotion"},{"floor":24,"key":"Poison Potion"}],"is_trial":false,"path_per_floor":["M","$","M","M","M","R","E","R","T","$","?","R","M","M","R","B",null,"M","?","$","?","M","R","E","R","T","E","?","R","M","?","R","B"],"character_chosen":"IRONCLAD","items_purchased":["Flex","Rampage","Ghostly Armor","Shrug It Off"],"campfire_rested":2,"item_purchase_floors":[2,2,10,20],"current_hp_per_floor":[78,78,80,80,80,80,63,63,63,63,63,63,61,63,63,13,63,61,61,61,61,45,45,30,54,54,37,37,37,34,33,51,0],"gold":622,"neow_bonus":"THREE_ENEMY_KILL","is_prod":false,"is_daily":false,"chose_seed":false,"campfire_upgraded":6,"win_rate":0,"timestamp":1557834045,"path_taken":["M","$","M","?","?","R","E","R","T","$","?","R","M","M","R","BOSS","M","?","$","?","?","R","E","R","T","E","?","R","M","?","R","BOSS"],"build_version":"2019-01-23","purchased_purges":0,"victory":false,"max_hp_per_floor":[80,80,80,80,80,80,80,80,80,80,80,80,80,80,80,80,80,80,80,80,80,80,80,80,80,80,84,58,58,58,62,62,62],"card_choices":[{"not_picked":["Infernal Blade","Twin Strike"],"picked":"Whirlwind","floor":1.0},{"not_picked":["Clash","Iron Wave"],"picked":"Pommel Strike","floor":3.0},{"not_picked":["Perfected Strike","Clothesline"],"picked":"Spot Weakness","floor":4.0},{"not_picked":["Heavy Blade","Second Wind"],"picked":"Armaments","floor":5.0},{"not_picked":["Iron Wave","True Grit"],"picked":"Anger","floor":7.0},{"not_picked":["Sever Soul","Thunderclap"],"picked":"Iron Wave","floor":13.0},{"not_picked":["Armaments","Wild Strike"],"picked":"Flex","floor":14.0},{"not_picked":["Dark Embrace","Bludgeon"],"picked":"Feed","floor":16.0},{"not_picked":["Rupture+1","Feel No Pain"],"picked":"Thunderclap","floor":18.0},{"not_picked":["Havoc+1","Wild Strike"],"picked":"Battle Trance","floor":22.0},{"not_picked":["Carnage","Spot Weakness+1"],"picked":"Pommel Strike+1","floor":24},{"not_picked":["Wild Strike","Burning Pact+1"],"picked":"Body Slam","floor":27},{"not_picked":["Body Slam","Anger+1"],"picked":"True Grit+1","floor":30},{"not_picked":["True Grit","Iron Wave"],"picked":"Infernal Blade","floor":31}],"player_experience":179558,"relics_obtained":[{"floor":7.0,"key":"Bottled Lightning"},{"floor":9.0,"key":"Kunai"},{"floor":24,"key":"Dodecahedron"},{"floor":26,"key":"Ancient Tea Set"},{"floor":27,"key":"Mercury Hourglass"},{"floor":31,"key":"Old Coin"},{"floor":31,"key":"The Courier"}],"event_choices":[{"damage_healed":0.0,"max_hp_gain":0.0,"max_hp_loss":0.0,"gold_gain":0.0,"event_name":"Lab","player_choice":"Got Potions","floor":11.0,"gold_loss":0.0,"damage_taken":0.0},{"damage_healed":0.0,"max_hp_gain":0.0,"max_hp_loss":0.0,"gold_gain":0.0,"event_name":"Drug Dealer","player_choice":"Inject Mutagens","floor":19.0,"gold_loss":0.0,"damage_taken":0.0,"relics_obtained":["MutagenicStrength"]},{"damage_healed":0.0,"max_hp_gain":0.0,"max_hp_loss":0.0,"gold_gain":0.0,"event_name":"Wheel of Change","player_choice":"Cursed","floor":21.0,"gold_loss":0.0,"damage_taken":0.0,"cards_obtained":["Decay"]},{"damage_healed":0,"gold_gain":0,"player_choice":"Became a vampire","damage_taken":0,"max_hp_gain":0,"max_hp_loss":26,"event_name":"Vampires","floor":28,"gold_loss":0,"cards_obtained":["Bite","Bite","Bite","Bite","Bite"]},{"damage_healed":0,"gold_gain":0,"player_choice":"Fight","damage_taken":0,"max_hp_gain":0,"max_hp_loss":0,"event_name":"Colosseum","floor":31,"gold_loss":0},{"damage_healed":0,"gold_gain":0,"player_choice":"Fought Nobs","damage_taken":0,"max_hp_gain":0,"max_hp_loss":0,"event_name":"Colosseum","floor":31,"gold_loss":0}],"is_beta":false,"boss_relics":[{"not_picked":["Black Blood","Pandora\u0027s Box"],"picked":"Mark of Pain"}],"items_purged_floors":[],"is_endless":false,"potions_floor_spawned":[1,5,13,24,31],"killed_by":"Automaton","ascension_level":7}