{"gold_per_floor":[114,114,35,35,47,47,79,79,79,90,124,124,177,196,196,196],"floor_reached":16,"playtime":502,"items_purged":[],"score":226,"play_id":"c7ec9d3f-8e51-4ef4-8a7d-4e14d3688cab","local_time":"20190410204351","is_ascension_mode":true,"campfire_choices":[{"data":"Corruption","floor":6,"key":"SMITH"},{"data":"Inflame","floor":8,"key":"SMITH"},{"data":"Berserk","floor":12,"key":"SMITH"},{"data":"Armaments","floor":15,"key":"SMITH"}],"neow_cost":"NONE","seed_source_timestamp":809440148935733,"circlet_count":0,"master_deck":["AscendersBane","Strike_R","Strike_R","Strike_R","Strike_R","Defend_R","Defend_R","Defend_R","Defend_R","Bash","Corruption+1","Inflame+1","Carnage","Brutality","Armaments+1","Uppercut","Berserk+1","Clothesline"],"relics":["Burning Blood","NeowsBlessing","Ornamental Fan","Bottled Lightning","WingedGreaves","Meat on the Bone"],"potions_floor_usage":[11,16],"damage_taken":[{"damage":0,"enemies":"Jaw Worm","floor":1,"turns":1},{"damage":1,"enemies":"2 Louse","floor":5,"turns":2},{"damage":0,"enemies":"Lagavulin","floor":7,"turns":1},{"damage":1,"enemies":"Cultist","floor":10,"turns":3},{"damage":33,"enemies":"3 Sentries","floor":11,"turns":7},{"damage":5,"enemies":"3 Louse","floor":14,"turns":4},{"damage":49,"enemies":"The Guardian","floor":16,"turns":8}],"seed_played":"-3648276058051855650","potions_obtained":[{"floor":5,"key":"Block Potion"},{"floor":7,"key":"Weak Potion"},{"floor":11,"key":"Weak Potion"}],"is_trial":false,"path_per_floor":["M","?","$","?","M","R","E","R","T","M","E","R","?","M","R","B"],"character_chosen":"IRONCLAD","items_purchased":["Inflame"],"campfire_rested":0,"item_purchase_floors":[3],"current_hp_per_floor":[74,67,67,67,72,72,75,75,75,75,48,48,48,49,49,0],"gold":196,"neow_bonus":"THREE_ENEMY_KILL","is_prod":false,"is_daily":false,"chose_seed":false,"campfire_upgraded":4,"win_rate":0,"timestamp":1554939831,"path_taken":["M","?","$","?","?","R","E","R","T","M","E","R","?","M","R","BOSS"],"build_version":"2019-01-23","purchased_purges":0,"victory":false,"max_hp_per_floor":[75,75,75,75,75,75,75,75,75,75,75,75,75,75,75,75],"card_choices":[{"not_picked":["Sword Boomerang","Iron Wave"],"picked":"Corruption","floor":1},{"not_picked":["Dual Wield","Warcry"],"picked":"Brutality","floor":5},{"not_picked":["Heavy Blade","Reckless Charge"],"picked":"Armaments","floor":7},{"not_picked":["Anger","Cleave"],"picked":"Uppercut","floor":10},{"not_picked":["Iron Wave","Disarm"],"picked":"Berserk","floor":11},{"not_picked":["Heavy Blade","Anger"],"picked":"Clothesline","floor":14}],"player_experience":1062223,"relics_obtained":[{"floor":7,"key":"Bottled Lightning"},{"floor":9,"key":"WingedGreaves"},{"floor":11,"key":"Meat on the Bone"}],"event_choices":[{"damage_healed":0,"gold_gain":0,"player_choice":"Success","damage_taken":7,"relics_obtained":["Ornamental Fan"],"max_hp_gain":0,"max_hp_loss":0,"event_name":"Scrap Ooze","floor":2,"gold_loss":0},{"damage_healed":0,"gold_gain":0,"cards_transformed":["Strike_R"],"player_choice":"Transformed","damage_taken":0,"max_hp_gain":0,"max_hp_loss":0,"event_name":"Transmorgrifier","floor":4,"gold_loss":0,"cards_obtained":["Carnage"]},{"damage_healed":0,"gold_gain":53,"player_choice":"Gained Gold","damage_taken":0,"max_hp_gain":0,"max_hp_loss":0,"event_name":"Golden Wing","floor":13,"gold_loss":0}],"is_beta":false,"boss_relics":[],"items_purged_floors":[],"is_endless":false,"potions_floor_spawned":[5,7,11,14],"killed_by":"The Guardian","ascension_level":14}