{"gold_per_floor":[116,116,391,411,411,442,442,460,460,460],"floor_reached":10,"playtime":246,"items_purged":[],"score":122,"play_id":"9a2f6c04-5171-447e-8053-140444e9906b","local_time":"20190420153028","is_ascension_mode":true,"campfire_choices":[{"data":"Berserk","floor":7,"key":"SMITH"}],"neow_cost":"NONE","seed_source_timestamp":783935496533129,"circlet_count":0,"master_deck":["AscendersBane","Strike_R","Strike_R","Strike_R","Strike_R","Strike_R","Defend_R","Defend_R","Defend_R","Defend_R","Bash","Bludgeon","Armaments","Regret","Armaments+1","Berserk+1","Entrench+1"],"relics":["Burning Blood","Golden Idol","Toxic Egg 2"],"potions_floor_usage":[10],"damage_taken":[{"damage":12,"enemies":"Jaw Worm","floor":1,"turns":2},{"damage":0,"enemies":"Small Slimes","floor":4,"turns":2},{"damage":35,"enemies":"3 Sentries","floor":6,"turns":11},{"damage":0,"enemies":"Cultist","floor":8,"turns":2},{"damage":49,"enemies":"Large Slime","floor":10,"turns":4}],"seed_played":"2669137514065317515","potions_obtained":[{"floor":1,"key":"SneckoOil"},{"floor":8,"key":"Weak Potion"}],"is_trial":false,"path_per_floor":["M","?","?","M","?","E","R","M","T","M"],"character_chosen":"IRONCLAD","items_purchased":[],"campfire_rested":0,"item_purchase_floors":[],"current_hp_per_floor":[62,62,62,68,68,39,39,45,45,0],"gold":460,"neow_bonus":"ONE_RANDOM_RARE_CARD","is_prod":false,"is_daily":false,"chose_seed":false,"campfire_upgraded":1,"win_rate":0,"timestamp":1555785028,"path_taken":["M","?","?","?","?","E","R","M","T","M"],"build_version":"2019-01-23","purchased_purges":0,"victory":false,"max_hp_per_floor":[75,68,68,68,68,68,68,68,68,68],"card_choices":[{"not_picked":["Sentinel","Heavy Blade"],"picked":"Armaments","floor":1},{"not_picked":["Hemokinesis","Fire Breathing"],"picked":"Armaments","floor":4},{"not_picked":["Rupture","Evolve"],"picked":"Berserk","floor":6},{"not_picked":["Heavy Blade","Body Slam"],"picked":"Entrench+1","floor":8}],"player_experience":1165886,"relics_obtained":[{"floor":6,"key":"Toxic Egg 2"}],"event_choices":[{"damage_healed":0,"gold_gain":0,"player_choice":"Lose Max HP","damage_taken":0,"relics_obtained":["Golden Idol"],"max_hp_gain":0,"max_hp_loss":7,"event_name":"Golden Idol","floor":2,"gold_loss":0},{"damage_healed":0,"gold_gain":275,"player_choice":"Desecrate","damage_taken":0,"max_hp_gain":0,"max_hp_loss":0,"event_name":"Golden Shrine","floor":3,"gold_loss":0,"cards_obtained":["Regret"]},{"damage_healed":0,"gold_gain":0,"player_choice":"Forge","damage_taken":0,"max_hp_gain":0,"max_hp_loss":0,"event_name":"Accursed Blacksmith","floor":5,"gold_loss":0,"cards_upgraded":["Armaments"]}],"is_beta":false,"boss_relics":[],"items_purged_floors":[],"is_endless":false,"potions_floor_spawned":[1,8],"killed_by":"Large Slime","ascension_level":17}