{"gold_per_floor":[214,214,214,227,237,237,264,264],"floor_reached":8,"playtime":216,"items_purged":[],"score":78,"play_id":"4ce4a94e-3ba7-48fa-bde3-862a4e096e86","local_time":"20190217023746","is_ascension_mode":true,"campfire_choices":[{"data":"Heavy Blade","floor":6,"key":"SMITH"}],"neow_cost":"NONE","seed_source_timestamp":219948432460019,"circlet_count":0,"master_deck":["Strike_R","Strike_R","Strike_R","Strike_R","Strike_R","Defend_R","Defend_R","Defend_R","Defend_R","Bash","Flex","Heavy Blade+1","Anger","Sword Boomerang"],"relics":["Burning Blood","Darkstone Periapt","FaceOfCleric","Ornamental Fan"],"potions_floor_usage":[7],"damage_taken":[{"damage":9,"enemies":"Jaw Worm","floor":1,"turns":4},{"damage":1,"enemies":"Cultist","floor":4,"turns":4},{"damage":7,"enemies":"Small Slimes","floor":5,"turns":4},{"damage":26,"enemies":"Lagavulin","floor":7,"turns":5},{"damage":32,"enemies":"Exordium Thugs","floor":8,"turns":4}],"seed_played":"8186214536856119867","potions_obtained":[{"floor":4,"key":"Dexterity Potion"}],"is_trial":false,"path_per_floor":["M","?","?","M","M","R","E","M"],"character_chosen":"IRONCLAD","items_purchased":[],"campfire_rested":0,"item_purchase_floors":[],"current_hp_per_floor":[69,44,44,50,50,50,31,0],"gold":264,"neow_bonus":"HUNDRED_GOLD","is_prod":false,"is_daily":false,"chose_seed":false,"campfire_upgraded":1,"win_rate":0,"timestamp":1550381866,"path_taken":["M","?","?","?","M","R","E","M"],"build_version":"2019-01-23","purchased_purges":0,"victory":false,"max_hp_per_floor":[80,80,80,81,82,82,83,83],"card_choices":[{"not_picked":["Iron Wave","Clothesline"],"picked":"Flex","floor":1},{"not_picked":["Perfected Strike","Body Slam"],"picked":"Heavy Blade","floor":4},{"not_picked":["Barricade","Shrug It Off"],"picked":"Anger","floor":5},{"not_picked":["Thunderclap","Twin Strike"],"picked":"Sword Boomerang","floor":7}],"player_experience":787718,"relics_obtained":[{"floor":7,"key":"Ornamental Fan"}],"event_choices":[{"damage_healed":0,"gold_gain":0,"player_choice":"Success","damage_taken":25,"relics_obtained":["Darkstone Periapt"],"max_hp_gain":0,"max_hp_loss":0,"event_name":"Scrap Ooze","floor":2,"gold_loss":0},{"damage_healed":0,"gold_gain":0,"player_choice":"Trade","damage_taken":0,"relics_obtained":["FaceOfCleric"],"max_hp_gain":0,"max_hp_loss":0,"event_name":"FaceTrader","floor":3,"gold_loss":0}],"is_beta":false,"boss_relics":[],"items_purged_floors":[],"is_endless":false,"potions_floor_spawned":[4],"killed_by":"Exordium Thugs","ascension_level":8}