{"gold_per_floor":[111,35,54,70,86,114,114,129,175,194,194,194,119,135,135,229,229,229],"floor_reached":18,"playtime":575,"items_purged":["Strike_R"],"score":312,"play_id":"4540983a-548b-40cc-96bc-576305e91183","local_time":"20190506195555","is_ascension_mode":true,"campfire_choices":[{"data":"Shockwave","floor":7,"key":"SMITH"},{"floor":15,"key":"REST"}],"neow_cost":"PERCENT_DAMAGE","seed_source_timestamp":158441746811900,"circlet_count":0,"master_deck":["AscendersBane","Strike_R+1","Defend_R","Defend_R","Defend_R","Defend_R","Bash","Offering","Carnage+1","Battle Trance","Shockwave+1","Disarm","Power Through","Demon Form"],"relics":["Burning Blood","Whetstone","Bag of Marbles","Golden Idol","Empty Cage"],"potions_floor_usage":[6],"damage_taken":[{"damage":7,"enemies":"Cultist","floor":1,"turns":3},{"damage":8,"enemies":"Jaw Worm","floor":3,"turns":2},{"damage":7,"enemies":"Small Slimes","floor":4,"turns":4},{"damage":16,"enemies":"Exordium Wildlife","floor":5,"turns":4},{"damage":21,"enemies":"3 Sentries","floor":6,"turns":7},{"damage":12,"enemies":"Lots of Slimes","floor":8,"turns":4},{"damage":13,"enemies":"Large Slime","floor":10,"turns":3},{"damage":0,"enemies":"2 Fungi Beasts","floor":14,"turns":2},{"damage":21,"enemies":"Slime Boss","floor":16,"turns":8},{"damage":25,"enemies":"Spheric Guardian","floor":18,"turns":6}],"seed_played":"-4696772750995991079","potions_obtained":[{"floor":3,"key":"Poison Potion"},{"floor":6,"key":"Weak Potion"},{"floor":8,"key":"SkillPotion"}],"is_trial":false,"path_per_floor":["M","$","M","M","M","E","R","M","T","M","?","?","$","M","R","B",null,"M"],"character_chosen":"IRONCLAD","items_purchased":["Carnage"],"campfire_rested":1,"item_purchase_floors":[2],"current_hp_per_floor":[49,49,47,46,36,21,21,15,15,8,8,8,8,14,34,19,56,31],"gold":229,"neow_bonus":"THREE_RARE_CARDS","is_prod":false,"is_daily":false,"chose_seed":false,"campfire_upgraded":1,"win_rate":0,"timestamp":1557165355,"path_taken":["M","?","M","M","?","E","R","M","T","M","?","?","?","M","R","BOSS","M"],"build_version":"2019-01-23","purchased_purges":1,"victory":false,"max_hp_per_floor":[75,75,75,75,75,75,75,75,75,75,68,68,68,68,68,68,68,68],"card_choices":[{"not_picked":["Demon Form","Dark Embrace"],"picked":"Offering","floor":0},{"not_picked":["True Grit","Havoc","Armaments"],"picked":"SKIP","floor":1},{"not_picked":["Warcry","Clash","Sever Soul"],"picked":"SKIP","floor":3},{"not_picked":["Cleave","Wild Strike"],"picked":"Battle Trance","floor":4},{"not_picked":["Twin Strike","Sentinel"],"picked":"Shockwave","floor":5},{"not_picked":["Havoc","Warcry","Sword Boomerang"],"picked":"SKIP","floor":6},{"not_picked":["Anger","True Grit"],"picked":"Disarm","floor":8},{"not_picked":["Searing Blow","Combust","Flex"],"picked":"SKIP","floor":10},{"not_picked":["Power Through","Reckless Charge","Iron Wave"],"picked":"SKIP","floor":14},{"not_picked":["Reckless Charge","Iron Wave"],"picked":"Power Through","floor":14},{"not_picked":["Feed","Offering"],"picked":"Demon Form","floor":16}],"player_experience":666716,"relics_obtained":[{"floor":6,"key":"Whetstone"},{"floor":9,"key":"Bag of Marbles"}],"event_choices":[{"damage_healed":0,"gold_gain":0,"player_choice":"Lose Max HP","damage_taken":0,"relics_obtained":["Golden Idol"],"max_hp_gain":0,"max_hp_loss":7,"event_name":"Golden Idol","floor":11,"gold_loss":0},{"cards_removed":["Strike_R"],"damage_healed":0,"gold_gain":0,"player_choice":"Forget","damage_taken":0,"max_hp_gain":0,"max_hp_loss":0,"event_name":"Living Wall","floor":12,"gold_loss":0}],"is_beta":false,"boss_relics":[{"not_picked":["Tiny House","Runic Cube"],"picked":"Empty Cage"}],"items_purged_floors":[13],"is_endless":false,"potions_floor_spawned":[3,6,8,10,16],"killed_by":"Spheric Guardian","ascension_level":18}