{"gold_per_floor":[114,124,49,49,64,64,99,99,99,99],"floor_reached":10,"playtime":263,"items_purged":[],"score":132,"play_id":"bbe0f515-12b2-436d-b23f-b7edb44d04a1","local_time":"20190505174332","is_ascension_mode":true,"campfire_choices":[{"data":"Bash","floor":6.0,"key":"SMITH"},{"data":"Anger","floor":8,"key":"SMITH"}],"neow_cost":"NONE","seed_source_timestamp":8585861917375,"circlet_count":0,"master_deck":["AscendersBane","Strike_R","Strike_R","Strike_R","Defend_R","Defend_R","Defend_R","Defend_R","Bash+1","Headbutt","Shrug It Off","Anger+1","Rampage"],"special_seed":0,"relics":["Burning Blood","Golden Idol","Incense Burner"],"potions_floor_usage":[7],"damage_taken":[{"damage":6.0,"enemies":"Cultist","floor":1.0,"turns":3.0},{"damage":5.0,"enemies":"2 Louse","floor":2.0,"turns":3.0},{"damage":0.0,"enemies":"Small Slimes","floor":5.0,"turns":4.0},{"damage":27,"enemies":"3 Sentries","floor":7,"turns":8},{"damage":31,"enemies":"Gremlin Nob","floor":10,"turns":3}],"seed_played":"1629202812549232137","potions_obtained":[{"floor":5.0,"key":"FearPotion"}],"is_trial":false,"path_per_floor":["M","M","?","?","M","R","E","R","T","E"],"character_chosen":"IRONCLAD","items_purchased":[],"campfire_rested":0,"item_purchase_floors":[],"current_hp_per_floor":[68,69,69,43,49,49,28,28,28,0],"gold":99,"neow_bonus":"REMOVE_CARD","is_prod":false,"is_daily":false,"chose_seed":false,"campfire_upgraded":2,"win_rate":0,"timestamp":1557092612,"path_taken":["M","M","?","?","M","R","E","R","T","E"],"build_version":"2019-04-23","purchased_purges":0,"victory":false,"max_hp_per_floor":[75,75,75,75,75,75,75,75,75,75],"card_choices":[{"not_picked":["Heavy Blade","Dropkick"],"picked":"Headbutt","floor":1.0},{"not_picked":["Thunderclap","Entrench"],"picked":"Shrug It Off","floor":2.0},{"not_picked":["Twin Strike","Rampage"],"picked":"Anger","floor":5.0},{"not_picked":["Sever Soul","Perfected Strike"],"picked":"Rampage","floor":7}],"player_experience":805990,"relics_obtained":[{"floor":7,"key":"Incense Burner"}],"event_choices":[{"cards_removed":["Strike_R"],"damage_healed":0.0,"max_hp_gain":0.0,"max_hp_loss":0.0,"gold_gain":0.0,"event_name":"The Cleric","player_choice":"Card Removal","floor":3.0,"gold_loss":75.0,"damage_taken":0.0},{"damage_healed":0.0,"max_hp_gain":0.0,"max_hp_loss":0.0,"gold_gain":0.0,"event_name":"Golden Idol","player_choice":"Take Damage","floor":4.0,"gold_loss":0.0,"damage_taken":26.0,"relics_obtained":["Golden Idol"]}],"is_beta":true,"boss_relics":[],"items_purged_floors":[],"is_endless":false,"potions_floor_spawned":[5],"killed_by":"Gremlin Nob","ascension_level":20}