{"path_per_floor":["M","?","$","M","M","R","E","?","T","$","M","M","R","$","R","B",null,"M","M","?","$","T","R","E","R","T","M","M","M","M"],"character_chosen":"IRONCLAD","items_purchased":["Flex","Bronze Scales","Pummel","Metallicize","Flex","Inflame","Flex","Uppercut"],"gold_per_floor":[116,216,22,40,58,58,117,292,292,186,202,216,216,96,96,198,198,216,235,160,42,65,65,92,92,92,104,121,141,154,154],"floor_reached":31,"campfire_rested":3,"playtime":2881,"item_purchase_floors":[3,3,10,10,14,14,21,21],"current_hp_per_floor":[80,80,80,80,80,80,54,54,54,54,39,43,67,67,67,30,80,71,43,43,43,50,76,56,85,85,73,60,25,21,0],"items_purged":[],"gold":154,"score":346,"play_id":"9f167594-c11f-4db5-ab82-2e58c99ff4b3","local_time":"20180611021700","is_prod":false,"is_daily":false,"chose_seed":false,"is_ascension_mode":true,"campfire_upgraded":2,"win_rate":0,"timestamp":1528694220,"campfire_choices":[{"data":"Perfected Strike","floor":6,"key":"SMITH"},{"floor":13,"key":"REST"},{"data":"Perfected Strike","floor":15,"key":"SMITH"},{"floor":23,"key":"REST"},{"floor":25,"key":"REST"}],"path_taken":["M","?","?","M","M","R","E","?","T","$","M","?","R","?","R","BOSS","M","?","?","$","?","R","E","R","T","M","?","M","M","M"],"build_version":"2018-06-07v3","seed_source_timestamp":536010577256031,"purchased_purges":0,"victory":false,"master_deck":["Strike_R","Strike_R","Strike_R","Strike_R","Strike_R","Defend_R","Defend_R","Defend_R","Defend_R","Bash","Flex","Flex","Iron Wave","Perfected Strike+1","Armaments","Pummel","Metallicize","Perfected Strike+1","Flame Barrier","Flex","Inflame","Double Tap","Thunderclap+1","Shrug It Off","Flex","Uppercut","Ghostly Armor+1","Flex","Cleave+1","Heavy Blade","Cleave+1"],"max_hp_per_floor":[80,80,80,80,80,80,80,80,80,80,80,80,80,80,80,80,80,80,80,80,80,87,87,97,97,97,97,97,97,97,97],"relics":["Burning Blood","NeowsBlessing","Bronze Scales","Tiny Chest","Centennial Puzzle","Sozu","Strawberry","Pear","Sundial"],"card_choices":[{"not_picked":["Fire Breathing","Wild Strike"],"picked":"Flex","floor":1},{"not_picked":["Entrench","Warcry"],"picked":"Iron Wave","floor":4},{"not_picked":["Blood for Blood","Flame Barrier"],"picked":"Perfected Strike","floor":5},{"not_picked":["Iron Wave","Clash"],"picked":"Armaments","floor":7},{"not_picked":["True Grit","Anger"],"picked":"Perfected Strike","floor":11},{"not_picked":["Armaments","Wild Strike"],"picked":"Flame Barrier","floor":12},{"not_picked":["Juggernaut","Immolate"],"picked":"Double Tap","floor":16},{"not_picked":["Shockwave","Blood for Blood"],"picked":"Thunderclap+1","floor":18},{"not_picked":["Thunderclap","Sentinel"],"picked":"Shrug It Off","floor":19},{"not_picked":["Evolve","Heavy Blade"],"picked":"Ghostly Armor+1","floor":24},{"not_picked":["Dual Wield","Rage+1"],"picked":"Flex","floor":27},{"not_picked":["Headbutt","Sentinel+1"],"picked":"Cleave+1","floor":28},{"not_picked":["Rupture","True Grit"],"picked":"Heavy Blade","floor":29},{"not_picked":["Clash","Spot Weakness"],"picked":"Cleave+1","floor":30}],"player_experience":329769,"potions_floor_usage":[18,27,29],"damage_taken":[{"damage":0,"enemies":"Small Slimes","floor":1,"turns":1},{"damage":0,"enemies":"Cultist","floor":4,"turns":1},{"damage":0,"enemies":"2 Louse","floor":5,"turns":1},{"damage":32,"enemies":"Gremlin Nob","floor":7,"turns":4},{"damage":21,"enemies":"Exordium Thugs","floor":11,"turns":5},{"damage":2,"enemies":"3 Louse","floor":12,"turns":2},{"damage":43,"enemies":"Slime Boss","floor":16,"turns":12},{"damage":15,"enemies":"3 Byrds","floor":18,"turns":3},{"damage":34,"enemies":"Shell Parasite","floor":19,"turns":5},{"damage":36,"enemies":"Slavers","floor":24,"turns":5},{"damage":18,"enemies":"3 Cultists","floor":27,"turns":4},{"damage":19,"enemies":"Snake Plant","floor":28,"turns":2},{"damage":41,"enemies":"Centurion and Healer","floor":29,"turns":6},{"damage":10,"enemies":"3 Cultists","floor":30,"turns":4},{"damage":41,"enemies":"Chosen and Byrds","floor":31,"turns":4}],"relics_obtained":[{"floor":7,"key":"Tiny Chest"},{"floor":9,"key":"Centennial Puzzle"},{"floor":22,"key":"Strawberry"},{"floor":24,"key":"Pear"},{"floor":26,"key":"Sundial"}],"event_choices":[{"event_name":"Golden Shrine","player_choice":"Pray","floor":2,"damage_taken":0},{"event_name":"Liars Game","player_choice":"agreed","floor":8,"damage_taken":0},{"event_name":"Beggar","player_choice":"Gave Gold","floor":20,"damage_taken":0}],"boss_relics":[{"not_picked":["Snecko Eye","Philosopher\u0027s Stone"],"picked":"Sozu"}],"items_purged_floors":[],"potions_floor_spawned":[1,12,16,24,28],"seed_played":"-6498709563601250278","killed_by":"Chosen and Byrds","ascension_level":3,"potions_obtained":[{"floor":1,"key":"LiquidBronze"},{"floor":12,"key":"PowerPotion"},{"floor":16,"key":"PowerPotion"}],"is_trial":false}