{"gold_per_floor":[117,17,192,192,202,202,229,239,239,239,268,288,108,135,135,238,238,254,274,32,32,32,32,58,69,69,69,99,112,140,140,140,241,241,252,263,281,281,138,170,170,270,270,270,270],"floor_reached":45,"playtime":1458,"items_purged":["Regret"],"score":813,"play_id":"57c49c9c-3a03-4888-84e4-01ba1eedcaf3","local_time":"20181229204810","is_ascension_mode":true,"campfire_choices":[{"data":"Static Discharge","floor":6,"key":"SMITH"},{"data":"Loop","floor":10,"key":"SMITH"},{"floor":15,"key":"REST"},{"data":"Double Energy","floor":23,"key":"SMITH"},{"floor":27,"key":"REST"},{"floor":32,"key":"REST"},{"data":"Loop","floor":41,"key":"SMITH"}],"neow_cost":"NONE","seed_source_timestamp":691615249767076,"circlet_count":0,"master_deck":["Strike_B","Strike_B","Strike_B","Strike_B","Defend_B","Defend_B","Defend_B","Defend_B","Zap","Dualcast","Conserve Battery","Turbo","Static Discharge+1","Doubt","Loop+1","Hello World","Loop+1","White Noise","White Noise","Defragment","White Noise","Electrodynamics","Steam","Double Energy+1","Chrysalis","Steam+1","Rip and Tear","Ball Lightning+1","Sweeping Beam","Sweeping Beam","Thunder Strike","Ball Lightning+1","Conserve Battery+1","Seek","Redo+1","Go for the Eyes"],"relics":["Cracked Core","NeowsBlessing","Emotion Chip","Potion Belt","FossilizedHelix","Odd Mushroom","Omamori","Meat on the Bone","Inserter","Art of War","PreservedInsect","Oddly Smooth Stone","Bronze Scales","WarpedTongs","Philosopher\u0027s Stone","Strawberry","Dream Catcher","Torii","Calipers"],"potions_floor_usage":[14,14,14,14,14,14,16,16,16,19,28,30,33,33,36,44,45],"damage_taken":[{"damage":0,"enemies":"2 Louse","floor":1,"turns":1},{"damage":0,"enemies":"Small Slimes","floor":5,"turns":1},{"damage":0,"enemies":"Lagavulin","floor":7,"turns":1},{"damage":11,"enemies":"Jaw Worm","floor":8,"turns":3},{"damage":32,"enemies":"The Mushroom Lair","floor":11,"turns":3},{"damage":9,"enemies":"Blue Slaver","floor":12,"turns":3},{"damage":0,"enemies":"Gremlin Nob","floor":14,"turns":4},{"damage":24,"enemies":"Slime Boss","floor":16,"turns":7},{"damage":13,"enemies":"Spheric Guardian","floor":18,"turns":3},{"damage":18,"enemies":"2 Thieves","floor":19,"turns":3},{"damage":41,"enemies":"Slavers","floor":24,"turns":3},{"damage":28,"enemies":"Shelled Parasite and Fungi","floor":25,"turns":6},{"damage":0,"enemies":"Gremlin Leader","floor":28,"turns":4},{"damage":39,"enemies":"Cultist and Chosen","floor":29,"turns":4},{"damage":16,"enemies":"Book of Stabbing","floor":30,"turns":7},{"damage":31,"enemies":"Collector","floor":33,"turns":5},{"damage":20,"enemies":"3 Shapes","floor":35,"turns":4},{"damage":0,"enemies":"Orb Walker","floor":36,"turns":3},{"damage":27,"enemies":"Sphere and 2 Shapes","floor":37,"turns":5},{"damage":18,"enemies":"Nemesis","floor":40,"turns":5},{"damage":0,"enemies":"Mind Bloom Boss Battle","floor":42,"turns":7},{"damage":0,"enemies":"Spire Growth","floor":44,"turns":2},{"damage":84,"enemies":"Reptomancer","floor":45,"turns":3}],"seed_played":"894637098858878310","potions_obtained":[{"floor":1,"key":"Ancient Potion"},{"floor":8,"key":"Poison Potion"},{"floor":12,"key":"EntropicBrew"},{"floor":14,"key":"Energy Potion"},{"floor":16,"key":"Regen Potion"},{"floor":24,"key":"SpeedPotion"},{"floor":25,"key":"Regen Potion"},{"floor":28,"key":"GamblersBrew"},{"floor":29,"key":"PowerPotion"},{"floor":30,"key":"SmokeBomb"},{"floor":35,"key":"AttackPotion"},{"floor":37,"key":"FairyPotion"},{"floor":42,"key":"Fire Potion"}],"is_trial":false,"path_per_floor":["M","$","?","?","M","R","E","M","T","R","?","M","$","E","R","B",null,"M","M","$","?","$","R","E","M","T","R","E","M","E","?","R","B",null,"M","M","M","?","$","E","R","?","T","M","E"],"character_chosen":"DEFECT","items_purchased":["Turbo","Static Discharge","Defragment","Omamori","Chrysalis","Strawberry"],"campfire_rested":3,"item_purchase_floors":[2,2,13,13,20,39],"current_hp_per_floor":[68,68,68,68,68,68,68,57,57,57,25,16,16,16,38,26,63,50,41,41,66,66,66,37,21,21,43,55,28,24,24,46,27,63,43,43,28,66,73,55,55,55,55,55,0],"gold":270,"neow_bonus":"THREE_ENEMY_KILL","is_prod":false,"is_daily":false,"chose_seed":false,"campfire_upgraded":4,"win_rate":0,"timestamp":1546127290,"path_taken":["M","$","?","?","M","R","E","M","T","R","?","M","$","E","R","BOSS","M","M","$","?","$","R","E","M","T","R","E","M","E","?","R","BOSS","M","?","M","?","$","E","R","?","T","M","E"],"build_version":"2018-12-20","purchased_purges":1,"victory":false,"max_hp_per_floor":[75,75,75,75,75,75,75,75,75,75,75,75,75,75,75,75,75,75,75,75,75,75,75,75,75,75,75,75,75,75,75,75,75,75,75,75,75,66,73,73,73,73,73,73,73],"card_choices":[{"not_picked":["Reprogram","Stack"],"picked":"Conserve Battery","floor":1},{"not_picked":["Ball Lightning","Undo"],"picked":"Loop","floor":5},{"not_picked":["Rip and Tear","Stack"],"picked":"Hello World","floor":7},{"not_picked":["Sunder","Sweeping Beam"],"picked":"Loop","floor":8},{"not_picked":["Rainbow","Skim"],"picked":"White Noise","floor":11},{"not_picked":["Steam","Skim"],"picked":"White Noise","floor":12},{"not_picked":["Rebound","Sunder"],"picked":"White Noise","floor":14},{"not_picked":["Machine Learning","All For One"],"picked":"Electrodynamics","floor":16},{"not_picked":["Reprogram","Streamline+1"],"picked":"Steam","floor":18},{"not_picked":["Beam Cell","Go for the Eyes"],"picked":"Double Energy","floor":19},{"not_picked":["Barrage","Streamline"],"picked":"Steam+1","floor":24},{"not_picked":["Blizzard","Beam Cell"],"picked":"Rip and Tear","floor":25},{"not_picked":["Conserve Battery","Machine Learning"],"picked":"Ball Lightning+1","floor":28},{"not_picked":["Redo","Compile Driver"],"picked":"Sweeping Beam","floor":29},{"not_picked":["Fusion","Hologram"],"picked":"Sweeping Beam","floor":30},{"not_picked":["Fission","Hyperbeam"],"picked":"Thunder Strike","floor":33},{"not_picked":["Cold Snap","Beam Cell+1"],"picked":"Ball Lightning+1","floor":35},{"not_picked":["Sweeping Beam","Steam"],"picked":"Conserve Battery+1","floor":36},{"not_picked":["Steam","Cold Snap+1"],"picked":"Seek","floor":37},{"not_picked":["Turbo","Gash+1"],"picked":"Redo+1","floor":40},{"not_picked":["Barrage","Force Field"],"picked":"Go for the Eyes","floor":42}],"player_experience":564089,"relics_obtained":[{"floor":7,"key":"Potion Belt"},{"floor":9,"key":"FossilizedHelix"},{"floor":11,"key":"Odd Mushroom"},{"floor":14,"key":"Meat on the Bone"},{"floor":24,"key":"Art of War"},{"floor":26,"key":"PreservedInsect"},{"floor":28,"key":"Oddly Smooth Stone"},{"floor":30,"key":"Bronze Scales"},{"floor":40,"key":"Dream Catcher"},{"floor":42,"key":"Torii"},{"floor":43,"key":"Calipers"}],"event_choices":[{"damage_healed":0,"gold_gain":175,"player_choice":"AGREE","damage_taken":0,"max_hp_gain":0,"max_hp_loss":0,"event_name":"Liars Game","floor":3,"gold_loss":0,"cards_obtained":["Doubt"]},{"damage_healed":0,"gold_gain":0,"player_choice":"Box","damage_taken":0,"relics_obtained":["Emotion Chip"],"max_hp_gain":0,"max_hp_loss":0,"event_name":"Big Fish","floor":4,"gold_loss":0,"cards_obtained":["Regret"]},{"damage_healed":0,"gold_gain":0,"player_choice":"Fought Mushrooms","damage_taken":0,"max_hp_gain":0,"max_hp_loss":0,"event_name":"Mushrooms","floor":11,"gold_loss":0},{"damage_healed":25,"gold_gain":0,"player_choice":"Heal","damage_taken":0,"max_hp_gain":0,"max_hp_loss":0,"event_name":"The Library","floor":21,"gold_loss":0},{"damage_healed":0,"gold_gain":0,"player_choice":"Rummage","damage_taken":0,"relics_obtained":["WarpedTongs"],"max_hp_gain":0,"max_hp_loss":0,"event_name":"Accursed Blacksmith","floor":31,"gold_loss":0,"cards_obtained":["Pain"]},{"damage_healed":66,"gold_gain":0,"player_choice":"Heal","damage_taken":0,"max_hp_gain":0,"max_hp_loss":9,"event_name":"The Moai Head","floor":38,"gold_loss":0},{"damage_healed":0,"gold_gain":0,"player_choice":"Fight","damage_taken":0,"max_hp_gain":0,"max_hp_loss":0,"event_name":"MindBloom","floor":42,"gold_loss":0}],"is_beta":false,"boss_relics":[{"not_picked":["Ectoplasm","Astrolabe"],"picked":"Inserter"},{"not_picked":["Orrery","Velvet Choker"],"picked":"Philosopher\u0027s Stone"}],"items_purged_floors":[20],"is_endless":false,"potions_floor_spawned":[1,8,12,14,16,24,25,28,29,30,35,37,42],"killed_by":"Reptomancer","ascension_level":7}