{"gold_per_floor":[20,20,36,54,54,54,54,72,72,72,90,15,25,51,51,146,146,86,86,86,86,46,46,46,46,46,46,46,46,46,46,46,46,46,46,46,46,46,46,46,46,46,46,46,46,46,46,46,46,46,46,46,46],"floor_reached":53,"playtime":3351,"items_purged":["Strike_B"],"score":759,"play_id":"b8fa52af-bc2b-453d-a311-044f8cf4ad64","local_time":"20190504154700","is_ascension_mode":false,"campfire_choices":[{"data":"Zap","floor":7.0,"key":"SMITH"},{"data":"Hologram","floor":10.0,"key":"SMITH"},{"data":"Go for the Eyes","floor":15.0,"key":"SMITH"},{"floor":24.0,"key":"REST"},{"data":"Capacitor","floor":27.0,"key":"SMITH"},{"data":"Biased Cognition","floor":29.0,"key":"SMITH"},{"data":"Echo Form","floor":32.0,"key":"SMITH"},{"data":"Barrage","floor":42.0,"key":"SMITH"},{"data":"FTL","floor":45.0,"key":"SMITH"},{"floor":49.0,"key":"RECALL"},{"data":"Ball Lightning","floor":52,"key":"SMITH"}],"neow_cost":"NO_GOLD","seed_source_timestamp":0,"circlet_count":0,"master_deck":["Strike_B","Defend_B","Defend_B","Defend_B","Zap+1","Dualcast","Ball Lightning+1","Rebound","Hologram+1","Glacier","Go for the Eyes+1","FTL+1","Capacitor+1","Echo Form+1","Barrage+1","Ball Lightning","Self Repair","FTL+1","Glacier+1","Biased Cognition+1","Skim","Meteor Strike+1","Compile Driver+1","Conserve Battery+1","Beam Cell+1","Coolheaded+1","Compile Driver+1","Defragment+1","Melter+1","Chill","BootSequence+1","Capacitor+1"],"special_seed":0,"relics":["Cracked Core","Kunai","Omamori","Ectoplasm","Molten Egg 2","Pocketwatch","Blue Candle","Happy Flower","Orrery","Ice Cream","Boot","Cables"],"potions_floor_usage":[],"damage_taken":[{"damage":1.0,"enemies":"Cultist","floor":1.0,"turns":3.0},{"damage":0.0,"enemies":"2 Louse","floor":3.0,"turns":2.0},{"damage":6.0,"enemies":"Jaw Worm","floor":4.0,"turns":2.0},{"damage":0.0,"enemies":"Exordium Wildlife","floor":6.0,"turns":1.0},{"damage":10.0,"enemies":"Lots of Slimes","floor":8.0,"turns":3.0},{"damage":9.0,"enemies":"Exordium Thugs","floor":11.0,"turns":3.0},{"damage":0.0,"enemies":"2 Fungi Beasts","floor":13.0,"turns":2.0},{"damage":0.0,"enemies":"Lagavulin","floor":14.0,"turns":5.0},{"damage":2.0,"enemies":"Hexaghost","floor":16.0,"turns":10.0},{"damage":30.0,"enemies":"2 Thieves","floor":18.0,"turns":4.0},{"damage":0.0,"enemies":"Chosen","floor":20.0,"turns":4.0},{"damage":24.0,"enemies":"Slavers","floor":23.0,"turns":5.0},{"damage":6.0,"enemies":"Gremlin Leader","floor":25.0,"turns":8.0},{"damage":0.0,"enemies":"Snecko","floor":28.0,"turns":4.0},{"damage":5.0,"enemies":"Centurion and Healer","floor":30.0,"turns":6.0},{"damage":15.0,"enemies":"Snake Plant","floor":31.0,"turns":3.0},{"damage":6.0,"enemies":"Champ","floor":33.0,"turns":12.0},{"damage":0.0,"enemies":"Orb Walker","floor":35.0,"turns":2.0},{"damage":18.0,"enemies":"3 Darklings","floor":37.0,"turns":7.0},{"damage":28.0,"enemies":"2 Orb Walkers","floor":38.0,"turns":3.0},{"damage":32.0,"enemies":"Writhing Mass","floor":39.0,"turns":6.0},{"damage":7.0,"enemies":"Reptomancer","floor":40.0,"turns":8.0},{"damage":0.0,"enemies":"Nemesis","floor":46.0,"turns":5.0},{"damage":0.0,"enemies":"Transient","floor":47.0,"turns":5.0},{"damage":0.0,"enemies":"3 Darklings","floor":48.0,"turns":6.0},{"damage":15.0,"enemies":"Awakened One","floor":50.0,"turns":10.0}],"seed_played":"6953241571239680990","potions_obtained":[{"floor":4.0,"key":"SmokeBomb"},{"floor":8.0,"key":"SpeedPotion"},{"floor":13.0,"key":"AttackPotion"},{"floor":16.0,"key":"FocusPotion"},{"floor":19.0,"key":"Fruit Juice"},{"floor":19.0,"key":"Energy Potion"},{"floor":19.0,"key":"Weak Potion"},{"floor":23.0,"key":"SteroidPotion"},{"floor":25.0,"key":"LiquidBronze"},{"floor":33.0,"key":"Dexterity Potion"},{"floor":35.0,"key":"Ancient Potion"},{"floor":40.0,"key":"Swift Potion"}],"is_trial":false,"path_per_floor":["M","$","M","M","?","M","R","M","T","R","M","$","M","E","R","B",null,"M","?","M","T","$","E","R","E","T","R","M","R","M","M","R","B",null,"M","$","M","?","M","E","?","R","T","?","R","E","M","M","R","B",null,"R","$"],"character_chosen":"DEFECT","items_purchased":["Self Repair"],"campfire_rested":1,"item_purchase_floors":[22],"current_hp_per_floor":[74,74,74,68,68,68,68,58,58,58,49,49,49,49,49,47,75,45,50,50,50,50,33,57,65,65,65,72,72,74,66,66,67,80,80,80,69,48,30,37,70,70,70,70,70,70,70,70,70,62,70,70,70],"gold":46,"neow_bonus":"REMOVE_TWO","is_prod":false,"is_daily":false,"chose_seed":false,"campfire_upgraded":9,"win_rate":0,"timestamp":1556981220,"path_taken":["M","?","?","M","?","M","R","M","T","R","M","?","?","E","R","BOSS","M","?","?","?","?","E","R","E","T","R","M","R","M","M","R","BOSS","M","$","M","?","M","E","?","R","T","?","R","E","M","?","R","BOSS","R","$"],"build_version":"2019-04-23","purchased_purges":1,"victory":false,"max_hp_per_floor":[75,75,75,75,75,75,75,75,75,75,75,75,75,75,75,75,75,75,80,80,80,80,80,80,80,80,80,80,80,80,80,80,80,80,80,80,80,80,80,80,70,70,70,70,70,70,70,70,70,70,70,70,70],"card_choices":[{"not_picked":["Go for the Eyes","Conserve Battery"],"picked":"Ball Lightning","floor":1.0},{"not_picked":["Rip and Tear","Double Energy"],"picked":"Rebound","floor":3.0},{"not_picked":["Beam Cell","Rebound"],"picked":"Hologram","floor":4.0},{"not_picked":["Steam","Hello World"],"picked":"Glacier","floor":8.0},{"not_picked":["Redo","Cold Snap"],"picked":"Go for the Eyes","floor":11.0},{"not_picked":["Go for the Eyes","Cold Snap"],"picked":"FTL","floor":13.0},{"not_picked":["Beam Cell","Sweeping Beam"],"picked":"Capacitor","floor":14.0},{"not_picked":["Multi-Cast","Buffer"],"picked":"Echo Form","floor":16.0},{"not_picked":["Streamline+1","Recycle"],"picked":"Barrage","floor":18.0},{"not_picked":["Aggregate","Hologram+1"],"picked":"Ball Lightning","floor":20.0},{"not_picked":["Rebound+1","Heatsinks"],"picked":"FTL+1","floor":23.0},{"not_picked":["Reinforced Body+1","Stack+1"],"picked":"Glacier+1","floor":25.0},{"not_picked":["Turbo","Recycle+1"],"picked":"Biased Cognition","floor":28.0},{"not_picked":["Redo","Leap"],"picked":"Skim","floor":30.0},{"not_picked":["Stack","Redo","Creative AI"],"picked":"SKIP","floor":31.0},{"not_picked":["Hyperbeam+1","Echo Form"],"picked":"Meteor Strike+1","floor":33.0},{"not_picked":["Melter+1","Ball Lightning+1"],"picked":"Compile Driver+1","floor":34.0},{"not_picked":["Scrape+1","Redo"],"picked":"Conserve Battery+1","floor":34.0},{"not_picked":["Chill+1","Barrage+1"],"picked":"Beam Cell+1","floor":34.0},{"not_picked":["Gash+1","Cold Snap+1"],"picked":"Coolheaded+1","floor":35.0},{"not_picked":["Tempest","Reinforced Body"],"picked":"Compile Driver+1","floor":37.0},{"not_picked":["Stack","Turbo"],"picked":"Defragment+1","floor":39.0},{"not_picked":["Ball Lightning+1","Self Repair+1","Rainbow"],"picked":"SKIP","floor":40.0},{"not_picked":["Beam Cell+1","Darkness+1"],"picked":"Chill","floor":46.0},{"not_picked":["Storm+1","Consume"],"picked":"BootSequence+1","floor":47.0},{"not_picked":["Self Repair","Cold Snap+1"],"picked":"Capacitor+1","floor":48.0}],"player_experience":1300485,"relics_obtained":[{"floor":9.0,"key":"Kunai"},{"floor":14.0,"key":"Omamori"},{"floor":21.0,"key":"Molten Egg 2"},{"floor":23.0,"key":"Pocketwatch"},{"floor":25.0,"key":"Blue Candle"},{"floor":26.0,"key":"Happy Flower"},{"floor":38.0,"key":"Ice Cream"},{"floor":40.0,"key":"Boot"},{"floor":46.0,"key":"Cables"}],"event_choices":[{"damage_healed":0.0,"max_hp_gain":0.0,"max_hp_loss":0.0,"gold_gain":0.0,"event_name":"Liars Game","player_choice":"Ignored","floor":5.0,"gold_loss":0.0,"damage_taken":0.0},{"damage_healed":0.0,"max_hp_gain":0.0,"max_hp_loss":0.0,"gold_gain":0.0,"event_name":"Lab","player_choice":"Got Potions","floor":19.0,"gold_loss":0.0,"damage_taken":0.0},{"damage_healed":0.0,"max_hp_gain":0.0,"max_hp_loss":0.0,"gold_gain":0.0,"event_name":"Mysterious Sphere","player_choice":"Fight","floor":38.0,"gold_loss":0.0,"damage_taken":0.0},{"damage_healed":70.0,"max_hp_gain":0.0,"max_hp_loss":10.0,"gold_gain":0.0,"event_name":"The Moai Head","player_choice":"Heal","floor":41.0,"gold_loss":0.0,"damage_taken":0.0},{"damage_healed":0.0,"max_hp_gain":0.0,"max_hp_loss":0.0,"gold_gain":0.0,"cards_transformed":["Strike_B"],"event_name":"Transmorgrifier","player_choice":"Transformed","floor":44.0,"gold_loss":0.0,"damage_taken":0.0,"cards_obtained":["Melter"]}],"is_beta":true,"boss_relics":[{"not_picked":["Black Star","Pandora\u0027s Box"],"picked":"Ectoplasm"},{"not_picked":["White Beast Statue","FrozenCore"],"picked":"Orrery"}],"items_purged_floors":[12],"is_endless":false,"potions_floor_spawned":[4,8,13,16,23,25,33,35,40],"ascension_level":0}