{"gold_per_floor":[116,146,160,160,335,335,353,386,409,433,453,93,63,82,82,157,157,177,193,241,261,279,279],"floor_reached":23,"playtime":652,"items_purged":["Doubt"],"score":328,"play_id":"4010e394-e46f-4505-a488-6b63c47c741f","local_time":"20190403224318","is_ascension_mode":true,"campfire_choices":[{"data":"Carnage","floor":6,"key":"SMITH"},{"data":"Pummel","floor":15,"key":"SMITH"}],"neow_cost":"NONE","seed_source_timestamp":211616010380713,"circlet_count":0,"master_deck":["AscendersBane","Strike_R","Strike_R","Strike_R","Strike_R","Strike_R","Defend_R","Defend_R","Defend_R","Defend_R","Bash","Carnage+1","Combust+1","Immolate","Carnage","Pummel+1","Twin Strike","Offering","Heavy Blade+1","Twin Strike+1","Sword Boomerang","Disarm"],"relics":["Burning Blood","Centennial Puzzle","Tiny Chest","Dream Catcher","Bronze Scales","Strawberry","Brimstone","Philosopher\u0027s Stone","Happy Flower"],"potions_floor_usage":[8,8,14,14,23],"damage_taken":[{"damage":9,"enemies":"2 Louse","floor":1,"turns":2},{"damage":3,"enemies":"Small Slimes","floor":3,"turns":3},{"damage":7,"enemies":"Jaw Worm","floor":7,"turns":2},{"damage":16,"enemies":"Gremlin Nob","floor":8,"turns":3},{"damage":12,"enemies":"Exordium Wildlife","floor":11,"turns":3},{"damage":15,"enemies":"Exordium Thugs","floor":14,"turns":2},{"damage":52,"enemies":"The Guardian","floor":16,"turns":5},{"damage":24,"enemies":"3 Byrds","floor":18,"turns":2},{"damage":14,"enemies":"Spheric Guardian","floor":19,"turns":3},{"damage":13,"enemies":"Snecko","floor":21,"turns":3},{"damage":8,"enemies":"Sentry and Sphere","floor":22,"turns":2},{"damage":29,"enemies":"Book of Stabbing","floor":23,"turns":2}],"seed_played":"-6400390861570237696","potions_obtained":[{"floor":3,"key":"Swift Potion"},{"floor":7,"key":"AttackPotion"},{"floor":13,"key":"BloodPotion"},{"floor":13,"key":"FearPotion"},{"floor":18,"key":"Dexterity Potion"},{"floor":21,"key":"Explosive Potion"}],"is_trial":false,"path_per_floor":["M","?","M","?","?","R","M","E","T","T","M","$","?","M","R","B",null,"M","M","T","M","M","E"],"character_chosen":"IRONCLAD","items_purchased":["Brimstone","Pummel"],"campfire_rested":0,"item_purchase_floors":[12,12],"current_hp_per_floor":[65,62,65,65,65,65,64,54,54,61,55,55,55,54,54,8,64,46,38,38,31,29,0],"gold":279,"neow_bonus":"RANDOM_COMMON_RELIC","is_prod":false,"is_daily":false,"chose_seed":false,"campfire_upgraded":2,"win_rate":0,"timestamp":1554342198,"path_taken":["M","?","M","?","?","R","M","E","T","?","?","$","?","M","R","BOSS","M","M","?","?","M","E"],"build_version":"2019-01-23","purchased_purges":1,"victory":false,"max_hp_per_floor":[75,75,75,75,75,75,75,75,75,82,82,82,82,82,82,82,82,82,82,82,82,82,82],"card_choices":[{"not_picked":["Wild Strike","Rage"],"picked":"Carnage","floor":1},{"not_picked":["Iron Wave","Havoc"],"picked":"Combust","floor":3},{"not_picked":["Heavy Blade","Burning Pact"],"picked":"Immolate","floor":7},{"not_picked":["Warcry","Thunderclap"],"picked":"Carnage","floor":8},{"not_picked":["Sentinel","Body Slam","Sever Soul"],"picked":"SKIP","floor":11},{"not_picked":["Clothesline","True Grit"],"picked":"Twin Strike","floor":14},{"not_picked":["Berserk","Brutality"],"picked":"Offering","floor":16},{"not_picked":["Shockwave","Dual Wield"],"picked":"Heavy Blade+1","floor":18},{"not_picked":["Inflame","Iron Wave"],"picked":"Twin Strike+1","floor":19},{"not_picked":["Thunderclap","Iron Wave"],"picked":"Sword Boomerang","floor":21},{"not_picked":["Cleave","Combust"],"picked":"Disarm","floor":22}],"player_experience":1030202,"relics_obtained":[{"floor":8,"key":"Dream Catcher"},{"floor":9,"key":"Bronze Scales"},{"floor":10,"key":"Strawberry"},{"floor":20,"key":"Happy Flower"}],"event_choices":[{"damage_healed":0,"gold_gain":0,"player_choice":"Success","damage_taken":3,"relics_obtained":["Tiny Chest"],"max_hp_gain":0,"max_hp_loss":0,"event_name":"Scrap Ooze","floor":2,"gold_loss":0},{"damage_healed":0,"gold_gain":0,"player_choice":"Grow","damage_taken":0,"max_hp_gain":0,"max_hp_loss":0,"event_name":"Living Wall","floor":4,"gold_loss":0,"cards_upgraded":["Combust"]},{"damage_healed":0,"gold_gain":175,"player_choice":"AGREE","damage_taken":0,"max_hp_gain":0,"max_hp_loss":0,"event_name":"Liars Game","floor":5,"gold_loss":0,"cards_obtained":["Doubt"]},{"damage_healed":0,"gold_gain":0,"player_choice":"Bought 2 Potions","damage_taken":0,"max_hp_gain":0,"max_hp_loss":0,"event_name":"The Woman in Blue","floor":13,"gold_loss":0}],"is_beta":false,"boss_relics":[{"not_picked":["Black Star","Cursed Key"],"picked":"Philosopher\u0027s Stone"}],"items_purged_floors":[12],"is_endless":false,"potions_floor_spawned":[3,7,18,21],"killed_by":"Book of Stabbing","ascension_level":14}