{"gold_per_floor":[213,130,130,146,164,164,192,192,192,203,203],"floor_reached":11,"playtime":236,"items_purged":[],"score":124,"play_id":"7aa26a5b-802d-4dd8-9482-32128721d581","local_time":"20190420110052","is_ascension_mode":true,"campfire_choices":[{"floor":6,"key":"REST"},{"data":"Loop","floor":8,"key":"SMITH"}],"neow_cost":"NONE","seed_source_timestamp":767772047830954,"circlet_count":0,"master_deck":["AscendersBane","Strike_B","Strike_B","Strike_B","Strike_B","Defend_B","Defend_B","Defend_B","Defend_B","Zap","Dualcast","Leap","Static Discharge+1","Conserve Battery","Gash","Loop+1","Leap+1","Loop"],"relics":["Cracked Core","Toxic Egg 2","Dream Catcher"],"potions_floor_usage":[],"damage_taken":[{"damage":10,"enemies":"Small Slimes","floor":1,"turns":2},{"damage":5,"enemies":"Cultist","floor":4,"turns":4},{"damage":23,"enemies":"Jaw Worm","floor":5,"turns":4},{"damage":18,"enemies":"Lagavulin","floor":7,"turns":7},{"damage":27,"enemies":"Exordium Thugs","floor":10,"turns":4},{"damage":6,"enemies":"Exordium Wildlife","floor":11,"turns":2}],"seed_played":"2557299244621236512","potions_obtained":[{"floor":4,"key":"Strength Potion"}],"is_trial":false,"path_per_floor":["M","$","?","M","M","R","E","R","T","M","M"],"character_chosen":"DEFECT","items_purchased":["Static Discharge","Conserve Battery"],"campfire_rested":1,"item_purchase_floors":[2,2],"current_hp_per_floor":[54,54,54,49,26,47,29,29,29,2,0],"gold":203,"neow_bonus":"HUNDRED_GOLD","is_prod":false,"is_daily":false,"chose_seed":false,"campfire_upgraded":1,"win_rate":0,"timestamp":1555768852,"path_taken":["M","$","?","M","M","R","E","R","T","M","?"],"build_version":"2019-01-23","purchased_purges":0,"victory":false,"max_hp_per_floor":[71,71,71,71,71,71,71,71,71,71,71],"card_choices":[{"not_picked":["Beam Cell","Heatsinks"],"picked":"Leap","floor":1},{"not_picked":["Chaos","Chill"],"picked":"Gash","floor":4},{"not_picked":["Sunder","Doom and Gloom"],"picked":"Loop","floor":5},{"not_picked":["Chill","Hologram"],"picked":"Leap","floor":7},{"not_picked":["Streamline","FTL"],"picked":"Loop","floor":10}],"player_experience":1160806,"relics_obtained":[{"floor":7,"key":"Toxic Egg 2"},{"floor":9,"key":"Dream Catcher"}],"event_choices":[{"damage_healed":0,"gold_gain":0,"player_choice":"Upgraded","damage_taken":0,"max_hp_gain":0,"max_hp_loss":0,"event_name":"Upgrade Shrine","floor":3,"gold_loss":0,"cards_upgraded":["Static Discharge"]}],"is_beta":false,"boss_relics":[],"items_purged_floors":[],"is_endless":false,"potions_floor_spawned":[4],"killed_by":"Exordium Wildlife","ascension_level":14}