{"gold_per_floor":[362,375,387,29,49,49,49,49,75,104,124,24,44,74,74,153,153,172,191,66,77,96,125,142,142,191,191,224,224,235,17,17,89,89,109,109,121,121,0,0,0,29,29,40,60,60,87,114,114,114,114],"floor_reached":52,"playtime":2431,"items_purged":["Strike_R","Strike_R","Cleave"],"score":1974,"play_id":"4398eb22-73a5-4a30-ad60-bb8953a54dc1","local_time":"20190314163139","is_ascension_mode":true,"campfire_choices":[{"data":"Whirlwind","floor":6,"key":"SMITH"},{"data":"Flex","floor":8,"key":"SMITH"},{"data":"Bloodletting","floor":15,"key":"SMITH"},{"data":"Inflame","floor":25,"key":"SMITH"},{"data":"Limit Break","floor":32,"key":"SMITH"},{"data":"Barricade","floor":40,"key":"SMITH"},{"data":"Burning Pact","floor":46,"key":"SMITH"},{"data":"Impervious","floor":49,"key":"SMITH"}],"neow_cost":"TEN_PERCENT_HP_LOSS","seed_source_timestamp":111244975379280,"circlet_count":0,"master_deck":["AscendersBane","Defend_R","Defend_R","Defend_R","Bash","Shrug It Off","Spot Weakness","Whirlwind+1","Flex+1","Thunderclap","Whirlwind","Bloodletting+1","Reaper","Uppercut+1","Rupture+1","Offering+1","Limit Break+1","Barricade+1","Inflame+1","Impervious+1","Burning Pact+1","Disarm","Offering+1","Reaper","Shrug It Off"],"relics":["Black Blood","Chemical X","Art of War","Boot","Sundial","Astrolabe","Bird Faced Urn","Strawberry","MutagenicStrength","Pantograph","DollysMirror","Red Mask","Self Forming Clay","Shovel","Vajra","Potion Belt"],"potions_floor_usage":[16,23,24,28,47],"damage_taken":[{"damage":5,"enemies":"Small Slimes","floor":1,"turns":5},{"damage":6,"enemies":"Cultist","floor":2,"turns":4},{"damage":5,"enemies":"2 Louse","floor":3,"turns":3},{"damage":2,"enemies":"Exordium Thugs","floor":5,"turns":3},{"damage":15,"enemies":"Lagavulin","floor":10,"turns":4},{"damage":4,"enemies":"Red Slaver","floor":11,"turns":2},{"damage":0,"enemies":"3 Louse","floor":13,"turns":1},{"damage":3,"enemies":"Gremlin Nob","floor":14,"turns":2},{"damage":40,"enemies":"The Guardian","floor":16,"turns":7},{"damage":27,"enemies":"Shell Parasite","floor":18,"turns":3},{"damage":10,"enemies":"Chosen","floor":19,"turns":3},{"damage":14,"enemies":"Centurion and Healer","floor":21,"turns":5},{"damage":24,"enemies":"Snecko","floor":22,"turns":4},{"damage":25,"enemies":"Book of Stabbing","floor":23,"turns":3},{"damage":24,"enemies":"Snake Plant","floor":24,"turns":3},{"damage":33,"enemies":"Slavers","floor":28,"turns":2},{"damage":3,"enemies":"Cultist and Chosen","floor":30,"turns":1},{"damage":36,"enemies":"Champ","floor":33,"turns":6},{"damage":16,"enemies":"3 Shapes","floor":35,"turns":2},{"damage":0,"enemies":"3 Darklings","floor":37,"turns":2},{"damage":16,"enemies":"Giant Head","floor":42,"turns":5},{"damage":18,"enemies":"Transient","floor":44,"turns":6},{"damage":18,"enemies":"Sphere and 2 Shapes","floor":45,"turns":3},{"damage":19,"enemies":"Reptomancer","floor":47,"turns":2},{"damage":87,"enemies":"Donu and Deca","floor":50,"turns":7},{"damage":78,"enemies":"Awakened One","floor":51,"turns":7}],"seed_played":"7518758855057656116","potions_obtained":[{"floor":3,"key":"Energy Potion"},{"floor":5,"key":"Dexterity Potion"},{"floor":16,"key":"FearPotion"},{"floor":21,"key":"LiquidBronze"},{"floor":23,"key":"SkillPotion"},{"floor":30,"key":"LiquidBronze"},{"floor":33,"key":"FearPotion"}],"is_trial":false,"path_per_floor":["M","M","M","$","M","R","?","R","T","E","M","$","M","E","R","B",null,"M","M","$","M","M","E","M","R","T","?","E","?","M","$","R","B",null,"M","?","M","?","?","R","?","E","T","M","M","R","E","T","R","B","B",null],"character_chosen":"IRONCLAD","items_purchased":["Chemical X","Flex","DollysMirror"],"campfire_rested":0,"item_purchase_floors":[4,4,31],"current_hp_per_floor":[68,68,68,68,68,68,68,68,68,59,61,61,67,68,68,34,60,39,47,47,49,43,37,34,34,41,41,68,68,73,73,73,69,74,73,71,71,71,71,71,71,71,71,71,71,71,71,71,71,71,46],"gold":114,"neow_bonus":"TWO_FIFTY_GOLD","is_prod":false,"is_daily":false,"chose_seed":false,"campfire_upgraded":8,"win_rate":0,"timestamp":1552581099,"path_taken":["M","M","M","$","M","R","?","R","T","E","M","$","M","E","R","BOSS","M","M","$","M","M","E","M","R","T","?","E","?","M","$","R","BOSS","M","?","M","?","?","R","?","E","T","?","M","R","E","?","R","BOSS","BOSS"],"build_version":"2019-02-06","purchased_purges":3,"victory":true,"max_hp_per_floor":[68,68,68,68,68,68,68,68,68,68,68,68,68,68,68,68,68,68,68,68,68,68,68,68,68,75,75,75,75,75,75,75,75,75,75,71,71,71,71,71,71,71,71,71,71,71,71,71,71,71,71],"card_choices":[{"not_picked":["Warcry","Evolve"],"picked":"Shrug It Off","floor":1},{"not_picked":["Heavy Blade","Pummel"],"picked":"Spot Weakness","floor":2},{"not_picked":["Hemokinesis","True Grit"],"picked":"Whirlwind","floor":3},{"not_picked":["Fire Breathing","Rampage"],"picked":"Thunderclap","floor":5},{"not_picked":["Power Through","Shockwave"],"picked":"Whirlwind","floor":10},{"not_picked":["Rage","Headbutt"],"picked":"Bloodletting","floor":11},{"not_picked":["Cleave","Intimidate"],"picked":"Evolve","floor":13},{"not_picked":["Thunderclap","Cleave"],"picked":"Reaper","floor":14},{"not_picked":["Flex","Clash","Clothesline"],"picked":"SKIP","floor":18},{"not_picked":["Thunderclap+1","Feel No Pain","Armaments"],"picked":"SKIP","floor":19},{"not_picked":["Clothesline","Warcry"],"picked":"Limit Break","floor":21},{"not_picked":["Intimidate","Entrench","Cleave"],"picked":"SKIP","floor":22},{"not_picked":["Bloodletting+1","Perfected Strike"],"picked":"Barricade","floor":23},{"not_picked":["Perfected Strike","Corruption"],"picked":"Inflame","floor":24},{"not_picked":["Sentinel","Feed"],"picked":"Impervious","floor":28},{"not_picked":["Fire Breathing+1","Thunderclap"],"picked":"Disarm","floor":30},{"not_picked":["Fiend Fire","Barricade"],"picked":"Reaper","floor":33},{"not_picked":["Combust+1","Pummel","Clothesline"],"picked":"SKIP","floor":35},{"not_picked":["Metallicize","Havoc","Wild Strike"],"picked":"SKIP","floor":37},{"not_picked":["Headbutt","Inflame"],"picked":"Shrug It Off","floor":42},{"not_picked":["Flame Barrier","Anger","Flex"],"picked":"SKIP","floor":44},{"not_picked":["Twin Strike+1","Power Through","Headbutt"],"picked":"SKIP","floor":45},{"not_picked":["Anger","Iron Wave","Armaments"],"picked":"SKIP","floor":47}],"player_experience":1083043,"relics_obtained":[{"floor":9,"key":"Art of War"},{"floor":10,"key":"Boot"},{"floor":14,"key":"Sundial"},{"floor":23,"key":"Bird Faced Urn"},{"floor":26,"key":"Strawberry"},{"floor":28,"key":"Pantograph"},{"floor":42,"key":"Self Forming Clay"},{"floor":43,"key":"Shovel"},{"floor":47,"key":"Vajra"},{"floor":48,"key":"Potion Belt"}],"event_choices":[{"damage_healed":0,"gold_gain":0,"cards_transformed":["Strike_R"],"player_choice":"Transformed","damage_taken":0,"max_hp_gain":0,"max_hp_loss":0,"event_name":"Transmorgrifier","floor":7,"gold_loss":0,"cards_obtained":["Cleave"]},{"damage_healed":0,"gold_gain":0,"player_choice":"Inject Mutagens","damage_taken":0,"relics_obtained":["MutagenicStrength"],"max_hp_gain":0,"max_hp_loss":0,"event_name":"Drug Dealer","floor":27,"gold_loss":0},{"damage_healed":0,"gold_gain":0,"player_choice":"Read","damage_taken":0,"max_hp_gain":0,"max_hp_loss":0,"event_name":"The Library","floor":29,"gold_loss":0,"cards_obtained":["Burning Pact"]},{"damage_healed":0,"gold_gain":0,"player_choice":"Max HP","damage_taken":0,"max_hp_gain":0,"max_hp_loss":4,"event_name":"Winding Halls","floor":36,"gold_loss":0},{"cards_removed":["Evolve"],"damage_healed":0,"gold_gain":0,"player_choice":"Removed Power","damage_taken":0,"max_hp_gain":0,"max_hp_loss":0,"event_name":"Falling","floor":38,"gold_loss":0},{"damage_healed":0,"gold_gain":0,"player_choice":"Paid","damage_taken":0,"relics_obtained":["Red Mask"],"max_hp_gain":0,"max_hp_loss":0,"event_name":"Tomb of Lord Red Mask","floor":39,"gold_loss":121},{"damage_healed":0,"gold_gain":0,"player_choice":"Memory 1","damage_taken":0,"max_hp_gain":0,"max_hp_loss":0,"event_name":"SensoryStone","floor":41,"gold_loss":0}],"is_beta":true,"boss_relics":[{"not_picked":["Fusion Hammer","White Beast Statue"],"picked":"Astrolabe"},{"not_picked":["Runic Dome","Velvet Choker"],"picked":"Black Blood"}],"items_purged_floors":[4,12,20],"is_endless":false,"potions_floor_spawned":[3,5,10,16,21,23,30,33,42],"ascension_level":20}