{"gold_per_floor":[114,129,148,165,180,180,215,226,261,261,291,138,172,189,189,294,294,314,224,240,240],"floor_reached":21,"playtime":1063,"items_purged":[],"score":274,"play_id":"8d017dc7-ff75-466c-a6e5-34481db87b47","local_time":"20190119191410","is_ascension_mode":true,"campfire_choices":[{"data":"Perfected Strike","floor":6,"key":"SMITH"},{"floor":10,"key":"REST"},{"floor":15,"key":"REST"}],"neow_cost":"NONE","seed_source_timestamp":544484839900849,"circlet_count":0,"master_deck":["Strike_R","Strike_R","Strike_R","Strike_R","Defend_R","Defend_R","Defend_R","Defend_R","Bash","Perfected Strike+1","Sword Boomerang","Iron Wave","Iron Wave","Sword Boomerang","Cleave","Bludgeon","True Grit","Twin Strike","Armaments+1","Spot Weakness","Headbutt","Perfected Strike","Reaper","Flame Barrier","Twin Strike+1"],"relics":["Burning Blood","infinitespire:Satchel","Bag of Preparation","infinitespire:Beetle Shell","Tiny Chest","Blood Vial","infinitespire:Burning Sword"],"potions_floor_usage":[5,7],"damage_taken":[{"damage":0,"enemies":"Small Slimes","floor":1,"turns":2},{"damage":12,"enemies":"Jaw Worm","floor":2,"turns":2},{"damage":1,"enemies":"Cultist","floor":3,"turns":3},{"damage":11,"enemies":"Blue Slaver","floor":4,"turns":4},{"damage":0,"enemies":"Gremlin Gang","floor":5,"turns":2},{"damage":16,"enemies":"Gremlin Nob","floor":7,"turns":3},{"damage":33,"enemies":"Exordium Thugs","floor":8,"turns":4},{"damage":17,"enemies":"Large Slime","floor":9,"turns":5},{"damage":30,"enemies":"Lagavulin","floor":11,"turns":5},{"damage":18,"enemies":"Gremlin Nob","floor":13,"turns":3},{"damage":16,"enemies":"Large Slime","floor":14,"turns":4},{"damage":12,"enemies":"Slime Boss","floor":16,"turns":7},{"damage":32,"enemies":"2 Thieves","floor":18,"turns":3},{"damage":33,"enemies":"3 Byrds","floor":20,"turns":5},{"damage":48,"enemies":"Shelled Parasite and Fungi","floor":21,"turns":2}],"seed_played":"3942627995188851319","potions_obtained":[{"floor":1,"key":"Explosive Potion"},{"floor":2,"key":"Strength Potion"},{"floor":4,"key":"Ancient Potion"},{"floor":13,"key":"PowerPotion"},{"floor":16,"key":"Explosive Potion"}],"is_trial":false,"path_per_floor":["M","M","M","M","M","R","E","M","MIM","R","E","$","E","M","R","B",null,"M","?","M","M"],"character_chosen":"IRONCLAD","items_purchased":["Spot Weakness","Tiny Chest"],"campfire_rested":2,"item_purchase_floors":[12,12],"current_hp_per_floor":[78,72,77,72,78,78,68,41,30,54,30,30,18,10,34,30,68,55,55,37,0],"gold":240,"neow_bonus":"THREE_CARDS","is_prod":false,"is_daily":false,"chose_seed":false,"campfire_upgraded":1,"win_rate":0,"timestamp":1547936050,"path_taken":["M","M","M","M","M","R","E","M","MIM","R","E","$","E","M","R","BOSS","M","?","?","M"],"build_version":"2019-01-17v2","purchased_purges":0,"victory":false,"max_hp_per_floor":[80,80,80,80,80,80,80,80,80,80,80,80,80,80,80,80,80,80,80,80,80],"card_choices":[{"not_picked":["Hemokinesis","Blood for Blood"],"picked":"Perfected Strike","floor":0},{"not_picked":["Iron Wave","Warcry"],"picked":"Sword Boomerang","floor":1},{"not_picked":["Cleave","Disarm"],"picked":"Iron Wave","floor":2},{"not_picked":["Twin Strike","Corruption"],"picked":"Iron Wave","floor":3},{"not_picked":["Thunderclap","Headbutt"],"picked":"Sword Boomerang","floor":4},{"not_picked":["Dual Wield","Heavy Blade"],"picked":"Cleave","floor":5},{"not_picked":["Body Slam","Reckless Charge"],"picked":"Bludgeon","floor":7},{"not_picked":["Body Slam","Disarm"],"picked":"True Grit","floor":8},{"not_picked":["Heavy Blade","Searing Blow"],"picked":"Twin Strike","floor":9},{"not_picked":["Anger","Flex"],"picked":"Armaments","floor":11},{"not_picked":["Clothesline","Power Through"],"picked":"Headbutt","floor":13},{"not_picked":["Clothesline","Seeing Red"],"picked":"Perfected Strike","floor":14},{"not_picked":["Feed","Dark Embrace"],"picked":"Reaper","floor":16},{"not_picked":["Armaments","Body Slam"],"picked":"Flame Barrier","floor":18},{"not_picked":["Rupture","Dual Wield+1"],"picked":"Twin Strike+1","floor":20}],"player_experience":664974,"relics_obtained":[{"floor":7,"key":"infinitespire:Satchel"},{"floor":9,"key":"Bag of Preparation"},{"floor":11,"key":"infinitespire:Beetle Shell"},{"floor":13,"key":"Blood Vial"}],"event_choices":[{"cards_removed":["Strike_R"],"damage_healed":0,"gold_gain":0,"player_choice":"Upgrade and Remove","damage_taken":0,"max_hp_gain":0,"max_hp_loss":0,"event_name":"Designer","floor":19,"gold_loss":90,"cards_upgraded":["Armaments"]}],"is_beta":false,"boss_relics":[{"not_picked":["Sozu","Empty Cage"],"picked":"infinitespire:Burning Sword"}],"items_purged_floors":[],"is_endless":false,"potions_floor_spawned":[1,2,4,13,16,18],"killed_by":"Shelled Parasite and Fungi","ascension_level":7}