{"gold_per_floor":[119,138,138,138,313,313,331,331,406,417,417,178,178,201,201,306,306,316,316,316],"floor_reached":20,"playtime":468,"items_purged":[],"score":192,"play_id":"309c5d5f-9f35-403b-b49e-78d75e7bbceb","local_time":"20181230144502","is_ascension_mode":true,"campfire_choices":[{"data":"Accuracy","floor":6,"key":"SMITH"},{"data":"Caltrops","floor":8,"key":"SMITH"},{"floor":13,"key":"REST"},{"data":"Blade Dance","floor":15,"key":"SMITH"}],"neow_cost":"NONE","seed_source_timestamp":757223636428568,"circlet_count":0,"master_deck":["Defend_G","Defend_G+1","Defend_G","Defend_G","Defend_G","Strike_G+1","Strike_G","Strike_G","Strike_G","Strike_G","Survivor","Neutralize+1","Accuracy+1","Riddle With Holes+1","Doubt","Caltrops+1","Distraction","Blade Dance+1","Footwork","Adrenaline","Pain","Pain","Pain","Dagger Spray"],"relics":["Ring of the Snake","Bronze Scales","Sundial","Vajra","Regal Pillow","Darkstone Periapt","WingedGreaves","Art of War","Nloth\u0027s Gift"],"potions_floor_usage":[16,16],"damage_taken":[{"damage":3,"enemies":"Jaw Worm","floor":1,"turns":8},{"damage":0,"enemies":"Small Slimes","floor":2,"turns":5},{"damage":8,"enemies":"2 Louse","floor":7,"turns":2},{"damage":16,"enemies":"Exordium Thugs","floor":10,"turns":5},{"damage":18,"enemies":"Hexaghost","floor":16,"turns":6},{"damage":39,"enemies":"Chosen","floor":18,"turns":7},{"damage":32,"enemies":"Spheric Guardian","floor":20,"turns":3}],"seed_played":"-2176976620136327174","potions_obtained":[{"floor":1,"key":"PowerPotion"},{"floor":2,"key":"Strength Potion"},{"floor":16,"key":"LiquidBronze"}],"is_trial":false,"path_per_floor":["M","M","?","?","?","R","M","R","T","M","?","$","R","T","R","B",null,"M","?","M"],"character_chosen":"THE_SILENT","items_purchased":["Blade Dance","Vajra","Footwork"],"campfire_rested":1,"item_purchase_floors":[12,12,12],"current_hp_per_floor":[67,67,67,60,60,60,52,52,52,36,22,22,43,43,43,25,70,31,31,0],"gold":316,"neow_bonus":"UPGRADE_CARD","is_prod":false,"is_daily":false,"chose_seed":false,"campfire_upgraded":3,"win_rate":0,"timestamp":1546191902,"path_taken":["M","M","?","?","?","R","?","R","T","M","?","$","R","?","R","BOSS","M","?","?"],"build_version":"2018-12-20","purchased_purges":0,"victory":false,"max_hp_per_floor":[70,70,70,70,70,70,70,70,70,70,70,70,70,70,70,70,70,70,70,70],"card_choices":[{"not_picked":["Reflex","Prepared"],"picked":"Accuracy","floor":1},{"not_picked":["Skewer","Prepared"],"picked":"Riddle With Holes","floor":2},{"not_picked":["Quick Slash","Calculated Gamble"],"picked":"Caltrops","floor":7},{"not_picked":["Underhanded Strike","Heel Hook"],"picked":"Distraction","floor":10},{"not_picked":["Grand Finale","Wraith Form v2"],"picked":"Adrenaline","floor":16},{"not_picked":["Outmaneuver","Acrobatics"],"picked":"Dagger Spray","floor":18}],"player_experience":578951,"relics_obtained":[{"floor":9,"key":"Sundial"},{"floor":14,"key":"Regal Pillow"},{"floor":17,"key":"Darkstone Periapt"},{"floor":17,"key":"WingedGreaves"},{"floor":17,"key":"Art of War"}],"event_choices":[{"damage_healed":0,"gold_gain":0,"player_choice":"Grow","damage_taken":0,"max_hp_gain":0,"max_hp_loss":0,"event_name":"Living Wall","floor":3,"gold_loss":0,"cards_upgraded":["Riddle With Holes"]},{"damage_healed":0,"gold_gain":0,"player_choice":"Success","damage_taken":7,"relics_obtained":["Bronze Scales"],"max_hp_gain":0,"max_hp_loss":0,"event_name":"Scrap Ooze","floor":4,"gold_loss":0},{"damage_healed":0,"gold_gain":175,"player_choice":"AGREE","damage_taken":0,"max_hp_gain":0,"max_hp_loss":0,"event_name":"Liars Game","floor":5,"gold_loss":0,"cards_obtained":["Doubt"]},{"damage_healed":0,"gold_gain":0,"player_choice":"Entered Light","damage_taken":14,"max_hp_gain":0,"max_hp_loss":0,"event_name":"Shining Light","floor":11,"gold_loss":0,"cards_upgraded":["Strike_G","Defend_G"]},{"damage_healed":0,"gold_gain":0,"player_choice":"Traded Relic","damage_taken":0,"relics_obtained":["Nloth\u0027s Gift"],"max_hp_gain":0,"max_hp_loss":0,"event_name":"N\u0027loth","floor":19,"relics_lost":["Calling Bell"],"gold_loss":0}],"is_beta":false,"boss_relics":[{"not_picked":["Black Star","Tiny House"],"picked":"Calling Bell"}],"items_purged_floors":[],"is_endless":false,"potions_floor_spawned":[1,2,16],"killed_by":"Spheric Guardian","ascension_level":4}