{"gold_per_floor":[109,59,77,77,152,179,179,197,197,227,242,272,292,304,304,408,408,426,426,189,189,201,229,229,264,291,303,303,321,396,412,412,513,513,530,543,543,562,9,37,37,65,92,106,138,148,148,183,183,183,183,183,25,53,53],"floor_reached":56,"playtime":3598,"items_purged":["Regret","Regret"],"score":1637,"play_id":"d7a2688c-93d1-451f-a682-a2fe5045975d","local_time":"20190510190641","is_ascension_mode":true,"campfire_choices":[{"data":"Shockwave","floor":7,"key":"SMITH"},{"data":"Rage","floor":15,"key":"SMITH"},{"data":"Feed","floor":24,"key":"SMITH"},{"data":"Power Through","floor":28,"key":"SMITH"},{"floor":32,"key":"REST"},{"floor":47,"key":"RECALL"},{"data":"Offering","floor":49,"key":"SMITH"},{"data":"Limit Break","floor":52,"key":"SMITH"}],"neow_cost":"NONE","seed_source_timestamp":598308587266635,"circlet_count":0,"master_deck":["Strike_R+1","Strike_R+1","Strike_R+1","Strike_R+1","Defend_R+1","Defend_R+1","Defend_R+1","Defend_R+1","Anger","Clothesline","Shockwave+1","Dropkick","Rage+1","Combust+1","Barricade+1","Feed+1","Shrug It Off+1","Rupture+1","Power Through+1","Dual Wield+1","Ghostly Armor","Rage+1","Sword Boomerang","Offering+1","Dual Wield+1","Uppercut+1","Battle Trance+1","Evolve+1","Bloodletting+1","Limit Break+1","Sword Boomerang","Impervious+1","Feel No Pain+1","Flame Barrier+1","Headbutt+1"],"relics":["Burning Blood","NeowsBlessing","Letter Opener","Frozen Egg 2","Dodecahedron","Ice Cream","Centennial Puzzle","Cursed Key","Enchiridion","Strawberry","Pantograph","White Beast Statue","Omamori","PreservedInsect","Vajra","Toxic Egg 2","Oddly Smooth Stone","Molten Egg 2","War Paint","Anchor"],"potions_floor_usage":[14,16,16,23,25,35,36,40,44,46,55,55,55],"damage_taken":[{"damage":0,"enemies":"Cultist","floor":1,"turns":1},{"damage":0,"enemies":"Jaw Worm","floor":3,"turns":1},{"damage":0,"enemies":"Gremlin Nob","floor":6,"turns":1},{"damage":14,"enemies":"Small Slimes","floor":8,"turns":4},{"damage":20,"enemies":"Lagavulin","floor":10,"turns":7},{"damage":7,"enemies":"3 Louse","floor":11,"turns":6},{"damage":23,"enemies":"3 Sentries","floor":12,"turns":7},{"damage":5,"enemies":"Looter","floor":13,"turns":3},{"damage":2,"enemies":"Exordium Thugs","floor":14,"turns":4},{"damage":11,"enemies":"Hexaghost","floor":16,"turns":11},{"damage":6,"enemies":"3 Byrds","floor":18,"turns":4},{"damage":2,"enemies":"Shell Parasite","floor":22,"turns":5},{"damage":6,"enemies":"Gremlin Leader","floor":23,"turns":7},{"damage":21,"enemies":"Slavers","floor":25,"turns":5},{"damage":16,"enemies":"Centurion and Healer","floor":27,"turns":8},{"damage":16,"enemies":"Shelled Parasite and Fungi","floor":29,"turns":7},{"damage":6,"enemies":"Sentry and Sphere","floor":31,"turns":5},{"damage":9,"enemies":"Automaton","floor":33,"turns":9},{"damage":3,"enemies":"Orb Walker","floor":35,"turns":4},{"damage":27,"enemies":"3 Darklings","floor":36,"turns":2},{"damage":18,"enemies":"Maw","floor":38,"turns":7},{"damage":29,"enemies":"Reptomancer","floor":40,"turns":5},{"damage":9,"enemies":"Nemesis","floor":42,"turns":5},{"damage":10,"enemies":"Transient","floor":44,"turns":5},{"damage":6,"enemies":"Giant Head","floor":45,"turns":5},{"damage":40,"enemies":"3 Darklings","floor":46,"turns":6},{"damage":1,"enemies":"Nemesis","floor":48,"turns":3},{"damage":41,"enemies":"Time Eater","floor":50,"turns":8},{"damage":12,"enemies":"Shield and Spear","floor":54,"turns":7},{"damage":56,"enemies":"The Heart","floor":55,"turns":8}],"seed_played":"-5828728134210794089","potions_obtained":[{"floor":8,"key":"Block Potion"},{"floor":12,"key":"Weak Potion"},{"floor":13,"key":"SpeedPotion"},{"floor":16,"key":"Fruit Juice"},{"floor":18,"key":"SpeedPotion"},{"floor":22,"key":"SkillPotion"},{"floor":25,"key":"Strength Potion"},{"floor":29,"key":"SkillPotion"},{"floor":35,"key":"Weak Potion"},{"floor":36,"key":"SneckoOil"},{"floor":38,"key":"Dexterity Potion"},{"floor":40,"key":"Weak Potion"},{"floor":42,"key":"EssenceOfSteel"},{"floor":44,"key":"Explosive Potion"},{"floor":45,"key":"BloodPotion"},{"floor":46,"key":"GamblersBrew"},{"floor":54,"key":"Strength Potion"}],"is_trial":false,"path_per_floor":["M","?","M","?","?","E","R","M","T","E","M","E","M","M","R","B",null,"M","?","$","?","M","E","R","E","T","M","R","M","?","M","R","B",null,"M","M","?","M","$","E","?","E","T","M","E","M","R","E","R","B",null,"R","$","E","B",null],"character_chosen":"IRONCLAD","items_purchased":["Rupture+1","Power Through","Omamori","Evolve+1","Bloodletting","PreservedInsect","Feel No Pain+1","Flame Barrier+1"],"campfire_rested":1,"item_purchase_floors":[20,20,39,39,39,39,53,53],"current_hp_per_floor":[80,80,80,80,69,75,75,67,67,53,52,35,36,40,40,40,85,88,88,88,72,79,89,89,74,74,68,68,62,52,56,89,114,117,121,100,100,92,92,73,129,126,126,122,126,96,96,105,105,95,141,141,141,139,109],"gold":53,"neow_bonus":"THREE_ENEMY_KILL","is_prod":false,"is_daily":false,"chose_seed":false,"campfire_upgraded":6,"win_rate":0,"timestamp":1557529601,"path_taken":["M","?","M","?","?","E","R","M","T","E","M","E","M","M","R","BOSS","M","?","$","?","M","E","R","E","T","M","R","M","?","M","R","BOSS","M","M","?","M","$","E","?","E","T","M","E","M","R","E","R","BOSS","R","$","E","BOSS"],"build_version":"2019-05-07","purchased_purges":2,"victory":true,"max_hp_per_floor":[80,80,80,80,80,80,80,80,80,80,80,80,80,80,80,85,85,88,88,88,88,91,101,101,101,101,105,105,109,109,113,113,117,117,121,121,121,125,125,129,129,129,129,129,133,137,137,141,141,141,141,141,141,145,145],"card_choices":[{"not_picked":["Armaments","Corruption"],"picked":"Anger","floor":1},{"not_picked":["Seeing Red","Second Wind"],"picked":"Clothesline","floor":3},{"not_picked":["Heavy Blade","Body Slam"],"picked":"Shockwave","floor":6},{"not_picked":["Clothesline","True Grit"],"picked":"Dropkick","floor":8},{"not_picked":["Wild Strike","Heavy Blade","Pummel"],"picked":"SKIP","floor":10},{"not_picked":["Sentinel","Clash"],"picked":"Rage","floor":11},{"not_picked":["Sentinel","Warcry","Entrench"],"picked":"SKIP","floor":12},{"not_picked":["Flex","Clash"],"picked":"Combust+1","floor":13},{"not_picked":["True Grit","Fire Breathing+1"],"picked":"Barricade+1","floor":14},{"not_picked":["Fiend Fire","Exhume"],"picked":"Feed","floor":16},{"not_picked":["True Grit","Headbutt+1"],"picked":"Shrug It Off","floor":18},{"not_picked":["Anger","Flex+1","Armaments"],"picked":"SKIP","floor":22},{"not_picked":["Flex+1","Rage","Perfected Strike"],"picked":"SKIP","floor":23},{"not_picked":["Rampage","Blood for Blood"],"picked":"Dual Wield+1","floor":25},{"not_picked":["Fiend Fire","Cleave+1"],"picked":"Ghostly Armor","floor":27},{"not_picked":["Armaments+1","Blood for Blood"],"picked":"Rage+1","floor":29},{"not_picked":["Reckless Charge+1","Shockwave+1"],"picked":"Sword Boomerang","floor":31},{"not_picked":["Double Tap","Bludgeon"],"picked":"Offering","floor":33},{"not_picked":["Cleave+1","Blood for Blood+1"],"picked":"Dual Wield+1","floor":35},{"not_picked":["Havoc","Wild Strike"],"picked":"Uppercut+1","floor":36},{"not_picked":["Perfected Strike","Body Slam"],"picked":"Battle Trance+1","floor":38},{"not_picked":["Sentinel","Warcry"],"picked":"Limit Break","floor":40},{"not_picked":["Bloodletting","Cleave"],"picked":"Sword Boomerang","floor":42},{"not_picked":["Carnage+1","Iron Wave","Intimidate+1"],"picked":"SKIP","floor":44},{"not_picked":["Thunderclap","Flex+1","Sentinel+1"],"picked":"SKIP","floor":45},{"not_picked":["Twin Strike+1","Thunderclap+1","Perfected Strike+1"],"picked":"SKIP","floor":46},{"not_picked":["Thunderclap+1","Seeing Red+1"],"picked":"Impervious+1","floor":48},{"not_picked":["Reckless Charge+1","Perfected Strike+1"],"picked":"Headbutt+1","floor":54}],"player_experience":5707334,"relics_obtained":[{"floor":6,"key":"Frozen Egg 2"},{"floor":9,"key":"Dodecahedron"},{"floor":10,"key":"Ice Cream"},{"floor":12,"key":"Centennial Puzzle"},{"floor":21,"key":"Enchiridion"},{"floor":23,"key":"Strawberry"},{"floor":25,"key":"Pantograph"},{"floor":40,"key":"Vajra"},{"floor":42,"key":"Toxic Egg 2"},{"floor":43,"key":"Oddly Smooth Stone"},{"floor":45,"key":"Molten Egg 2"},{"floor":48,"key":"War Paint"},{"floor":54,"key":"Anchor"}],"event_choices":[{"cards_removed":["Strike_R"],"damage_healed":0,"gold_gain":0,"player_choice":"Card Removal","damage_taken":0,"max_hp_gain":0,"max_hp_loss":0,"event_name":"The Cleric","floor":2,"gold_loss":50},{"damage_healed":0,"gold_gain":0,"player_choice":"Box","damage_taken":0,"relics_obtained":["Letter Opener"],"max_hp_gain":0,"max_hp_loss":0,"event_name":"Big Fish","floor":4,"gold_loss":0,"cards_obtained":["Regret"]},{"damage_healed":0,"gold_gain":75,"player_choice":"Gather Gold","damage_taken":11,"max_hp_gain":0,"max_hp_loss":0,"event_name":"World of Goop","floor":5,"gold_loss":0},{"damage_healed":0,"gold_gain":0,"player_choice":"Simplicity","damage_taken":0,"max_hp_gain":0,"max_hp_loss":0,"event_name":"Back to Basics","floor":19,"gold_loss":0,"cards_upgraded":["Strike_R","Strike_R","Strike_R","Strike_R","Defend_R","Defend_R","Defend_R","Defend_R"]},{"damage_healed":0,"gold_gain":0,"player_choice":"Obtained Book","damage_taken":16,"max_hp_gain":0,"max_hp_loss":0,"event_name":"Cursed Tome","floor":21,"gold_loss":0},{"damage_healed":0,"gold_gain":75,"player_choice":"Touch","damage_taken":10,"max_hp_gain":0,"max_hp_loss":0,"event_name":"FaceTrader","floor":30,"gold_loss":0},{"cards_removed":["Bash"],"damage_healed":0,"gold_gain":0,"player_choice":"Removed Attack","damage_taken":0,"max_hp_gain":0,"max_hp_loss":0,"event_name":"Falling","floor":37,"gold_loss":0},{"damage_healed":56,"gold_gain":0,"player_choice":"Heal","damage_taken":0,"max_hp_gain":0,"max_hp_loss":0,"event_name":"MindBloom","floor":41,"gold_loss":0,"cards_obtained":["Doubt"]}],"is_beta":true,"boss_relics":[{"not_picked":["Black Blood","Astrolabe"],"picked":"Cursed Key"},{"not_picked":["Runic Cube","Snecko Eye"],"picked":"White Beast Statue"}],"items_purged_floors":[20,39],"is_endless":false,"potions_floor_spawned":[8,12,13,16,18,22,25,29,33,35,36,38,40,42,44,45,46,48,54],"ascension_level":1}