{"gold_per_floor":[118,118,33,33,52,68,68,102,102,121,121],"floor_reached":11,"playtime":288,"items_purged":["Strike_B"],"score":128,"play_id":"95109fd1-7f06-445a-a0da-f4f9f6d34a69","local_time":"20190507005852","is_ascension_mode":true,"campfire_choices":[{"data":"White Noise","floor":7,"key":"SMITH"}],"neow_cost":"NONE","seed_source_timestamp":2200498371877591,"circlet_count":0,"master_deck":["AscendersBane","Strike_B","Strike_B","Strike_B+1","Defend_B+1","Defend_B","Defend_B","Defend_B","Zap","Dualcast","Cold Snap","White Noise+1","Hologram","Beam Cell","Beam Cell","FTL"],"relics":["Cracked Core","Smiling Mask","Cables","Question Card"],"potions_floor_usage":[8,8,11],"damage_taken":[{"damage":6,"enemies":"Small Slimes","floor":1,"turns":4},{"damage":5,"enemies":"Jaw Worm","floor":5,"turns":4},{"damage":0,"enemies":"Cultist","floor":6,"turns":4},{"damage":27,"enemies":"Gremlin Nob","floor":8,"turns":4},{"damage":4,"enemies":"Red Slaver","floor":10,"turns":3},{"damage":1,"enemies":"Lagavulin","floor":11,"turns":2}],"seed_played":"-8044070839417183734","potions_obtained":[{"floor":4,"key":"SteroidPotion"},{"floor":4,"key":"Explosive Potion"},{"floor":8,"key":"AttackPotion"}],"is_trial":false,"path_per_floor":["M","?","$","?","M","M","R","E","T","M","E"],"character_chosen":"DEFECT","items_purchased":["White Noise"],"campfire_rested":0,"item_purchase_floors":[3],"current_hp_per_floor":[58,37,37,37,32,32,32,5,5,1,0],"gold":121,"neow_bonus":"RANDOM_COMMON_RELIC","is_prod":false,"is_daily":false,"chose_seed":false,"campfire_upgraded":1,"win_rate":0,"timestamp":1557201532,"path_taken":["M","?","$","?","M","M","R","E","T","?","E"],"build_version":"2019-01-23","purchased_purges":1,"victory":false,"max_hp_per_floor":[71,71,71,71,71,71,71,71,71,71,71],"card_choices":[{"not_picked":["Conserve Battery","Streamline"],"picked":"Cold Snap","floor":1},{"not_picked":["Lockon","Barrage"],"picked":"Hologram","floor":5},{"not_picked":["Streamline","BootSequence"],"picked":"Beam Cell","floor":6},{"not_picked":["Reboot","Rip and Tear"],"picked":"Beam Cell","floor":8},{"not_picked":["Sweeping Beam","Fusion","Go for the Eyes"],"picked":"FTL","floor":10}],"player_experience":1307796,"relics_obtained":[{"floor":8,"key":"Cables"},{"floor":9,"key":"Question Card"}],"event_choices":[{"damage_healed":0,"gold_gain":0,"player_choice":"Entered Light","damage_taken":21,"max_hp_gain":0,"max_hp_loss":0,"event_name":"Shining Light","floor":2,"gold_loss":0,"cards_upgraded":["Defend_B","Strike_B"]},{"damage_healed":0,"gold_gain":0,"player_choice":"Got Potions","damage_taken":0,"max_hp_gain":0,"max_hp_loss":0,"event_name":"Lab","floor":4,"gold_loss":0}],"is_beta":false,"boss_relics":[],"items_purged_floors":[3],"is_endless":false,"potions_floor_spawned":[6,8],"killed_by":"Lagavulin","ascension_level":15}