{"gold_per_floor":[112,128,138,154,171,171,197,197,197,197,251,265,279,279,279,376,376,394,89,107,117,136,136,154,173,199,199],"floor_reached":27,"playtime":826,"items_purged":[],"score":309,"play_id":"bec4021c-cc0b-4cc7-980b-0761a9d884fe","local_time":"20190118141114","is_ascension_mode":true,"campfire_choices":[{"floor":6,"key":"REST"},{"data":"Core Surge","floor":8,"key":"SMITH"},{"data":"Chill","floor":15,"key":"SMITH"},{"floor":23,"key":"REST"}],"neow_cost":"NONE","seed_source_timestamp":440144599570790,"circlet_count":0,"master_deck":["Strike_B","Strike_B","Strike_B","Strike_B","Defend_B","Defend_B","Defend_B","Defend_B","Zap","Dualcast+1","Turbo","Coolheaded","Ball Lightning","Melter","Compile Driver","Core Surge+1","Conserve Battery","Chill+1","Biased Cognition","Coolheaded","Auto Shields","Coolheaded","Compile Driver+1","Ball Lightning","Ball Lightning+1"],"relics":["Cracked Core","Omamori","Symbiotic Virus","Philosopher\u0027s Stone","Unceasing Top","Bag of Preparation"],"potions_floor_usage":[7,7,16,16,22,24,27,27],"damage_taken":[{"damage":0,"enemies":"2 Louse","floor":1,"turns":2},{"damage":0,"enemies":"Cultist","floor":2,"turns":4},{"damage":16,"enemies":"Small Slimes","floor":3,"turns":3},{"damage":7,"enemies":"Looter","floor":4,"turns":3},{"damage":0,"enemies":"3 Louse","floor":5,"turns":3},{"damage":25,"enemies":"3 Sentries","floor":7,"turns":4},{"damage":13,"enemies":"Exordium Thugs","floor":12,"turns":3},{"damage":2,"enemies":"2 Fungi Beasts","floor":13,"turns":3},{"damage":22,"enemies":"Hexaghost","floor":16,"turns":9},{"damage":8,"enemies":"3 Byrds","floor":18,"turns":4},{"damage":0,"enemies":"Spheric Guardian","floor":20,"turns":3},{"damage":27,"enemies":"Snake Plant","floor":21,"turns":4},{"damage":0,"enemies":"Snecko","floor":22,"turns":4},{"damage":11,"enemies":"Centurion and Healer","floor":24,"turns":5},{"damage":27,"enemies":"3 Cultists","floor":25,"turns":5},{"damage":19,"enemies":"Gremlin Leader","floor":27,"turns":6}],"seed_played":"8037099698574291754","potions_obtained":[{"floor":2,"key":"Energy Potion"},{"floor":3,"key":"FocusPotion"},{"floor":5,"key":"Dexterity Potion"},{"floor":7,"key":"Strength Potion"},{"floor":14,"key":"EssenceOfSteel"},{"floor":18,"key":"PowerPotion"},{"floor":22,"key":"FocusPotion"},{"floor":25,"key":"LiquidBronze"}],"is_trial":false,"path_per_floor":["M","M","M","M","M","R","E","R","T","?","?","M","M","?","R","B",null,"M","$","M","M","M","R","M","M","T","E"],"character_chosen":"DEFECT","items_purchased":["Unceasing Top"],"campfire_rested":2,"item_purchase_floors":[19],"current_hp_per_floor":[68,68,52,45,45,67,42,42,42,67,67,54,52,52,52,30,64,56,56,56,29,29,51,40,13,13,0],"gold":199,"neow_bonus":"UPGRADE_CARD","is_prod":false,"is_daily":false,"chose_seed":false,"campfire_upgraded":2,"win_rate":0,"timestamp":1547831474,"path_taken":["M","M","M","M","M","R","E","R","T","?","?","M","M","?","R","BOSS","M","$","?","M","M","R","M","M","T","E"],"build_version":"2019-01-17v2","purchased_purges":0,"victory":false,"max_hp_per_floor":[75,75,75,75,75,75,75,75,75,75,75,75,75,75,75,75,75,75,75,75,75,75,75,75,75,75,75],"card_choices":[{"not_picked":["Barrage","Force Field"],"picked":"Turbo","floor":1},{"not_picked":["Double Energy","Ball Lightning"],"picked":"Coolheaded","floor":2},{"not_picked":["Stack","Lockon"],"picked":"Ball Lightning","floor":3},{"not_picked":["Gash","Heatsinks"],"picked":"Melter","floor":4},{"not_picked":["BootSequence","Turbo"],"picked":"Compile Driver","floor":5},{"not_picked":["Redo","Lockon"],"picked":"Core Surge","floor":7},{"not_picked":["Sweeping Beam","Leap"],"picked":"Conserve Battery","floor":12},{"not_picked":["Rebound","Undo"],"picked":"Chill","floor":13},{"not_picked":["Multi-Cast","Meteor Strike"],"picked":"Biased Cognition","floor":16},{"not_picked":["Leap","Rebound"],"picked":"Coolheaded","floor":18},{"not_picked":["Force Field","Stack"],"picked":"Auto Shields","floor":20},{"not_picked":["Reinforced Body","Gash+1"],"picked":"Coolheaded","floor":21},{"not_picked":["Darkness","Conserve Battery"],"picked":"Compile Driver+1","floor":22},{"not_picked":["Streamline","Gash+1"],"picked":"Ball Lightning","floor":24},{"not_picked":["Hologram","Cold Snap"],"picked":"Ball Lightning+1","floor":25}],"player_experience":636036,"relics_obtained":[{"floor":7,"key":"Omamori"},{"floor":9,"key":"Symbiotic Virus"},{"floor":26,"key":"Bag of Preparation"}],"event_choices":[{"damage_healed":25,"gold_gain":0,"player_choice":"Banana","damage_taken":0,"max_hp_gain":0,"max_hp_loss":0,"event_name":"Big Fish","floor":10,"gold_loss":0},{"damage_healed":0,"gold_gain":54,"player_choice":"Gained Gold","damage_taken":0,"max_hp_gain":0,"max_hp_loss":0,"event_name":"Golden Wing","floor":11,"gold_loss":0},{"damage_healed":0,"gold_gain":0,"player_choice":"Got Potions","damage_taken":0,"max_hp_gain":0,"max_hp_loss":0,"event_name":"Lab","floor":14,"gold_loss":0}],"is_beta":false,"boss_relics":[{"not_picked":["Calling Bell","Pandora\u0027s Box"],"picked":"Philosopher\u0027s Stone"}],"items_purged_floors":[],"is_endless":false,"potions_floor_spawned":[2,3,5,7,18,22,25],"killed_by":"Gremlin Leader","ascension_level":8}