{"gold_per_floor":[118,118,131,206,219,245,245,270,270,303,303,303,316,335,335,335],"floor_reached":16,"playtime":583,"items_purged":[],"score":150,"play_id":"53beaf1a-633d-41ab-a7c6-bfd87fa57c42","local_time":"20190118151332","is_ascension_mode":true,"campfire_choices":[{"floor":7,"key":"REST"},{"floor":11,"key":"REST"},{"floor":15,"key":"REST"}],"neow_cost":"NONE","seed_source_timestamp":444126199510400,"circlet_count":0,"master_deck":["Defend_G","Defend_G","Defend_G","Defend_G","Defend_G","Strike_G","Strike_G","Strike_G","Strike_G","Survivor","Neutralize","Quick Slash","Heel Hook","Cloak And Dagger","Leg Sweep","Dagger Spray","Prepared","Crippling Poison","Footwork"],"relics":["Ring of the Snake","Potion Belt","Kunai","Boot","Happy Flower","FaceOfCleric"],"potions_floor_usage":[6,8,8,8,8,8,8,10,10,16,16],"damage_taken":[{"damage":1,"enemies":"Jaw Worm","floor":1,"turns":5},{"damage":0,"enemies":"Small Slimes","floor":3,"turns":4},{"damage":5,"enemies":"Cultist","floor":5,"turns":4},{"damage":55,"enemies":"Gremlin Nob","floor":6,"turns":6},{"damage":23,"enemies":"Lagavulin","floor":8,"turns":6},{"damage":2,"enemies":"3 Sentries","floor":10,"turns":6},{"damage":2,"enemies":"Looter","floor":13,"turns":3},{"damage":1,"enemies":"Exordium Wildlife","floor":14,"turns":3},{"damage":43,"enemies":"Slime Boss","floor":16,"turns":7}],"seed_played":"1100703988111245847","potions_obtained":[{"floor":0,"key":"Strength Potion"},{"floor":0,"key":"EntropicBrew"},{"floor":0,"key":"Regen Potion"},{"floor":5,"key":"PowerPotion"},{"floor":6,"key":"Explosive Potion"},{"floor":13,"key":"LiquidBronze"},{"floor":14,"key":"FearPotion"}],"is_trial":false,"path_per_floor":["M","?","M","?","M","E","R","E","T","E","R","?","M","M","R","B"],"character_chosen":"THE_SILENT","items_purchased":[],"campfire_rested":3,"item_purchase_floors":[],"current_hp_per_floor":[69,62,62,51,46,6,27,4,4,2,23,23,22,22,43,0],"gold":335,"neow_bonus":"THREE_SMALL_POTIONS","is_prod":false,"is_daily":false,"chose_seed":false,"campfire_upgraded":0,"win_rate":0,"timestamp":1547835212,"path_taken":["M","?","M","?","M","E","R","E","T","E","R","?","M","?","R","BOSS"],"build_version":"2019-01-17v2","purchased_purges":0,"victory":false,"max_hp_per_floor":[70,70,70,70,70,70,70,70,70,70,70,70,71,72,72,72],"card_choices":[{"not_picked":["Dagger Throw","Slice"],"picked":"Quick Slash","floor":1},{"not_picked":["Dodge and Roll","Choke"],"picked":"Heel Hook","floor":3},{"not_picked":["Blade Dance","Deadly Poison"],"picked":"Cloak And Dagger","floor":5},{"not_picked":["Blade Dance","Endless Agony"],"picked":"Leg Sweep","floor":6},{"not_picked":["Concentrate","Underhanded Strike"],"picked":"Dagger Spray","floor":8},{"not_picked":["Underhanded Strike","Dodge and Roll"],"picked":"Prepared","floor":10},{"not_picked":["Acrobatics","Deadly Poison"],"picked":"Crippling Poison","floor":13},{"not_picked":["Wraith Form v2","Flying Knee"],"picked":"Footwork","floor":14}],"player_experience":639489,"relics_obtained":[{"floor":6,"key":"Potion Belt"},{"floor":8,"key":"Kunai"},{"floor":9,"key":"Boot"},{"floor":10,"key":"Happy Flower"}],"event_choices":[{"cards_removed":["Strike_G"],"damage_healed":0,"gold_gain":0,"player_choice":"Card Removal","damage_taken":7,"max_hp_gain":0,"max_hp_loss":0,"event_name":"Golden Wing","floor":2,"gold_loss":0},{"damage_healed":0,"gold_gain":75,"player_choice":"Gather Gold","damage_taken":11,"max_hp_gain":0,"max_hp_loss":0,"event_name":"World of Goop","floor":4,"gold_loss":0},{"damage_healed":0,"gold_gain":0,"player_choice":"Trade","damage_taken":0,"relics_obtained":["FaceOfCleric"],"max_hp_gain":0,"max_hp_loss":0,"event_name":"FaceTrader","floor":12,"gold_loss":0}],"is_beta":false,"boss_relics":[],"items_purged_floors":[],"is_endless":false,"potions_floor_spawned":[5,6,13,14],"killed_by":"Slime Boss","ascension_level":5}