{"gold_per_floor":[119,119,137,94,94,94,19,19,44,0,30,49,49,68,68,146,146,162,176,176,176],"floor_reached":21,"playtime":1009,"items_purged":["Strike_R"],"score":336,"play_id":"d465f38a-932a-443f-af09-284549fc54ba","local_time":"20190511010155","is_ascension_mode":true,"campfire_choices":[{"data":"Shockwave","floor":6,"key":"SMITH"},{"data":"Shrug It Off","floor":8,"key":"SMITH"},{"floor":15,"key":"REST"}],"neow_cost":"NONE","seed_source_timestamp":2545605387862815,"circlet_count":0,"master_deck":["AscendersBane","Strike_R","Strike_R","Strike_R","Defend_R","Defend_R","Defend_R","Defend_R","Bash+1","Shrug It Off+1","Shockwave+1","Sever Soul","Iron Wave","Disarm","Wild Strike","Rampage","Exhume","Inflame","Uppercut"],"relics":["Burning Blood","Dream Catcher","Strawberry","Anchor","Sozu"],"potions_floor_usage":[],"damage_taken":[{"damage":9,"enemies":"Jaw Worm","floor":1,"turns":3},{"damage":4,"enemies":"Cultist","floor":3,"turns":4},{"damage":60,"enemies":"3 Sentries","floor":11,"turns":14},{"damage":4,"enemies":"Small Slimes","floor":12,"turns":3},{"damage":5,"enemies":"Blue Slaver","floor":14,"turns":5},{"damage":25,"enemies":"Hexaghost","floor":16,"turns":12},{"damage":24,"enemies":"Chosen","floor":18,"turns":7},{"damage":10,"enemies":"3 Byrds","floor":19,"turns":8}],"seed_played":"-4903421873515728805","potions_obtained":[{"floor":11,"key":"Explosive Potion"},{"floor":12,"key":"Ancient Potion"}],"is_trial":false,"path_per_floor":["M","?","M","$","?","R","$","R","T","$","E","M","$","M","R","B",null,"M","M","?","?"],"character_chosen":"IRONCLAD","items_purchased":["Shockwave","Sever Soul"],"campfire_rested":1,"item_purchase_floors":[4,10],"current_hp_per_floor":[65,65,67,67,56,56,56,56,63,63,9,11,11,12,36,17,66,48,44,20,0],"gold":176,"neow_bonus":"UPGRADE_CARD","is_prod":false,"is_daily":false,"chose_seed":false,"campfire_upgraded":2,"win_rate":0,"timestamp":1557547315,"path_taken":["M","?","M","?","?","R","$","R","T","?","E","M","?","?","R","BOSS","M","M","?","?"],"build_version":"2019-01-23","purchased_purges":1,"victory":false,"max_hp_per_floor":[75,75,75,75,75,75,75,75,82,82,82,82,82,82,82,82,82,82,82,87,87],"card_choices":[{"not_picked":["Clothesline","Entrench"],"picked":"Shrug It Off","floor":1},{"not_picked":["Blood for Blood","Bloodletting","Perfected Strike"],"picked":"SKIP","floor":3},{"not_picked":["Flex","Havoc"],"picked":"Iron Wave","floor":11},{"not_picked":["Pommel Strike","Bloodletting"],"picked":"Disarm","floor":12},{"not_picked":["Ghostly Armor","Armaments"],"picked":"Wild Strike","floor":14},{"not_picked":["Wild Strike","Shrug It Off"],"picked":"Rampage","floor":15},{"not_picked":["Barricade","Berserk"],"picked":"Exhume","floor":16},{"not_picked":["Warcry","Pommel Strike+1"],"picked":"Inflame","floor":18},{"not_picked":["Pommel Strike","Infernal Blade"],"picked":"Uppercut","floor":19}],"player_experience":1325047,"relics_obtained":[{"floor":9,"key":"Strawberry"},{"floor":11,"key":"Anchor"}],"event_choices":[{"cards_removed":["Strike_R"],"damage_healed":0,"gold_gain":0,"player_choice":"Offered Basic","damage_taken":0,"max_hp_gain":0,"max_hp_loss":0,"event_name":"Bonfire Elementals","floor":2,"gold_loss":0},{"damage_healed":0,"gold_gain":0,"player_choice":"Success","damage_taken":11,"relics_obtained":["Dream Catcher"],"max_hp_gain":0,"max_hp_loss":0,"event_name":"Scrap Ooze","floor":5,"gold_loss":0},{"damage_healed":0,"gold_gain":0,"player_choice":"Shed Blood","damage_taken":29,"max_hp_gain":5,"max_hp_loss":0,"event_name":"Forgotten Altar","floor":20,"gold_loss":0}],"is_beta":false,"boss_relics":[{"not_picked":["Runic Cube","White Beast Statue"],"picked":"Sozu"}],"items_purged_floors":[7],"is_endless":false,"potions_floor_spawned":[11,12,16],"ascension_level":18}