{"gold_per_floor":[215,165,340,141,141,170,170,170,196,227,51,110,120,133,133,237,237,177,177,177,177,177,177,177,177,177,177,177,177,177,25,25,25,25,25,25,25,25,25,25,25,25,25,25,25,25,25,25,25,25,25,25,25,25,25],"floor_reached":56,"playtime":4375,"items_purged":["Doubt"],"score":1433,"play_id":"93c429a3-a52b-4874-aea6-8657597fd934","local_time":"20190305013433","is_ascension_mode":true,"campfire_choices":[{"data":"Neutralize","floor":8,"key":"SMITH"},{"data":"Noxious Fumes","floor":15,"key":"SMITH"},{"data":"Bouncing Flask","floor":30,"key":"SMITH"},{"data":"Sucker Punch","floor":32,"key":"SMITH"},{"floor":41,"key":"RECALL"},{"floor":45,"key":"DIG"},{"floor":49,"key":"REST"},{"floor":52,"key":"DIG"}],"neow_cost":"NONE","seed_source_timestamp":292935982869169,"circlet_count":0,"master_deck":["Defend_G","Defend_G","Defend_G","Defend_G","Strike_G","Strike_G+1","Strike_G","Strike_G","Strike_G+1","Survivor","Neutralize+1","PiercingWail","Flying Knee","Terror","Parasite","Escape Plan","Noxious Fumes+1","Bouncing Flask+1","After Image","PiercingWail","Well Laid Plans","After Image","Prepared","Masterful Stab+1","Cloak And Dagger","Dagger Throw+1","Dagger Spray+1","Leg Sweep","Well Laid Plans","Backflip+1","Sucker Punch+1","Heel Hook","After Image","Backflip+1","Noxious Fumes+1","Distraction","Calculated Gamble+1","Cloak And Dagger+1","Apotheosis","Panache","Flash of Steel","Backflip+1","Noxious Fumes"],"relics":["Ring of the Snake","Centennial Puzzle","Pen Nib","Tiny Chest","Ectoplasm","Blood Vial","Sundial","Dream Catcher","Regal Pillow","Tough Bandages","Shovel","Happy Flower","Fusion Hammer","PreservedInsect","Vajra","Paper Crane","Ancient Tea Set","Bottled Tornado","Strawberry"],"potions_floor_usage":[6,10,12,16,25,29,38,40,50,55],"damage_taken":[{"damage":0,"enemies":"Cultist","floor":1,"turns":4},{"damage":18,"enemies":"Gremlin Nob","floor":6,"turns":5},{"damage":15,"enemies":"3 Sentries","floor":10,"turns":7},{"damage":24,"enemies":"Gremlin Nob","floor":12,"turns":4},{"damage":0,"enemies":"Small Slimes","floor":13,"turns":3},{"damage":0,"enemies":"Jaw Worm","floor":14,"turns":4},{"damage":2,"enemies":"Slime Boss","floor":16,"turns":9},{"damage":0,"enemies":"2 Thieves","floor":18,"turns":4},{"damage":4,"enemies":"Shell Parasite","floor":20,"turns":7},{"damage":10,"enemies":"Cultist and Chosen","floor":21,"turns":5},{"damage":0,"enemies":"Snake Plant","floor":22,"turns":4},{"damage":1,"enemies":"Slavers","floor":23,"turns":6},{"damage":9,"enemies":"Centurion and Healer","floor":24,"turns":9},{"damage":0,"enemies":"Gremlin Leader","floor":25,"turns":6},{"damage":10,"enemies":"Book of Stabbing","floor":27,"turns":5},{"damage":6,"enemies":"Chosen and Byrds","floor":28,"turns":7},{"damage":0,"enemies":"Slavers","floor":29,"turns":7},{"damage":18,"enemies":"Champ","floor":33,"turns":11},{"damage":0,"enemies":"3 Shapes","floor":35,"turns":5},{"damage":0,"enemies":"3 Darklings","floor":37,"turns":8},{"damage":0,"enemies":"Sphere and 2 Shapes","floor":38,"turns":5},{"damage":19,"enemies":"Reptomancer","floor":40,"turns":7},{"damage":2,"enemies":"Giant Head","floor":42,"turns":8},{"damage":7,"enemies":"Maw","floor":44,"turns":7},{"damage":0,"enemies":"Writhing Mass","floor":46,"turns":7},{"damage":0,"enemies":"Awakened One","floor":50,"turns":13},{"damage":0,"enemies":"Shield and Spear","floor":54,"turns":5},{"damage":30,"enemies":"The Heart","floor":55,"turns":11}],"seed_played":"-8083962303446563679","potions_obtained":[{"floor":6,"key":"LiquidBronze"},{"floor":13,"key":"Fire Potion"},{"floor":22,"key":"Explosive Potion"},{"floor":23,"key":"Weak Potion"},{"floor":25,"key":"SteroidPotion"},{"floor":28,"key":"Strength Potion"},{"floor":29,"key":"Poison Potion"},{"floor":40,"key":"PowerPotion"},{"floor":46,"key":"SpeedPotion"}],"is_trial":false,"path_per_floor":["M","?","?","$","?","E","?","R","T","E","$","E","M","M","R","B",null,"M","?","M","M","M","E","M","E","T","E","M","E","R","$","R","B",null,"M","?","M","M","?","E","R","E","T","M","R","M","?","$","R","B",null,"R","$","E","B",null],"character_chosen":"THE_SILENT","items_purchased":["Flying Knee","GhostInAJar","Noxious Fumes","Bouncing Flask","Regen Potion","Happy Flower"],"campfire_rested":1,"item_purchase_floors":[4,4,11,11,11,31],"current_hp_per_floor":[70,70,70,70,56,38,55,55,55,40,40,30,30,30,30,28,70,70,70,66,58,60,61,54,56,56,48,44,46,46,46,46,30,70,70,70,70,70,70,51,51,51,51,46,46,48,38,38,70,70,70,70,70,77,47],"gold":25,"neow_bonus":"HUNDRED_GOLD","is_prod":false,"is_daily":false,"chose_seed":false,"campfire_upgraded":4,"win_rate":0,"timestamp":1551767673,"path_taken":["M","?","?","$","?","E","?","R","T","E","?","E","M","M","R","BOSS","M","?","M","M","M","E","M","E","T","E","M","E","R","$","R","BOSS","M","?","?","M","?","E","R","E","T","M","R","?","?","$","R","BOSS","R","$","E","BOSS"],"build_version":"2019-02-06","purchased_purges":1,"victory":true,"max_hp_per_floor":[70,70,70,70,70,70,70,70,70,70,70,70,70,70,70,70,70,70,70,70,70,70,70,70,70,70,70,70,70,70,70,70,70,70,70,70,70,70,70,70,70,70,70,70,70,70,70,70,70,70,70,70,70,77,77],"card_choices":[{"not_picked":["Skewer","Caltrops"],"picked":"PiercingWail","floor":1},{"not_picked":["Skewer","Dodge and Roll"],"picked":"Terror","floor":6},{"not_picked":["Reflex","Deadly Poison"],"picked":"Escape Plan","floor":10},{"not_picked":["Acrobatics","Dagger Throw"],"picked":"After Image","floor":12},{"not_picked":["Dodge and Roll","Concentrate"],"picked":"PiercingWail","floor":13},{"not_picked":["Deflect","Slice"],"picked":"Well Laid Plans","floor":14},{"not_picked":["Night Terror","Storm of Steel"],"picked":"After Image","floor":16},{"not_picked":["Accuracy+1","Flying Knee"],"picked":"Prepared","floor":18},{"not_picked":["Endless Agony","Acrobatics"],"picked":"Masterful Stab+1","floor":20},{"not_picked":["Quick Slash","Dagger Throw"],"picked":"Cloak And Dagger","floor":21},{"not_picked":["Riddle With Holes","Bane"],"picked":"Dagger Throw+1","floor":22},{"not_picked":["Heel Hook","Prepared"],"picked":"Dagger Spray+1","floor":23},{"not_picked":["Dodge and Roll","Escape Plan"],"picked":"Leg Sweep","floor":24},{"not_picked":["Phantasmal Killer","Expertise"],"picked":"Well Laid Plans","floor":25},{"not_picked":["Flying Knee+1","Poisoned Stab"],"picked":"Backflip+1","floor":27},{"not_picked":["Blade Dance","Choke"],"picked":"Sucker Punch","floor":28},{"not_picked":["Glass Knife","Underhanded Strike"],"picked":"Heel Hook","floor":29},{"not_picked":["Phantasmal Killer","Bullet Time"],"picked":"After Image","floor":33},{"not_picked":["Quick Slash","Deadly Poison"],"picked":"Backflip+1","floor":35},{"not_picked":["Acrobatics","PiercingWail+1"],"picked":"Noxious Fumes+1","floor":37},{"not_picked":["Eviscerate","Skewer+1","Endless Agony"],"picked":"SKIP","floor":38},{"not_picked":["Skewer","Reflex"],"picked":"Distraction","floor":40},{"not_picked":["Outmaneuver","Choke+1"],"picked":"Calculated Gamble+1","floor":42},{"not_picked":["Skewer","Blade Dance+1","Dagger Throw"],"picked":"SKIP","floor":44},{"not_picked":["Choke+1","Bane"],"picked":"Cloak And Dagger+1","floor":46},{"not_picked":["Good Instincts","Panacea"],"picked":"Apotheosis","floor":47},{"not_picked":["Trip","Secret Technique"],"picked":"Panache","floor":47},{"not_picked":["The Bomb","Mind Blast"],"picked":"Flash of Steel","floor":47},{"not_picked":["Quick Slash+1","Skewer"],"picked":"Backflip+1","floor":49},{"not_picked":["Endless Agony","Dash+1"],"picked":"Noxious Fumes","floor":54}],"player_experience":4803227,"relics_obtained":[{"floor":6,"key":"Centennial Puzzle"},{"floor":10,"key":"Pen Nib"},{"floor":12,"key":"Tiny Chest"},{"floor":23,"key":"Sundial"},{"floor":25,"key":"Dream Catcher"},{"floor":26,"key":"Regal Pillow"},{"floor":27,"key":"Tough Bandages"},{"floor":29,"key":"Shovel"},{"floor":40,"key":"PreservedInsect"},{"floor":42,"key":"Vajra"},{"floor":43,"key":"Paper Crane"},{"floor":45,"key":"Ancient Tea Set"},{"floor":52,"key":"Bottled Tornado"},{"floor":54,"key":"Strawberry"}],"event_choices":[{"cards_removed":["Defend_G"],"damage_healed":0,"gold_gain":0,"player_choice":"Card Removal","damage_taken":0,"max_hp_gain":0,"max_hp_loss":0,"event_name":"The Cleric","floor":2,"gold_loss":50},{"damage_healed":0,"gold_gain":175,"player_choice":"AGREE","damage_taken":0,"max_hp_gain":0,"max_hp_loss":0,"event_name":"Liars Game","floor":3,"gold_loss":0,"cards_obtained":["Doubt"]},{"damage_healed":0,"gold_gain":0,"player_choice":"Entered Light","damage_taken":14,"max_hp_gain":0,"max_hp_loss":0,"event_name":"Shining Light","floor":5,"gold_loss":0,"cards_upgraded":["Strike_G","Strike_G"]},{"damage_healed":17,"gold_gain":0,"player_choice":"Healed and dodged fight","damage_taken":0,"max_hp_gain":0,"max_hp_loss":0,"event_name":"Mushrooms","floor":7,"gold_loss":0,"cards_obtained":["Parasite"]},{"damage_healed":0,"gold_gain":0,"player_choice":"Opened","damage_taken":0,"relics_obtained":["Blood Vial"],"max_hp_gain":0,"max_hp_loss":0,"event_name":"The Mausoleum","floor":19,"gold_loss":0},{"damage_healed":0,"gold_gain":100,"player_choice":"Pray","damage_taken":0,"max_hp_gain":0,"max_hp_loss":0,"event_name":"Golden Shrine","floor":36,"gold_loss":0},{"damage_healed":0,"gold_gain":300,"player_choice":"Gold","damage_taken":0,"max_hp_gain":0,"max_hp_loss":0,"event_name":"Wheel of Change","floor":39,"gold_loss":0},{"damage_healed":0,"gold_gain":0,"player_choice":"Memory 3","damage_taken":10,"max_hp_gain":0,"max_hp_loss":0,"event_name":"SensoryStone","floor":47,"gold_loss":0}],"is_beta":true,"boss_relics":[{"not_picked":["HoveringKite","Orrery"],"picked":"Ectoplasm"},{"not_picked":["Black Star","Busted Crown"],"picked":"Fusion Hammer"}],"items_purged_floors":[4],"is_endless":false,"potions_floor_spawned":[6,13,22,23,25,28,29,35,40,46],"ascension_level":1}