{"gold_per_floor":[117,117,117,117,136,174,174,114,192,206,206,306,306,331,331,451,451,474,487,507,507,53,53,94,94,94,94,133,133,153,176,176,307,307,325,341,362,380,25,93,117,142,142,142,142,181,202,202,202,202],"floor_reached":50,"playtime":12599,"items_purged":["Regret"],"score":852,"play_id":"7169d113-d443-468c-bff7-b2d795f64fcf","local_time":"20181227020002","is_ascension_mode":true,"campfire_choices":[{"data":"Seeing Red","floor":7,"key":"SMITH"},{"data":"Dual Wield","floor":11,"key":"SMITH"},{"data":"Perfected Strike","floor":13,"key":"SMITH"},{"data":"Perfected Strike","floor":15,"key":"SMITH"},{"floor":23,"key":"REST"},{"floor":27,"key":"REST"},{"floor":32,"key":"REST"},{"floor":44,"key":"REST"},{"floor":49,"key":"REST"}],"neow_cost":"NONE","seed_source_timestamp":422211609559634,"circlet_count":0,"master_deck":["Strike_R","Strike_R","Strike_R","Strike_R","Strike_R","Defend_R","Defend_R","Bash","Perfected Strike+1","Seeing Red+1","Perfected Strike+1","Dual Wield+1","Dropkick","Exhume","Whirlwind","Body Slam+1","Armaments","Spot Weakness","Infernal Blade","Pommel Strike","Armaments","Trip","Discovery","Dual Wield+1","Flex+1","Berserk","Wild Strike+1","Wild Strike","Flex+1","Spot Weakness+1","Panache","Jack Of All Trades","Swift Strike","Jack Of All Trades","Offering","Dual Wield","Havoc+1","Seeing Red+1","Flex+1","Flex+1","Jack Of All Trades","Dark Shackles","Apotheosis"],"relics":["Burning Blood","NeowsBlessing","Sundial","Golden Idol","The Courier","Strawberry","Self Forming Clay","Fusion Hammer","MutagenicStrength","Brimstone","Torii","Dead Branch","Smiling Mask","PreservedInsect","Empty Cage","Tiny Chest","Prayer Wheel","Question Card","Ancient Tea Set"],"potions_floor_usage":[14,16,18,28,30,33,36,36,50,50,50],"damage_taken":[{"damage":0,"enemies":"2 Louse","floor":1,"turns":1},{"damage":0,"enemies":"Jaw Worm","floor":5,"turns":1},{"damage":0,"enemies":"Lagavulin","floor":6,"turns":1},{"damage":1,"enemies":"Cultist","floor":10,"turns":3},{"damage":0,"enemies":"Blue Slaver","floor":14,"turns":1},{"damage":44,"enemies":"Hexaghost","floor":16,"turns":7},{"damage":12,"enemies":"Chosen","floor":18,"turns":2},{"damage":11,"enemies":"Spheric Guardian","floor":19,"turns":3},{"damage":30,"enemies":"Snake Plant","floor":20,"turns":4},{"damage":21,"enemies":"Gremlin Leader","floor":24,"turns":3},{"damage":10,"enemies":"Book of Stabbing","floor":28,"turns":3},{"damage":2,"enemies":"Centurion and Healer","floor":30,"turns":3},{"damage":0,"enemies":"Snecko","floor":31,"turns":2},{"damage":64,"enemies":"Champ","floor":33,"turns":5},{"damage":18,"enemies":"3 Darklings","floor":35,"turns":3},{"damage":0,"enemies":"Orb Walker","floor":36,"turns":1},{"damage":0,"enemies":"3 Darklings","floor":37,"turns":1},{"damage":17,"enemies":"Jaw Worm Horde","floor":38,"turns":2},{"damage":22,"enemies":"Nemesis","floor":40,"turns":3},{"damage":13,"enemies":"Maw","floor":41,"turns":4},{"damage":8,"enemies":"Sphere and 2 Shapes","floor":42,"turns":3},{"damage":12,"enemies":"Giant Head","floor":46,"turns":3},{"damage":6,"enemies":"Jaw Worm Horde","floor":47,"turns":2},{"damage":77,"enemies":"Awakened One","floor":50,"turns":3}],"seed_played":"-6613463393241487173","potions_obtained":[{"floor":1,"key":"AttackPotion"},{"floor":10,"key":"Strength Potion"},{"floor":14,"key":"AttackPotion"},{"floor":24,"key":"LiquidBronze"},{"floor":28,"key":"Block Potion"},{"floor":31,"key":"SkillPotion"},{"floor":33,"key":"FearPotion"},{"floor":35,"key":"Swift Potion"},{"floor":40,"key":"Strength Potion"},{"floor":41,"key":"Weak Potion"},{"floor":47,"key":"Poison Potion"}],"is_trial":false,"path_per_floor":["M","?","?","?","M","E","R","$","T","M","R","?","R","M","R","B",null,"M","M","M","?","$","R","E","?","T","R","E","?","M","M","R","B",null,"M","M","M","M","$","E","M","M","T","R","T","E","M","?","R","B"],"character_chosen":"IRONCLAD","items_purchased":["Brimstone","Spot Weakness","Torii","Panache","Jack Of All Trades","Swift Strike","Jack Of All Trades"],"campfire_rested":5,"item_purchase_floors":[22,22,22,39,39,39,39],"current_hp_per_floor":[78,66,46,46,52,65,65,65,65,70,70,70,70,76,76,38,75,69,64,40,40,40,66,51,51,51,77,73,49,53,59,85,27,72,60,66,72,61,61,45,38,36,36,62,62,56,56,46,72,0],"gold":202,"neow_bonus":"THREE_ENEMY_KILL","is_prod":false,"is_daily":false,"chose_seed":false,"campfire_upgraded":4,"win_rate":0,"timestamp":1545886802,"path_taken":["M","?","?","?","M","E","R","?","T","?","R","?","R","M","R","BOSS","M","M","?","?","$","R","E","?","T","R","E","?","M","M","R","BOSS","M","M","M","M","$","E","M","M","T","R","?","E","M","?","R","BOSS"],"build_version":"2018-12-20","purchased_purges":1,"victory":false,"max_hp_per_floor":[80,80,80,80,80,87,87,87,87,87,87,87,87,87,87,87,87,87,87,87,87,87,87,87,87,87,87,87,87,87,87,87,87,87,87,87,87,87,87,87,87,87,87,87,87,87,87,87,87,87],"card_choices":[{"not_picked":["Searing Blow","Power Through"],"picked":"Perfected Strike","floor":1},{"not_picked":["Ghostly Armor","Anger"],"picked":"Seeing Red","floor":5},{"not_picked":["Double Tap","Hemokinesis"],"picked":"Perfected Strike","floor":6},{"not_picked":["Fire Breathing","Havoc"],"picked":"Dual Wield","floor":10},{"not_picked":["Clothesline","Hemokinesis"],"picked":"Dropkick","floor":14},{"not_picked":["Brutality","Feed"],"picked":"Exhume","floor":16},{"not_picked":["Cleave+1","Warcry"],"picked":"Whirlwind","floor":18},{"not_picked":["Headbutt","Combust"],"picked":"Body Slam+1","floor":19},{"not_picked":["Carnage","Uppercut"],"picked":"Armaments","floor":20},{"not_picked":["Pommel Strike+1","Immolate"],"picked":"Infernal Blade","floor":24},{"not_picked":["Sword Boomerang","Bloodletting"],"picked":"Armaments","floor":28},{"not_picked":["Perfected Strike+1","Havoc"],"picked":"Dual Wield+1","floor":30},{"not_picked":["True Grit","Iron Wave+1"],"picked":"Flex+1","floor":31},{"not_picked":["Juggernaut","Brutality"],"picked":"Berserk","floor":33},{"not_picked":["Flame Barrier+1","Body Slam+1"],"picked":"Wild Strike+1","floor":35},{"not_picked":["Rampage","Armaments"],"picked":"Wild Strike","floor":36},{"not_picked":["Iron Wave","Anger"],"picked":"Flex+1","floor":37},{"not_picked":["Warcry+1","Iron Wave+1"],"picked":"Spot Weakness+1","floor":38},{"not_picked":["Iron Wave","Cleave"],"picked":"Offering","floor":40},{"not_picked":["Anger","Cleave"],"picked":"Dual Wield","floor":41},{"not_picked":["Wild Strike+1","Iron Wave"],"picked":"Havoc+1","floor":42},{"not_picked":["Anger+1","Power Through+1","True Grit+1"],"picked":"Seeing Red+1","floor":46},{"not_picked":["Iron Wave+1","Barricade","Sentinel+1"],"picked":"Flex+1","floor":47},{"not_picked":["Armaments+1","Anger+1","Twin Strike"],"picked":"Flex+1","floor":47},{"not_picked":["Finesse","Secret Technique","Discovery"],"picked":"Jack Of All Trades","floor":48},{"not_picked":["Dramatic Entrance","Forethought","Metamorphosis"],"picked":"Dark Shackles","floor":48},{"not_picked":["Impatience","Violence","PanicButton"],"picked":"Apotheosis","floor":48}],"player_experience":534267,"relics_obtained":[{"floor":6,"key":"Strawberry"},{"floor":9,"key":"Self Forming Clay"},{"floor":24,"key":"Dead Branch"},{"floor":26,"key":"Smiling Mask"},{"floor":28,"key":"PreservedInsect"},{"floor":40,"key":"Tiny Chest"},{"floor":43,"key":"Prayer Wheel"},{"floor":45,"key":"Question Card"},{"floor":46,"key":"Ancient Tea Set"}],"event_choices":[{"damage_healed":0,"gold_gain":0,"player_choice":"Success","damage_taken":12,"relics_obtained":["Sundial"],"max_hp_gain":0,"max_hp_loss":0,"event_name":"Scrap Ooze","floor":2,"gold_loss":0},{"damage_healed":0,"gold_gain":0,"player_choice":"Take Damage","damage_taken":20,"relics_obtained":["Golden Idol"],"max_hp_gain":0,"max_hp_loss":0,"event_name":"Golden Idol","floor":3,"gold_loss":0},{"damage_healed":0,"gold_gain":0,"player_choice":"Box","damage_taken":0,"relics_obtained":["The Courier"],"max_hp_gain":0,"max_hp_loss":0,"event_name":"Big Fish","floor":4,"gold_loss":0,"cards_obtained":["Regret"]},{"damage_healed":0,"gold_gain":100,"player_choice":"Gold","damage_taken":0,"max_hp_gain":0,"max_hp_loss":0,"event_name":"Wheel of Change","floor":12,"gold_loss":0},{"damage_healed":0,"gold_gain":0,"player_choice":"Inject Mutagens","damage_taken":0,"relics_obtained":["MutagenicStrength"],"max_hp_gain":0,"max_hp_loss":0,"event_name":"Drug Dealer","floor":21,"gold_loss":0},{"damage_healed":0,"gold_gain":0,"player_choice":"Read","damage_taken":0,"max_hp_gain":0,"max_hp_loss":0,"event_name":"The Library","floor":25,"gold_loss":0,"cards_obtained":["Pommel Strike"]},{"damage_healed":0,"gold_gain":0,"player_choice":"CARD CARD ","damage_taken":24,"max_hp_gain":0,"max_hp_loss":0,"event_name":"Knowing Skull","floor":29,"potions_obtained":[],"gold_loss":0,"cards_obtained":["Trip","Discovery"]},{"damage_healed":0,"gold_gain":0,"player_choice":"Memory 3","damage_taken":10,"max_hp_gain":0,"max_hp_loss":0,"event_name":"SensoryStone","floor":48,"gold_loss":0}],"is_beta":false,"boss_relics":[{"not_picked":["Pandora\u0027s Box","Busted Crown"],"picked":"Fusion Hammer"},{"not_picked":["Coffee Dripper","Velvet Choker"],"picked":"Empty Cage"}],"items_purged_floors":[8],"is_endless":false,"potions_floor_spawned":[1,10,14,24,28,31,33,35,40,41,47],"killed_by":"Awakened One","ascension_level":6}