{"gold_per_floor":[111,111,135,167,195,207,247,75,102,134,134,151,151,165,165,270,270,287,72,92,92],"floor_reached":21,"playtime":882,"items_purged":["Regret"],"score":229,"play_id":"b9c15274-cc5e-4469-b6ea-1b2d87347c47","local_time":"20181229100353","is_ascension_mode":true,"campfire_choices":[{"floor":6,"key":"REST"},{"floor":11,"key":"REST"},{"floor":13,"key":"REST"},{"floor":15,"key":"REST"}],"neow_cost":"NONE","seed_source_timestamp":653533674262430,"circlet_count":0,"master_deck":["Defend_G","Defend_G","Defend_G","Defend_G","Defend_G","Strike_G","Strike_G","Strike_G","Strike_G","Strike_G","Survivor","Neutralize","Backflip","Riddle With Holes","Sucker Punch","Dagger Spray","Outmaneuver","Noxious Fumes","Riddle With Holes","Deadly Poison","Well Laid Plans","Catalyst","Die Die Die","Dagger Spray","Noxious Fumes","Dodge and Roll+1"],"relics":["Fusion Hammer","MawBank","Regal Pillow","Strawberry","Bag of Marbles","Black Star","Oddly Smooth Stone"],"potions_floor_usage":[21,21,21],"damage_taken":[{"damage":2,"enemies":"2 Louse","floor":1,"turns":3},{"damage":4,"enemies":"Jaw Worm","floor":3,"turns":5},{"damage":4,"enemies":"Cultist","floor":4,"turns":4},{"damage":8,"enemies":"Lots of Slimes","floor":5,"turns":6},{"damage":27,"enemies":"Gremlin Nob","floor":7,"turns":5},{"damage":30,"enemies":"3 Sentries","floor":10,"turns":5},{"damage":1,"enemies":"3 Louse","floor":12,"turns":3},{"damage":8,"enemies":"Looter","floor":14,"turns":3},{"damage":40,"enemies":"Hexaghost","floor":16,"turns":8},{"damage":17,"enemies":"2 Thieves","floor":18,"turns":3},{"damage":22,"enemies":"Spheric Guardian","floor":20,"turns":4},{"damage":19,"enemies":"Colosseum Slavers","floor":21,"turns":5},{"damage":26,"enemies":"Colosseum Nobs","floor":21,"turns":3}],"seed_played":"-1251775838147394183","potions_obtained":[{"floor":3,"key":"Poison Potion"},{"floor":5,"key":"FearPotion"},{"floor":10,"key":"LiquidBronze"}],"is_trial":false,"path_per_floor":["M","?","M","M","M","R","E","$","T","E","R","M","R","M","R","B",null,"M","$","M","?"],"character_chosen":"THE_SILENT","items_purchased":["Noxious Fumes","Riddle With Holes","Noxious Fumes","Oddly Smooth Stone"],"campfire_rested":4,"item_purchase_floors":[8,8,19,19],"current_hp_per_floor":[68,68,64,60,52,70,43,43,50,20,58,57,77,69,77,37,77,60,60,38,0],"gold":92,"neow_bonus":"BOSS_RELIC","is_prod":false,"is_daily":false,"chose_seed":false,"campfire_upgraded":0,"win_rate":0,"timestamp":1546088633,"path_taken":["M","?","M","M","M","R","E","$","T","E","R","M","R","M","R","BOSS","M","$","M","?"],"build_version":"2018-12-20","purchased_purges":1,"victory":false,"max_hp_per_floor":[70,70,70,70,70,70,70,70,77,77,77,77,77,77,77,77,77,77,77,77,77],"card_choices":[{"not_picked":["Heel Hook","Underhanded Strike"],"picked":"Backflip","floor":1},{"not_picked":["Dodge and Roll","Flying Knee"],"picked":"Riddle With Holes","floor":3},{"not_picked":["Leg Sweep","Cloak And Dagger"],"picked":"Sucker Punch","floor":4},{"not_picked":["Crippling Poison","After Image"],"picked":"Dagger Spray","floor":5},{"not_picked":["Leg Sweep","Poisoned Stab"],"picked":"Outmaneuver","floor":7},{"not_picked":["Deflect","Eviscerate"],"picked":"Deadly Poison","floor":10},{"not_picked":["Dagger Throw","Poisoned Stab"],"picked":"Well Laid Plans","floor":12},{"not_picked":["Flechettes","Escape Plan"],"picked":"Catalyst","floor":14},{"not_picked":["Doppelganger","Bullet Time"],"picked":"Die Die Die","floor":16},{"not_picked":["PiercingWail+1","Blade Dance"],"picked":"Dagger Spray","floor":18},{"not_picked":["Flying Knee","Infinite Blades"],"picked":"Dodge and Roll+1","floor":20}],"player_experience":558593,"relics_obtained":[{"floor":7,"key":"Regal Pillow"},{"floor":9,"key":"Strawberry"},{"floor":10,"key":"Bag of Marbles"}],"event_choices":[{"damage_healed":0,"gold_gain":0,"player_choice":"Box","damage_taken":0,"relics_obtained":["MawBank"],"max_hp_gain":0,"max_hp_loss":0,"event_name":"Big Fish","floor":2,"gold_loss":0,"cards_obtained":["Regret"]},{"damage_healed":0,"gold_gain":0,"player_choice":"Fight","damage_taken":0,"max_hp_gain":0,"max_hp_loss":0,"event_name":"Colosseum","floor":21,"gold_loss":0},{"damage_healed":0,"gold_gain":0,"player_choice":"Fought Nobs","damage_taken":0,"max_hp_gain":0,"max_hp_loss":0,"event_name":"Colosseum","floor":21,"gold_loss":0}],"is_beta":false,"boss_relics":[{"not_picked":["HoveringKite","Runic Dome"],"picked":"Black Star"}],"items_purged_floors":[8],"is_endless":false,"potions_floor_spawned":[3,5,10,14,16],"killed_by":"Colosseum Nobs","ascension_level":4}