{"gold_per_floor":[119,6,20,20,20,20,50,64,64,94,124,149,149,149,149,245,308,321,321,321,342,342],"floor_reached":22,"playtime":1255,"items_purged":["Strike_B"],"score":371,"play_id":"3542a7ee-7707-4697-99cd-a95fd5fb9cae","local_time":"20190325012440","is_ascension_mode":true,"campfire_choices":[{"data":"Defragment","floor":6,"key":"SMITH"},{"floor":11,"key":"DIG"},{"floor":15,"key":"REST"}],"neow_cost":"NONE","seed_source_timestamp":349819062986256,"circlet_count":0,"master_deck":["AscendersBane","Strike_B","Strike_B","Defend_B","Defend_B","Defend_B","Defend_B","Zap+1","Go for the Eyes+1","Defragment+1","Echo Form+1","Coolheaded","Loop+1","Hologram","Injury","Fission","Sweeping Beam","Gash","Double Energy"],"relics":["Cracked Core","NeowsBlessing","Frozen Egg 2","Bottled Lightning","Shovel","Tiny Chest","Du-Vu Doll","Golden Idol","Tiny House","Nloth\u0027s Gift"],"potions_floor_usage":[12],"damage_taken":[{"damage":0,"enemies":"Small Slimes","floor":1,"turns":1},{"damage":0,"enemies":"Jaw Worm","floor":3,"turns":1},{"damage":0,"enemies":"Gremlin Nob","floor":7,"turns":1},{"damage":0,"enemies":"2 Louse","floor":8,"turns":3},{"damage":6,"enemies":"Lagavulin","floor":10,"turns":7},{"damage":17,"enemies":"3 Sentries","floor":12,"turns":6},{"damage":24,"enemies":"The Guardian","floor":16,"turns":10},{"damage":12,"enemies":"3 Byrds","floor":18,"turns":4},{"damage":25,"enemies":"Spheric Guardian","floor":21,"turns":4},{"damage":31,"enemies":"Snake Plant","floor":22,"turns":3}],"seed_played":"819186152455374152","potions_obtained":[{"floor":3,"key":"GamblersBrew"},{"floor":8,"key":"EssenceOfSteel"},{"floor":17,"key":"Ancient Potion"}],"is_trial":false,"path_per_floor":["M","$","M","?","?","R","E","M","T","E","R","E","?","?","R","B",null,"M","T","?","M","M"],"character_chosen":"DEFECT","items_purchased":["Defragment"],"campfire_rested":1,"item_purchase_floors":[2],"current_hp_per_floor":[68,68,68,53,46,46,46,46,46,40,40,23,23,23,45,21,67,55,55,55,30,0],"gold":342,"neow_bonus":"THREE_ENEMY_KILL","is_prod":false,"is_daily":false,"chose_seed":false,"campfire_upgraded":1,"win_rate":0,"timestamp":1553487880,"path_taken":["M","$","M","?","?","R","E","?","T","E","R","E","?","?","R","BOSS","M","?","?","?","M"],"build_version":"2019-01-23","purchased_purges":1,"victory":false,"max_hp_per_floor":[75,75,75,75,75,75,75,75,75,75,75,75,75,75,75,75,80,80,80,80,80,80],"card_choices":[{"not_picked":["Turbo","Redo"],"picked":"Go for the Eyes","floor":1},{"not_picked":["Steam","Hologram"],"picked":"Echo Form","floor":3},{"not_picked":["Turbo","Barrage"],"picked":"Coolheaded","floor":7},{"not_picked":["Scrape","Hologram","Streamline"],"picked":"SKIP","floor":8},{"not_picked":["Turbo","Beam Cell"],"picked":"Loop+1","floor":10},{"not_picked":["Go for the Eyes","Ball Lightning"],"picked":"Hologram","floor":12},{"not_picked":["Reboot","Core Surge"],"picked":"Fission","floor":16},{"not_picked":["Streamline","Compile Driver"],"picked":"Sweeping Beam","floor":17},{"not_picked":["Conserve Battery","Sweeping Beam"],"picked":"Gash","floor":18},{"not_picked":["Redo","Steam"],"picked":"Double Energy","floor":21}],"player_experience":992011,"relics_obtained":[{"floor":7,"key":"Frozen Egg 2"},{"floor":9,"key":"Bottled Lightning"},{"floor":10,"key":"Shovel"},{"floor":11,"key":"Tiny Chest"},{"floor":12,"key":"Du-Vu Doll"},{"floor":19,"key":"Pocketwatch"}],"event_choices":[{"damage_healed":0,"gold_gain":0,"player_choice":"Entered Light","damage_taken":15,"max_hp_gain":0,"max_hp_loss":0,"event_name":"Shining Light","floor":4,"gold_loss":0,"cards_upgraded":["Zap","Echo Form"]},{"cards_removed":["Strike_B"],"damage_healed":0,"gold_gain":0,"player_choice":"Card Removal","damage_taken":7,"max_hp_gain":0,"max_hp_loss":0,"event_name":"Golden Wing","floor":5,"gold_loss":0},{"damage_healed":0,"gold_gain":0,"player_choice":"Take Wound","damage_taken":0,"relics_obtained":["Golden Idol"],"max_hp_gain":0,"max_hp_loss":0,"event_name":"Golden Idol","floor":13,"gold_loss":0,"cards_obtained":["Injury"]},{"cards_removed":["Dualcast"],"damage_healed":0,"gold_gain":0,"player_choice":"Offered Basic","damage_taken":0,"max_hp_gain":0,"max_hp_loss":0,"event_name":"Bonfire Elementals","floor":14,"gold_loss":0},{"damage_healed":0,"gold_gain":0,"player_choice":"Traded Relic","damage_taken":0,"relics_obtained":["Nloth\u0027s Gift"],"max_hp_gain":0,"max_hp_loss":0,"event_name":"N\u0027loth","floor":20,"relics_lost":["Pocketwatch"],"gold_loss":0}],"is_beta":false,"boss_relics":[{"not_picked":["Ectoplasm","Astrolabe"],"picked":"Tiny House"}],"items_purged_floors":[2],"is_endless":false,"potions_floor_spawned":[3,8,10,21],"killed_by":"Snake Plant","ascension_level":13}