{"gold_per_floor":[211,136,153,173,184,184,217,9,9,336,336,336,347,363,363,434,434,454,454,434,448,459,459,487,102,151,151,170,193,193],"floor_reached":30,"playtime":1636,"items_purged":["Strike_B"],"score":520,"play_id":"4054819a-9eb7-45b5-91e3-86189f47644b","local_time":"20181123095237","is_ascension_mode":true,"campfire_choices":[{"data":"Zap","floor":6,"key":"SMITH"},{"floor":11,"key":"REST"},{"data":"Go for the Eyes","floor":15,"key":"SMITH"},{"floor":23,"key":"REST"},{"floor":27,"key":"REST"}],"neow_cost":"NONE","seed_source_timestamp":742361997045202,"circlet_count":0,"master_deck":["AscendersBane","Strike_B","Strike_B","Defend_B","Defend_B","Defend_B","Defend_B","Zap+1","Dualcast","Go for the Eyes+1","Streamline","FTL","Conserve Battery","Rebound","Sunder","Cold Snap","Conserve Battery","Seek","Buffer","Static Discharge+1","Decay","Sweeping Beam","Undo","Capacitor+1"],"relics":["Cracked Core","Darkstone Periapt","Bag of Preparation","WingedGreaves","Old Coin","Runic Dome","FossilizedHelix","PreservedInsect","Bronze Scales"],"potions_floor_usage":[24,30],"damage_taken":[{"damage":0,"enemies":"2 Louse","floor":1,"turns":2},{"damage":2,"enemies":"Jaw Worm","floor":3,"turns":4},{"damage":11,"enemies":"Cultist","floor":4,"turns":4},{"damage":6,"enemies":"Looter","floor":5,"turns":3},{"damage":20,"enemies":"Lagavulin","floor":7,"turns":7},{"damage":13,"enemies":"3 Sentries","floor":10,"turns":6},{"damage":2,"enemies":"2 Fungi Beasts","floor":13,"turns":3},{"damage":0,"enemies":"Gremlin Gang","floor":14,"turns":3},{"damage":17,"enemies":"The Guardian","floor":16,"turns":11},{"damage":8,"enemies":"Shell Parasite","floor":18,"turns":6},{"damage":27,"enemies":"2 Thieves","floor":21,"turns":5},{"damage":21,"enemies":"Shelled Parasite and Fungi","floor":22,"turns":3},{"damage":11,"enemies":"Gremlin Leader","floor":24,"turns":9},{"damage":0,"enemies":"Sentry and Sphere","floor":28,"turns":5},{"damage":42,"enemies":"Slavers","floor":30,"turns":3}],"seed_played":"-8129813073816647971","potions_obtained":[{"floor":3,"key":"Fire Potion"},{"floor":12,"key":"LiquidBronze"}],"is_trial":false,"path_per_floor":["M","?","M","M","M","R","E","$","T","E","R","?","M","M","R","B",null,"M","?","?","M","M","R","E","$","T","R","M","T","E"],"character_chosen":"DEFECT","items_purchased":["Bag of Preparation","Sunder","PreservedInsect","Undo","Swift Potion"],"campfire_rested":3,"item_purchase_floors":[8,8,25,25,25],"current_hp_per_floor":[64,64,62,51,45,45,25,25,25,12,33,33,31,31,31,14,57,49,55,55,28,7,30,19,19,19,42,42,42,0],"gold":193,"neow_bonus":"HUNDRED_GOLD","is_prod":false,"is_daily":false,"chose_seed":false,"campfire_upgraded":2,"win_rate":0,"timestamp":1542984757,"path_taken":["M","?","M","M","M","R","E","$","T","E","R","?","?","M","R","BOSS","M","?","?","?","M","R","E","$","T","R","M","?","E"],"build_version":"2018-11-15","purchased_purges":1,"victory":false,"max_hp_per_floor":[71,71,71,71,71,71,71,71,71,71,71,71,71,71,71,71,71,71,77,77,77,77,77,77,77,77,77,77,77,77],"card_choices":[{"not_picked":["Blizzard","Compile Driver"],"picked":"Go for the Eyes","floor":1},{"not_picked":["Auto Shields","Compile Driver"],"picked":"Streamline","floor":3},{"not_picked":["Reprogram","Auto Shields"],"picked":"FTL","floor":4},{"not_picked":["Rebound","Consume"],"picked":"Conserve Battery","floor":5},{"not_picked":["Hologram","Beam Cell"],"picked":"Rebound","floor":7},{"not_picked":["Aggregate","Leap"],"picked":"Cold Snap","floor":10},{"not_picked":["Steam","Redo"],"picked":"Conserve Battery","floor":13},{"not_picked":["Heatsinks","Rebound"],"picked":"Seek","floor":14},{"not_picked":["Rainbow","Hyperbeam"],"picked":"Buffer","floor":16},{"not_picked":["Conserve Battery","Blizzard"],"picked":"Static Discharge+1","floor":18},{"not_picked":["Chaos","Steam"],"picked":"Sweeping Beam","floor":21},{"not_picked":["Rebound","Steam","Melter"],"picked":"SKIP","floor":22},{"not_picked":["Rebound","Steam","Melter"],"picked":"SKIP","floor":22},{"not_picked":["Genetic Algorithm","Storm","Stack"],"picked":"SKIP","floor":24},{"not_picked":["Coolheaded","Stack"],"picked":"Capacitor+1","floor":28}],"player_experience":1012889,"relics_obtained":[{"floor":7,"key":"Darkstone Periapt"},{"floor":9,"key":"WingedGreaves"},{"floor":10,"key":"Old Coin"},{"floor":24,"key":"FossilizedHelix"},{"floor":26,"key":"Bronze Scales"}],"event_choices":[{"cards_removed":["Strike_B"],"damage_healed":0,"gold_gain":0,"player_choice":"Card Removal","damage_taken":0,"max_hp_gain":0,"max_hp_loss":0,"event_name":"The Cleric","floor":2,"gold_loss":75},{"damage_healed":0,"gold_gain":0,"player_choice":"Got Potions","damage_taken":0,"max_hp_gain":0,"max_hp_loss":0,"event_name":"Lab","floor":12,"gold_loss":0},{"damage_healed":0,"gold_gain":0,"player_choice":"Smashed Altar","damage_taken":0,"max_hp_gain":0,"max_hp_loss":0,"event_name":"Forgotten Altar","floor":19,"gold_loss":0,"cards_obtained":["Decay"]},{"damage_healed":0,"gold_gain":0,"player_choice":"Bought 1 Potion","damage_taken":0,"max_hp_gain":0,"max_hp_loss":0,"event_name":"The Woman in Blue","floor":20,"gold_loss":0}],"is_beta":true,"boss_relics":[{"not_picked":["White Beast Statue","Sozu"],"picked":"Runic Dome"}],"items_purged_floors":[25],"is_endless":false,"potions_floor_spawned":[3,13,14,18,28],"killed_by":"Slavers","ascension_level":20}