{"gold_per_floor":[109,20,20,38,38,38,38,55,55,55,83,83,96,126,126,223,223,242,242,37,37,50,50,79,79,79,79,9,9,24,42,42,42],"floor_reached":33,"playtime":1422,"items_purged":[],"score":300,"play_id":"af37ff13-246f-4054-900a-b089f06947dd","local_time":"20190508114633","is_ascension_mode":true,"campfire_choices":[{"data":"Multi-Cast","floor":6,"key":"SMITH"},{"data":"Gash","floor":10,"key":"SMITH"},{"data":"Doom and Gloom","floor":12,"key":"SMITH"},{"data":"Conserve Battery","floor":15,"key":"SMITH"},{"data":"Beam Cell","floor":23,"key":"SMITH"},{"data":"Coolheaded","floor":25,"key":"SMITH"},{"data":"Redo","floor":27,"key":"SMITH"},{"data":"Glacier","floor":29,"key":"SMITH"},{"floor":32,"key":"REST"}],"neow_cost":"NONE","seed_source_timestamp":214445449471100,"circlet_count":0,"master_deck":["Strike_B+1","Strike_B+1","Strike_B+1","Defend_B+1","Defend_B+1","Defend_B+1","Defend_B+1","Zap+1","Dualcast","Multi-Cast+1","Sweeping Beam","Conserve Battery","Doom and Gloom+1","Glacier+1","Gash+1","Conserve Battery+1","Echo Form+1","Ball Lightning","Static Discharge+1","Conserve Battery","Ball Lightning","Beam Cell+1","Redo+1","Gash","Coolheaded+1","Leap+1","Heatsinks+1","Gash","Barrage+1","Hologram+1"],"relics":["Cracked Core","Orichalcum","Frozen Egg 2","Blood Vial","Orrery","Vajra","Dream Catcher","Toxic Egg 2","Pear"],"potions_floor_usage":[24,24,24],"damage_taken":[{"damage":0,"enemies":"Small Slimes","floor":1,"turns":2},{"damage":6,"enemies":"2 Louse","floor":4,"turns":2},{"damage":0,"enemies":"Jaw Worm","floor":8,"turns":3},{"damage":13,"enemies":"3 Sentries","floor":11,"turns":6},{"damage":3,"enemies":"Large Slime","floor":13,"turns":4},{"damage":16,"enemies":"The Guardian","floor":16,"turns":10},{"damage":5,"enemies":"Chosen","floor":18,"turns":4},{"damage":4,"enemies":"3 Byrds","floor":22,"turns":4},{"damage":30,"enemies":"Slavers","floor":24,"turns":4},{"damage":10,"enemies":"Centurion and Healer","floor":30,"turns":6},{"damage":16,"enemies":"Snake Plant","floor":31,"turns":5},{"damage":67,"enemies":"Automaton","floor":33,"turns":8}],"seed_played":"5873181560371684048","potions_obtained":[{"floor":4,"key":"Regen Potion"},{"floor":11,"key":"EssenceOfSteel"},{"floor":13,"key":"Ancient Potion"},{"floor":18,"key":"Energy Potion"}],"is_trial":false,"path_per_floor":["M","$","?","M","$","R","?","M","T","R","E","R","M","?","R","B",null,"M","?","$","?","M","R","E","R","T","R","?","R","M","M","R","B"],"character_chosen":"DEFECT","items_purchased":["Conserve Battery","Doom and Gloom","Vajra","Coolheaded"],"campfire_rested":1,"item_purchase_floors":[2,2,20,20],"current_hp_per_floor":[75,75,75,69,69,69,66,66,66,66,53,53,52,52,52,38,75,70,70,70,70,68,68,52,52,52,52,62,62,54,40,65,0],"gold":42,"neow_bonus":"TRANSFORM_CARD","is_prod":false,"is_daily":false,"chose_seed":false,"campfire_upgraded":8,"win_rate":0,"timestamp":1557330393,"path_taken":["M","$","?","M","$","R","?","M","T","R","E","R","M","?","R","BOSS","M","?","$","?","?","R","E","R","T","R","?","R","?","M","R","BOSS"],"build_version":"2019-01-23","purchased_purges":0,"victory":false,"max_hp_per_floor":[75,75,75,75,75,75,75,75,75,75,75,75,75,75,75,75,75,75,75,75,75,75,75,75,75,75,75,85,85,85,85,85,85],"card_choices":[{"not_picked":["Go for the Eyes","Stack"],"picked":"Sweeping Beam","floor":1},{"not_picked":["Sweeping Beam","Steam"],"picked":"Glacier","floor":4},{"not_picked":["Sweeping Beam","Ball Lightning"],"picked":"Gash","floor":8},{"not_picked":["Hyperbeam","Hello World+1","Meteor Strike"],"picked":"SKIP","floor":11},{"not_picked":["Gash","Cold Snap"],"picked":"Conserve Battery","floor":13},{"not_picked":["Electrodynamics+1","Hyperbeam"],"picked":"Echo Form+1","floor":16},{"not_picked":["Stack","Rebound"],"picked":"Ball Lightning","floor":17},{"not_picked":["Rip and Tear","Leap"],"picked":"Static Discharge+1","floor":17},{"not_picked":["Turbo","Gash"],"picked":"Conserve Battery","floor":17},{"not_picked":["Scrape","Seek"],"picked":"Ball Lightning","floor":17},{"not_picked":["Go for the Eyes","Streamline"],"picked":"Beam Cell","floor":17},{"not_picked":["Scrape","Recycle+1"],"picked":"Redo","floor":18},{"not_picked":["Hologram","Sweeping Beam"],"picked":"Leap+1","floor":22},{"not_picked":["Streamline","Recycle+1"],"picked":"Heatsinks+1","floor":24},{"not_picked":["Chaos+1","Barrage"],"picked":"Gash","floor":30},{"not_picked":["Leap+1","Streamline"],"picked":"Barrage+1","floor":31},{"not_picked":["Creative AI+1","Steam Power+1"],"picked":"Hologram+1","floor":32}],"player_experience":153690,"relics_obtained":[{"floor":9,"key":"Frozen Egg 2"},{"floor":11,"key":"Blood Vial"},{"floor":24,"key":"Dream Catcher"},{"floor":26,"key":"Toxic Egg 2"}],"event_choices":[{"damage_healed":0,"gold_gain":0,"player_choice":"Grow","damage_taken":0,"max_hp_gain":0,"max_hp_loss":0,"event_name":"Living Wall","floor":3,"gold_loss":0,"cards_upgraded":["Zap"]},{"damage_healed":0,"gold_gain":0,"player_choice":"Success","damage_taken":3,"relics_obtained":["Orichalcum"],"max_hp_gain":0,"max_hp_loss":0,"event_name":"Scrap Ooze","floor":7,"gold_loss":0},{"damage_healed":0,"gold_gain":30,"player_choice":"Searched \u00271\u0027 times","damage_taken":0,"max_hp_gain":0,"max_hp_loss":0,"event_name":"Dead Adventurer","floor":14,"gold_loss":0},{"damage_healed":0,"gold_gain":0,"player_choice":"Read","damage_taken":0,"max_hp_gain":0,"max_hp_loss":0,"event_name":"The Library","floor":19,"gold_loss":0,"cards_obtained":["Gash"]},{"damage_healed":0,"gold_gain":0,"player_choice":"Simplicity","damage_taken":0,"max_hp_gain":0,"max_hp_loss":0,"event_name":"Back to Basics","floor":21,"gold_loss":0,"cards_upgraded":["Strike_B","Strike_B","Strike_B","Defend_B","Defend_B","Defend_B","Defend_B"]},{"damage_healed":0,"gold_gain":0,"player_choice":"Paid Gold","damage_taken":0,"relics_obtained":["Pear"],"max_hp_gain":0,"max_hp_loss":0,"event_name":"WeMeetAgain","floor":28,"gold_loss":70}],"is_beta":false,"boss_relics":[{"not_picked":["Coffee Dripper","White Beast Statue"],"picked":"Orrery"}],"items_purged_floors":[],"is_endless":false,"potions_floor_spawned":[4,11,13,18],"killed_by":"Automaton","ascension_level":3}