{"gold_per_floor":[112,126,126,137,27,27,53,86,121,133,105,147,159,187,199,314,326,358,370,392,180,6,6,39,39,39,39,74,85,97,22,22,119,119,134,146,2,16,16,48,64,84,132,132,159,159,159,259,259,259,259,259,64,99,99],"floor_reached":55,"playtime":3473,"items_purged":["Defend_G","Strike_G","Strike_G"],"score":995,"play_id":"7a4abe3a-ddf7-4a84-a6c1-2474fecc9c92","local_time":"20190426172234","is_ascension_mode":true,"campfire_choices":[{"data":"Neutralize","floor":6,"key":"SMITH"},{"floor":10,"key":"REST"},{"data":"Caltrops","floor":15,"key":"SMITH"},{"data":"Noxious Fumes","floor":23,"key":"SMITH"},{"data":"Malaise","floor":27,"key":"SMITH"},{"data":"Bouncing Flask","floor":32,"key":"SMITH"},{"floor":46,"key":"RECALL"},{"data":"Footwork","floor":49,"key":"SMITH"},{"floor":52,"key":"REST"}],"neow_cost":"PERCENT_DAMAGE","seed_source_timestamp":491040281610146,"circlet_count":0,"master_deck":["Defend_G","Defend_G","Defend_G+1","Defend_G","Strike_G","Strike_G","Survivor","Neutralize+1","Backstab","Dash","Caltrops+1","Well Laid Plans","Backstab","Bouncing Flask+1","Adrenaline+1","Cloak And Dagger","Malaise+1","Noxious Fumes+1","Backflip","Masterful Stab+1","Dagger Spray+1","Deflect+1","Footwork+1","Acrobatics+1","PiercingWail","Blur+1","Crippling Poison+1","Deadly Poison+1","Catalyst","Noxious Fumes+1","Catalyst","Finesse","Cloak And Dagger"],"relics":["Ring of the Snake","StoneCalendar","MawBank","Odd Mushroom","Lantern","War Paint","Black Star","Anchor","Prayer Wheel","Mercury Hourglass","Orichalcum","Blue Candle","Philosopher\u0027s Stone","Bronze Scales","Dodecahedron","Kunai","PreservedInsect","Boot","Turnip","Pocketwatch","Pen Nib"],"potions_floor_usage":[12,16,33,33,33,40,50,54,54,55,55],"damage_taken":[{"damage":10,"enemies":"Jaw Worm","floor":1,"turns":7},{"damage":0,"enemies":"Small Slimes","floor":2,"turns":3},{"damage":0,"enemies":"Cultist","floor":4,"turns":3},{"damage":10,"enemies":"3 Sentries","floor":7,"turns":7},{"damage":9,"enemies":"The Mushroom Lair","floor":8,"turns":4},{"damage":4,"enemies":"Lagavulin","floor":12,"turns":6},{"damage":0,"enemies":"Exordium Thugs","floor":14,"turns":3},{"damage":5,"enemies":"Hexaghost","floor":16,"turns":7},{"damage":0,"enemies":"3 Byrds","floor":18,"turns":4},{"damage":0,"enemies":"Shell Parasite","floor":20,"turns":6},{"damage":7,"enemies":"Gremlin Leader","floor":24,"turns":7},{"damage":0,"enemies":"Book of Stabbing","floor":28,"turns":5},{"damage":0,"enemies":"Chosen and Byrds","floor":29,"turns":3},{"damage":0,"enemies":"Snake Plant","floor":30,"turns":3},{"damage":39,"enemies":"Collector","floor":33,"turns":9},{"damage":0,"enemies":"3 Shapes","floor":35,"turns":4},{"damage":0,"enemies":"Orb Walker","floor":36,"turns":4},{"damage":0,"enemies":"3 Darklings","floor":38,"turns":4},{"damage":6,"enemies":"Reptomancer","floor":40,"turns":7},{"damage":4,"enemies":"Sphere and 2 Shapes","floor":41,"turns":5},{"damage":0,"enemies":"4 Shapes","floor":42,"turns":4},{"damage":0,"enemies":"Nemesis","floor":45,"turns":5},{"damage":0,"enemies":"Mind Bloom Boss Battle","floor":48,"turns":5},{"damage":27,"enemies":"Time Eater","floor":50,"turns":11},{"damage":37,"enemies":"Shield and Spear","floor":54,"turns":5},{"damage":36,"enemies":"The Heart","floor":55,"turns":9}],"seed_played":"3322665962714156947","potions_obtained":[{"floor":4,"key":"Strength Potion"},{"floor":7,"key":"GamblersBrew"},{"floor":11,"key":"LiquidBronze"},{"floor":11,"key":"SpeedPotion"},{"floor":16,"key":"SpeedPotion"},{"floor":18,"key":"Weak Potion"},{"floor":28,"key":"Dexterity Potion"},{"floor":35,"key":"EssenceOfSteel"},{"floor":38,"key":"Strength Potion"},{"floor":41,"key":"FearPotion"},{"floor":45,"key":"GamblersBrew"},{"floor":54,"key":"FearPotion"}],"is_trial":false,"path_per_floor":["M","M","?","M","$","R","E","?","T","R","?","E","$","M","R","B",null,"M","?","M","$","$","R","E","$","T","R","E","M","M","?","R","B",null,"M","M","$","M","$","E","M","M","T","?","E","R","?","?","R","B",null,"R","$","E","B"],"character_chosen":"THE_SILENT","items_purchased":["Well Laid Plans","Noxious Fumes","Backflip","Strength Potion","Bronze Scales","Finesse","Dexterity Potion","Swift Potion"],"campfire_rested":2,"item_purchase_floors":[5,21,21,22,37,53,53,53],"current_hp_per_floor":[39,39,39,39,39,39,29,20,20,41,41,37,37,37,37,32,61,61,61,61,61,61,61,54,54,54,54,54,54,54,54,54,15,56,56,56,56,56,56,50,46,46,46,46,46,46,46,46,46,19,57,70,70,33,0],"gold":99,"neow_bonus":"ONE_RARE_RELIC","is_prod":false,"is_daily":false,"chose_seed":false,"campfire_upgraded":6,"win_rate":0,"timestamp":1556295754,"path_taken":["M","M","?","M","$","R","E","?","T","R","?","E","$","M","R","BOSS","M","?","M","?","$","R","E","$","T","R","E","M","M","?","R","BOSS","M","M","?","M","$","E","M","M","T","?","E","R","?","?","R","BOSS","R","$","E","BOSS"],"build_version":"2019-04-23","purchased_purges":3,"victory":false,"max_hp_per_floor":[70,70,70,70,70,70,70,70,70,70,70,70,70,70,70,70,70,70,70,70,70,70,70,70,70,70,70,70,70,70,70,70,70,70,70,70,70,70,70,70,70,70,70,70,70,70,70,70,70,70,70,70,70,70,70],"card_choices":[{"not_picked":["Flying Knee","Distraction"],"picked":"Backstab","floor":1},{"not_picked":["Bane","PiercingWail"],"picked":"Dash","floor":2},{"not_picked":["Cloak And Dagger","Prepared"],"picked":"Caltrops","floor":4},{"not_picked":["Dagger Spray","Setup"],"picked":"Backstab","floor":7},{"not_picked":["Infinite Blades","Prepared"],"picked":"Bouncing Flask","floor":8},{"not_picked":["Underhanded Strike","Deadly Poison"],"picked":"Adrenaline","floor":12},{"not_picked":["Deflect","Flying Knee"],"picked":"Cloak And Dagger","floor":14},{"not_picked":["Bullet Time","Burst"],"picked":"Malaise","floor":16},{"not_picked":["Well Laid Plans","Masterful Stab","Deflect"],"picked":"SKIP","floor":18},{"not_picked":["Deadly Poison","Prepared","Finisher"],"picked":"SKIP","floor":20},{"not_picked":["Slice","Acrobatics"],"picked":"Masterful Stab+1","floor":24},{"not_picked":["Phantasmal Killer","Distraction","Predator"],"picked":"SKIP","floor":28},{"not_picked":["Blade Dance+1","Dodge and Roll"],"picked":"Dagger Spray+1","floor":29},{"not_picked":["Dodge and Roll","Slice+1"],"picked":"Deflect+1","floor":29},{"not_picked":["Outmaneuver+1","Predator","All Out Attack"],"picked":"SKIP","floor":30},{"not_picked":["Bouncing Flask+1","Acrobatics","Dagger Spray"],"picked":"SKIP","floor":30},{"not_picked":["Poisoned Stab","Setup"],"picked":"Footwork","floor":35},{"not_picked":["Dagger Throw+1","Dagger Spray","Sucker Punch+1"],"picked":"SKIP","floor":35},{"not_picked":["PiercingWail+1","Backflip"],"picked":"Acrobatics+1","floor":36},{"not_picked":["Endless Agony","Sucker Punch+1"],"picked":"PiercingWail","floor":36},{"not_picked":["Outmaneuver+1","Underhanded Strike"],"picked":"Blur+1","floor":38},{"not_picked":["Slice+1","Deadly Poison+1","Underhanded Strike"],"picked":"SKIP","floor":38},{"not_picked":["Envenom","Endless Agony"],"picked":"Crippling Poison+1","floor":40},{"not_picked":["Backstab+1","Outmaneuver+1"],"picked":"Deadly Poison+1","floor":41},{"not_picked":["Deflect+1","Dash","PiercingWail+1"],"picked":"SKIP","floor":41},{"not_picked":["All Out Attack+1","Quick Slash+1"],"picked":"Catalyst","floor":42},{"not_picked":["Phantasmal Killer","Underhanded Strike+1","Quick Slash+1"],"picked":"SKIP","floor":42},{"not_picked":["Leg Sweep+1","Endless Agony"],"picked":"Noxious Fumes+1","floor":45},{"not_picked":["Heel Hook+1","Dash+1"],"picked":"Catalyst","floor":48},{"not_picked":["Blade Dance+1","Outmaneuver"],"picked":"Cloak And Dagger","floor":54}],"player_experience":52530,"relics_obtained":[{"floor":7,"key":"MawBank"},{"floor":8,"key":"Odd Mushroom"},{"floor":9,"key":"Lantern"},{"floor":12,"key":"War Paint"},{"floor":24,"key":"Anchor"},{"floor":24,"key":"Prayer Wheel"},{"floor":26,"key":"Mercury Hourglass"},{"floor":28,"key":"Orichalcum"},{"floor":40,"key":"Dodecahedron"},{"floor":40,"key":"Kunai"},{"floor":45,"key":"PreservedInsect"},{"floor":45,"key":"Boot"},{"floor":48,"key":"Turnip"},{"floor":54,"key":"Pocketwatch"},{"floor":54,"key":"Pen Nib"}],"event_choices":[{"cards_removed":["Strike_G"],"damage_healed":0,"gold_gain":0,"player_choice":"Forget","damage_taken":0,"max_hp_gain":0,"max_hp_loss":0,"event_name":"Living Wall","floor":3,"gold_loss":0},{"damage_healed":0,"gold_gain":0,"player_choice":"Fought Mushrooms","damage_taken":0,"max_hp_gain":0,"max_hp_loss":0,"event_name":"Mushrooms","floor":8,"gold_loss":0},{"damage_healed":0,"gold_gain":0,"player_choice":"Bought 3 Potions","damage_taken":0,"max_hp_gain":0,"max_hp_loss":0,"event_name":"The Woman in Blue","floor":11,"gold_loss":0},{"damage_healed":0,"gold_gain":0,"player_choice":"Ignored","damage_taken":0,"max_hp_gain":0,"max_hp_loss":0,"event_name":"The Mausoleum","floor":19,"gold_loss":0},{"damage_healed":0,"gold_gain":0,"player_choice":"Paid Gold","damage_taken":0,"relics_obtained":["Blue Candle"],"max_hp_gain":0,"max_hp_loss":0,"event_name":"WeMeetAgain","floor":31,"gold_loss":75},{"damage_healed":0,"gold_gain":0,"player_choice":"Ignored","damage_taken":0,"max_hp_gain":0,"max_hp_loss":0,"event_name":"Mysterious Sphere","floor":44,"gold_loss":0},{"damage_healed":0,"gold_gain":0,"player_choice":"Memory 1","damage_taken":0,"max_hp_gain":0,"max_hp_loss":0,"event_name":"SensoryStone","floor":47,"gold_loss":0},{"damage_healed":0,"gold_gain":0,"player_choice":"Fight","damage_taken":0,"max_hp_gain":0,"max_hp_loss":0,"event_name":"MindBloom","floor":48,"gold_loss":0}],"is_beta":true,"boss_relics":[{"not_picked":["Snecko Eye","Busted Crown"],"picked":"Black Star"},{"not_picked":["WristBlade","White Beast Statue"],"picked":"Philosopher\u0027s Stone"}],"items_purged_floors":[5,21,22],"is_endless":false,"potions_floor_spawned":[4,7,16,18,28,29,35,38,41,45,54],"killed_by":"The Heart","ascension_level":5}