{"gold_per_floor":[109,109,109,109,109,109,128,153,176,176,176,191,191,202,202,299,299,312,325,325,124,124,124],"floor_reached":23,"playtime":805,"items_purged":[],"score":215,"play_id":"8574500a-b818-4816-8d03-0b015a694225","local_time":"20190510080703","is_ascension_mode":true,"campfire_choices":[{"data":"Inflame","floor":6.0,"key":"SMITH"},{"floor":11.0,"key":"REST"},{"floor":13.0,"key":"DIG"},{"data":"Armaments","floor":15.0,"key":"SMITH"}],"neow_cost":"NONE","seed_source_timestamp":0,"circlet_count":0,"master_deck":["Strike_R","Strike_R","Strike_R","Strike_R","Strike_R","Defend_R","Defend_R","Defend_R","Defend_R+1","Bash+1","Corruption+1","Inflame+1","Armaments+1","Seeing Red","Shrug It Off","Sword Boomerang","Fiend Fire","Flex","Shrug It Off"],"special_seed":0,"relics":["Burning Blood","CultistMask","Shovel","Regal Pillow","Paper Frog","Potion Belt","Cursed Key","Sling"],"potions_floor_usage":[23],"damage_taken":[{"damage":9.0,"enemies":"Jaw Worm","floor":1.0,"turns":5.0},{"damage":16.0,"enemies":"Small Slimes","floor":7.0,"turns":4.0},{"damage":42.0,"enemies":"3 Sentries","floor":8.0,"turns":9.0},{"damage":0.0,"enemies":"Cultist","floor":12.0,"turns":4.0},{"damage":13.0,"enemies":"Large Slime","floor":14.0,"turns":4.0},{"damage":28.0,"enemies":"Hexaghost","floor":16.0,"turns":7.0},{"damage":30.0,"enemies":"Spheric Guardian","floor":18.0,"turns":5.0},{"damage":14,"enemies":"Shell Parasite","floor":19,"turns":5},{"damage":56,"enemies":"Slavers","floor":23,"turns":6}],"seed_played":"1326380392860802339","potions_obtained":[{"floor":1.0,"key":"Fire Potion"},{"floor":7.0,"key":"Poison Potion"},{"floor":18.0,"key":"Explosive Potion"}],"is_trial":false,"path_per_floor":["M","?","$","?","?","R","M","E","T","?","R","M","R","M","R","B",null,"M","M","?","$","?","E"],"character_chosen":"IRONCLAD","items_purchased":["Sling"],"campfire_rested":1,"item_purchase_floors":[21],"current_hp_per_floor":[77,77,77,61,61,61,51,15,15,15,54,60,60,53,53,31,80,56,48,48,48,48,0],"gold":124,"neow_bonus":"THREE_CARDS","is_prod":false,"is_daily":false,"chose_seed":false,"campfire_upgraded":2,"win_rate":0,"timestamp":1557490023,"path_taken":["M","?","$","?","?","R","?","E","T","?","R","?","R","M","R","BOSS","M","M","?","?","?","E"],"build_version":"2019-01-23","purchased_purges":0,"victory":false,"max_hp_per_floor":[80,80,80,80,80,80,80,80,80,80,80,80,80,80,80,80,80,80,80,80,80,80,80],"card_choices":[{"not_picked":["Blood for Blood","Evolve"],"picked":"Corruption","floor":0.0},{"not_picked":["Twin Strike","Pummel"],"picked":"Inflame","floor":1.0},{"not_picked":["Wild Strike","Entrench"],"picked":"Armaments","floor":7.0},{"not_picked":["Clash","Armaments"],"picked":"Seeing Red","floor":8.0},{"not_picked":["Rage","Searing Blow"],"picked":"Shrug It Off","floor":12.0},{"not_picked":["Searing Blow","Havoc"],"picked":"Sword Boomerang","floor":14.0},{"not_picked":["Immolate","Reaper"],"picked":"Fiend Fire","floor":16.0},{"not_picked":["Ghostly Armor","Cleave"],"picked":"Flex","floor":18.0},{"not_picked":["Evolve+1","Clothesline","Power Through"],"picked":"SKIP","floor":19}],"player_experience":166623,"relics_obtained":[{"floor":8.0,"key":"Shovel"},{"floor":9.0,"key":"Regal Pillow"},{"floor":10.0,"key":"Paper Frog"},{"floor":13.0,"key":"Potion Belt"}],"event_choices":[{"damage_healed":0.0,"max_hp_gain":0.0,"max_hp_loss":0.0,"gold_gain":0.0,"event_name":"Living Wall","player_choice":"Grow","floor":2.0,"gold_loss":0.0,"damage_taken":0.0,"cards_upgraded":["Corruption"]},{"damage_healed":0.0,"max_hp_gain":0.0,"max_hp_loss":0.0,"gold_gain":0.0,"event_name":"Shining Light","player_choice":"Entered Light","floor":4.0,"gold_loss":0.0,"damage_taken":16.0,"cards_upgraded":["Defend_R","Bash"]},{"damage_healed":0.0,"max_hp_gain":0.0,"max_hp_loss":0.0,"gold_gain":0.0,"event_name":"FaceTrader","player_choice":"Trade","floor":5.0,"gold_loss":0.0,"damage_taken":0.0,"relics_obtained":["CultistMask"]},{"damage_healed":0.0,"max_hp_gain":0.0,"max_hp_loss":0.0,"gold_gain":0.0,"event_name":"Wheel of Change","player_choice":"Relic","floor":10.0,"gold_loss":0.0,"damage_taken":0.0},{"damage_healed":0,"gold_gain":0,"player_choice":"Copied","damage_taken":0,"max_hp_gain":0,"max_hp_loss":0,"event_name":"Duplicator","floor":20,"gold_loss":0,"cards_obtained":["Shrug It Off"]},{"damage_healed":0,"gold_gain":0,"player_choice":"Ignored","damage_taken":0,"max_hp_gain":0,"max_hp_loss":0,"event_name":"Beggar","floor":22,"gold_loss":0}],"is_beta":false,"boss_relics":[{"not_picked":["Fusion Hammer","Coffee Dripper"],"picked":"Cursed Key"}],"items_purged_floors":[],"is_endless":false,"potions_floor_spawned":[1,7,18],"killed_by":"Slavers","ascension_level":3}