{"gold_per_floor":[115,135,235,249,262,262,292,252,252,252,268,268,287,297,297,401,401,417,427,427,447,372,405,405,423,448,373,373,408,408,422,422,422],"floor_reached":33,"playtime":1679,"items_purged":["Recycle"],"score":328,"play_id":"7577c7fc-8766-4470-b5d6-425be33622a2","local_time":"20190427214015","is_ascension_mode":true,"campfire_choices":[{"data":"Genetic Algorithm","floor":6.0,"key":"SMITH"},{"data":"Echo Form","floor":10.0,"key":"SMITH"},{"floor":12.0,"key":"REST"},{"floor":15.0,"key":"REST"},{"floor":24.0,"key":"REST"},{"floor":32,"key":"REST"}],"neow_cost":"NONE","seed_source_timestamp":0,"circlet_count":0,"master_deck":["Zap+1","Dualcast","Genetic Algorithm+1","Ball Lightning","Streamline","Echo Form+1","Gash","Cold Snap","Go for the Eyes","Rainbow","FTL","BootSequence","Coolheaded","Recycle","Consume","Tempest","Cold Snap","Hologram","Zap+1","Conserve Battery","Hello World+1","Bite","Bite","Bite","Bite","Bite","Gash","Cold Snap+1"],"special_seed":0,"relics":["Cracked Core","Omamori","Pear","Pandora\u0027s Box","Bird Faced Urn","Vajra","Blood Vial"],"potions_floor_usage":[33],"damage_taken":[{"damage":1.0,"enemies":"Cultist","floor":1.0,"turns":3.0},{"damage":4.0,"enemies":"Jaw Worm","floor":2.0,"turns":4.0},{"damage":0.0,"enemies":"Small Slimes","floor":4.0,"turns":2.0},{"damage":6.0,"enemies":"Red Slaver","floor":5.0,"turns":3.0},{"damage":28.0,"enemies":"3 Sentries","floor":7.0,"turns":7.0},{"damage":26.0,"enemies":"Gremlin Gang","floor":11.0,"turns":4.0},{"damage":18.0,"enemies":"Large Slime","floor":13.0,"turns":4.0},{"damage":0.0,"enemies":"3 Louse","floor":14.0,"turns":3.0},{"damage":38.0,"enemies":"The Guardian","floor":16.0,"turns":11.0},{"damage":20.0,"enemies":"Chosen","floor":18.0,"turns":5.0},{"damage":6.0,"enemies":"3 Byrds","floor":19.0,"turns":5.0},{"damage":5.0,"enemies":"Cultist and Chosen","floor":21.0,"turns":6.0},{"damage":33.0,"enemies":"Book of Stabbing","floor":23.0,"turns":7.0},{"damage":16.0,"enemies":"Chosen and Byrds","floor":25.0,"turns":6.0},{"damage":10.0,"enemies":"Gremlin Leader","floor":29.0,"turns":7.0},{"damage":20.0,"enemies":"Shelled Parasite and Fungi","floor":31.0,"turns":6.0},{"damage":73,"enemies":"Collector","floor":33,"turns":9}],"seed_played":"-1476210033342133356","potions_obtained":[{"floor":1.0,"key":"SteroidPotion"},{"floor":5.0,"key":"EntropicBrew"},{"floor":7.0,"key":"SkillPotion"},{"floor":16.0,"key":"FairyPotion"},{"floor":29.0,"key":"PowerPotion"}],"is_trial":false,"path_per_floor":["M","M","?","M","M","R","E","?","T","R","M","R","M","M","R","B",null,"M","M","?","M","$","E","R","M","T","?","?","E","$","M","R","B"],"character_chosen":"DEFECT","items_purchased":[],"campfire_rested":4,"item_purchase_floors":[],"current_hp_per_floor":[74,70,70,70,64,64,36,36,46,46,20,45,27,27,52,14,85,65,59,59,54,54,21,46,32,32,32,32,34,34,22,39,0],"gold":422,"neow_bonus":"UPGRADE_CARD","is_prod":false,"is_daily":false,"chose_seed":false,"campfire_upgraded":2,"win_rate":0,"timestamp":1556415615,"path_taken":["M","?","?","?","M","R","E","?","T","R","M","R","M","?","R","BOSS","M","M","?","?","?","E","R","?","T","?","?","E","$","M","R","BOSS"],"build_version":"2019-01-23","purchased_purges":1,"victory":false,"max_hp_per_floor":[75,75,75,75,75,75,75,75,85,85,85,85,85,85,85,85,85,85,85,85,85,85,85,85,85,85,85,59,59,59,59,59,59],"card_choices":[{"not_picked":["Recycle","Steam"],"picked":"Genetic Algorithm","floor":1.0},{"not_picked":["Stack","Steam","Turbo"],"picked":"SKIP","floor":2.0},{"not_picked":["Sunder","Go for the Eyes"],"picked":"Ball Lightning","floor":4.0},{"not_picked":["Steam","Beam Cell"],"picked":"Streamline","floor":5.0},{"not_picked":["Reinforced Body","Conserve Battery"],"picked":"Echo Form","floor":7.0},{"not_picked":["Ball Lightning","Lockon"],"picked":"Gash","floor":11.0},{"not_picked":["Rebound","Barrage"],"picked":"Cold Snap","floor":13.0},{"not_picked":["Rebound","Double Energy"],"picked":"Go for the Eyes","floor":14.0},{"not_picked":["Multi-Cast","Amplify"],"picked":"Rainbow","floor":16.0},{"not_picked":["Loop","Barrage"],"picked":"Cold Snap","floor":18.0},{"not_picked":["Stack","BootSequence"],"picked":"Hologram","floor":19.0},{"not_picked":["Blizzard","Sunder"],"picked":"Conserve Battery","floor":21.0},{"not_picked":["Multi-Cast","Doom and Gloom+1"],"picked":"Hello World+1","floor":23.0},{"not_picked":["BootSequence","Reprogram","Go for the Eyes"],"picked":"SKIP","floor":25.0},{"not_picked":["Recycle","Ball Lightning"],"picked":"Gash","floor":29.0},{"not_picked":["Stack","Capacitor"],"picked":"Cold Snap+1","floor":31.0}],"player_experience":118970,"relics_obtained":[{"floor":7.0,"key":"Omamori"},{"floor":9.0,"key":"Pear"},{"floor":23.0,"key":"Bird Faced Urn"},{"floor":26.0,"key":"Vajra"},{"floor":29.0,"key":"Blood Vial"}],"event_choices":[{"damage_healed":0.0,"max_hp_gain":0.0,"max_hp_loss":0.0,"gold_gain":100.0,"event_name":"Golden Shrine","player_choice":"Pray","floor":3.0,"gold_loss":0.0,"damage_taken":0.0},{"damage_healed":0.0,"max_hp_gain":0.0,"max_hp_loss":0.0,"gold_gain":0.0,"event_name":"The Woman in Blue","player_choice":"Bought 3 Potions","floor":8.0,"gold_loss":0.0,"damage_taken":0.0},{"damage_healed":0.0,"max_hp_gain":0.0,"max_hp_loss":0.0,"gold_gain":0.0,"event_name":"Duplicator","player_choice":"Copied","floor":20.0,"gold_loss":0.0,"damage_taken":0.0,"cards_obtained":["Zap"]},{"cards_removed":["Recycle"],"damage_healed":0.0,"max_hp_gain":0.0,"max_hp_loss":0.0,"gold_gain":0.0,"event_name":"Beggar","player_choice":"Gave Gold","floor":27.0,"gold_loss":75.0,"damage_taken":0.0},{"damage_healed":0.0,"max_hp_gain":0.0,"max_hp_loss":26.0,"gold_gain":0.0,"event_name":"Vampires","player_choice":"Became a vampire","floor":28.0,"gold_loss":0.0,"damage_taken":0.0,"cards_obtained":["Bite","Bite","Bite","Bite","Bite"]}],"is_beta":false,"boss_relics":[{"not_picked":["Calling Bell","Astrolabe"],"picked":"Pandora\u0027s Box"}],"items_purged_floors":[22],"is_endless":false,"potions_floor_spawned":[1,5,7,16,21,25,29],"killed_by":"Collector","ascension_level":1}