{"gold_per_floor":[116,41,41,54,74,74,99,116,116,145,145,145,145,159,159,231,231,242,292,292,292,56,56,73,73,73,73,103,103,128,141,141,217,217,228,228,13,13,26,26,54,54,54,68,99,116,133,166,166,166,166,166,166,0,33,33],"floor_reached":56,"playtime":4448,"items_purged":["Strike_B"],"score":2022,"play_id":"1cb86abc-3e53-4eee-bb84-16940ae7a987","local_time":"20181117113341","is_ascension_mode":true,"campfire_choices":[{"data":"Defragment","floor":6,"key":"SMITH"},{"data":"Self Repair","floor":11,"key":"SMITH"},{"data":"Hologram","floor":13,"key":"SMITH"},{"data":"Coolheaded","floor":15,"key":"SMITH"},{"data":"Seek","floor":23,"key":"SMITH"},{"data":"Conserve Battery","floor":25,"key":"SMITH"},{"floor":27,"key":"REST"},{"data":"Capacitor","floor":32,"key":"SMITH"},{"data":"Machine Learning","floor":40,"key":"SMITH"},{"floor":42,"key":"RECALL"},{"data":"Static Discharge","floor":49,"key":"SMITH"},{"data":"Dualcast","floor":53,"key":"SMITH"}],"neow_cost":"NONE","seed_source_timestamp":226478553378474,"circlet_count":0,"master_deck":["AscendersBane","Strike_B","Defend_B","Defend_B","Defend_B","Defend_B","Zap+1","Dualcast+1","Ball Lightning","Self Repair+1","Defragment+1","Conserve Battery+1","Coolheaded+1","Hologram+1","Genetic Algorithm","Seek+1","Cold Snap","Capacitor+1","Sunder+1","Compile Driver+1","Barrage+1","Machine Learning+1","Coolheaded+1","Master of Strategy+1","Good Instincts+1","Defragment+1","Coolheaded+1","Leap+1","Leap+1","Static Discharge+1","Force Field+1"],"relics":["Cracked Core","Anchor","Orichalcum","Mercury Hourglass","Velvet Choker","Enchiridion","Potion Belt","Molten Egg 2","Lantern","Toxic Egg 2","Smiling Mask","Runic Pyramid","Medical Kit","Regal Pillow","Dodecahedron","Symbiotic Virus","Cables","Blood Vial"],"potions_floor_usage":[30,33,41,46,46,55,56,56,56],"damage_taken":[{"damage":8,"enemies":"Small Slimes","floor":1,"turns":3},{"damage":2,"enemies":"2 Louse","floor":4,"turns":3},{"damage":2,"enemies":"Jaw Worm","floor":5,"turns":3},{"damage":30,"enemies":"3 Sentries","floor":7,"turns":7},{"damage":1,"enemies":"Looter","floor":8,"turns":3},{"damage":10,"enemies":"Lagavulin","floor":10,"turns":7},{"damage":0,"enemies":"Exordium Wildlife","floor":14,"turns":3},{"damage":42,"enemies":"Hexaghost","floor":16,"turns":10},{"damage":12,"enemies":"2 Thieves","floor":18,"turns":4},{"damage":0,"enemies":"Spheric Guardian","floor":24,"turns":5},{"damage":26,"enemies":"Gremlin Leader","floor":28,"turns":6},{"damage":0,"enemies":"Slavers","floor":30,"turns":5},{"damage":0,"enemies":"Snake Plant","floor":31,"turns":4},{"damage":48,"enemies":"Collector","floor":33,"turns":10},{"damage":1,"enemies":"Orb Walker","floor":35,"turns":3},{"damage":0,"enemies":"3 Shapes","floor":39,"turns":4},{"damage":27,"enemies":"Reptomancer","floor":41,"turns":7},{"damage":0,"enemies":"3 Darklings","floor":44,"turns":2},{"damage":37,"enemies":"Giant Head","floor":45,"turns":12},{"damage":28,"enemies":"Jaw Worm Horde","floor":46,"turns":6},{"damage":1,"enemies":"4 Shapes","floor":47,"turns":4},{"damage":7,"enemies":"Reptomancer","floor":48,"turns":10},{"damage":10,"enemies":"Donu and Deca","floor":50,"turns":17},{"damage":8,"enemies":"Awakened One","floor":51,"turns":23},{"damage":40,"enemies":"Shield and Spear","floor":55,"turns":7},{"damage":37,"enemies":"The Heart","floor":56,"turns":5}],"seed_played":"352982276102699870","potions_obtained":[{"floor":7,"key":"Poison Potion"},{"floor":8,"key":"Explosive Potion"},{"floor":14,"key":"Weak Potion"},{"floor":24,"key":"FearPotion"},{"floor":28,"key":"LiquidBronze"},{"floor":30,"key":"Fire Potion"},{"floor":33,"key":"Poison Potion"},{"floor":41,"key":"AttackPotion"},{"floor":44,"key":"Regen Potion"}],"is_trial":false,"path_per_floor":["M","?","?","M","M","R","E","M","T","E","R","?","R","M","R","B",null,"M","?","?","?","$","R","M","R","T","R","E","T","E","M","R","B",null,"M","?","$","?","M","R","E","R","T","M","E","M","M","E","R","B","B",null,"R","$","E","B"],"character_chosen":"DEFECT","items_purchased":["Potion Belt","Medical Kit","EssenceOfSteel","GamblersBrew"],"campfire_rested":1,"item_purchase_floors":[22,37,54,54],"current_hp_per_floor":[56,56,56,61,66,66,36,42,42,39,39,39,39,49,49,17,58,56,56,56,35,35,35,45,45,45,66,50,50,60,70,70,32,61,70,60,60,60,70,70,53,53,53,53,26,23,42,45,45,45,47,65,65,65,35,0],"gold":33,"neow_bonus":"UPGRADE_CARD","is_prod":false,"is_daily":false,"chose_seed":false,"campfire_upgraded":10,"win_rate":0,"timestamp":1542472421,"path_taken":["M","?","?","M","M","R","E","M","T","E","R","?","R","M","R","BOSS","M","?","?","?","$","R","M","R","T","R","E","?","E","M","R","BOSS","M","?","$","?","M","R","E","R","T","?","E","M","M","E","R","BOSS","BOSS","R","$","E","BOSS"],"build_version":"2018-11-15","purchased_purges":1,"victory":false,"max_hp_per_floor":[71,71,71,71,71,71,71,71,71,71,71,71,71,71,71,71,71,71,71,71,71,71,71,71,71,71,71,71,71,71,71,71,71,71,71,71,71,71,71,71,71,71,71,71,71,71,71,71,71,71,71,71,71,71,71,71],"card_choices":[{"not_picked":["Barrage","Self Repair"],"picked":"Ball Lightning","floor":1},{"not_picked":["Blizzard","Gash","Double Energy"],"picked":"SKIP","floor":4},{"not_picked":["Sweeping Beam","Cold Snap"],"picked":"Defragment","floor":5},{"not_picked":["Streamline","Barrage"],"picked":"Conserve Battery","floor":7},{"not_picked":["Steam","Force Field"],"picked":"Coolheaded","floor":8},{"not_picked":["Stack","Beam Cell"],"picked":"Hologram","floor":10},{"not_picked":["Steam Power","Recycle"],"picked":"Genetic Algorithm","floor":14},{"not_picked":["Meteor Strike","Thunder Strike"],"picked":"Seek","floor":16},{"not_picked":["Tempest+1","Ball Lightning"],"picked":"Cold Snap","floor":18},{"not_picked":["Fusion","Melter","Rebound"],"picked":"SKIP","floor":24},{"not_picked":["Skim","Beam Cell+1"],"picked":"Sunder+1","floor":28},{"not_picked":["Rebound+1","Turbo+1"],"picked":"Compile Driver+1","floor":30},{"not_picked":["Cold Snap+1","Redo+1"],"picked":"Barrage+1","floor":31},{"not_picked":["Amplify+1","Multi-Cast+1"],"picked":"Machine Learning","floor":33},{"not_picked":["Streamline+1","Sweeping Beam+1"],"picked":"Coolheaded+1","floor":35},{"not_picked":["Transmutation+1","Enlightenment+1"],"picked":"Master of Strategy+1","floor":36},{"not_picked":["Metamorphosis+1","Jack Of All Trades+1"],"picked":"Good Instincts+1","floor":36},{"not_picked":["Barrage+1","Turbo+1","Rebound+1"],"picked":"SKIP","floor":39},{"not_picked":["Reprogram+1","Self Repair+1"],"picked":"Defragment+1","floor":41},{"not_picked":["Double Energy+1","Recycle+1"],"picked":"Coolheaded+1","floor":44},{"not_picked":["Rip and Tear+1","Coolheaded+1"],"picked":"Leap+1","floor":45},{"not_picked":["Rainbow+1","Chaos+1"],"picked":"Leap+1","floor":46},{"not_picked":["Barrage+1","Doom and Gloom+1","Leap+1"],"picked":"SKIP","floor":47},{"not_picked":["Storm","Gash+1"],"picked":"Static Discharge","floor":48},{"not_picked":["Coolheaded+1","Redo+1"],"picked":"Force Field+1","floor":55}],"player_experience":983560,"relics_obtained":[{"floor":7,"key":"Anchor"},{"floor":9,"key":"Orichalcum"},{"floor":10,"key":"Mercury Hourglass"},{"floor":21,"key":"Enchiridion"},{"floor":26,"key":"Molten Egg 2"},{"floor":28,"key":"Lantern"},{"floor":29,"key":"Toxic Egg 2"},{"floor":30,"key":"Smiling Mask"},{"floor":41,"key":"Dodecahedron"},{"floor":45,"key":"Symbiotic Virus"},{"floor":48,"key":"Cables"},{"floor":55,"key":"Blood Vial"}],"event_choices":[{"cards_removed":["Strike_B"],"damage_healed":0,"gold_gain":0,"player_choice":"Card Removal","damage_taken":0,"max_hp_gain":0,"max_hp_loss":0,"event_name":"The Cleric","floor":2,"gold_loss":75},{"damage_healed":0,"gold_gain":0,"cards_transformed":["Strike_B"],"player_choice":"Change","damage_taken":0,"max_hp_gain":0,"max_hp_loss":0,"event_name":"Living Wall","floor":3,"gold_loss":0,"cards_obtained":["Self Repair"]},{"damage_healed":0,"gold_gain":0,"player_choice":"Ignored","damage_taken":0,"max_hp_gain":0,"max_hp_loss":0,"event_name":"Liars Game","floor":12,"gold_loss":0},{"damage_healed":0,"gold_gain":50,"player_choice":"Stole From Cult","damage_taken":0,"max_hp_gain":0,"max_hp_loss":0,"event_name":"Nest","floor":19,"gold_loss":0},{"damage_healed":0,"gold_gain":0,"player_choice":"Read","damage_taken":0,"max_hp_gain":0,"max_hp_loss":0,"event_name":"The Library","floor":20,"gold_loss":0,"cards_obtained":["Capacitor"]},{"damage_healed":0,"gold_gain":0,"player_choice":"Obtained Book","damage_taken":21,"max_hp_gain":0,"max_hp_loss":0,"event_name":"Cursed Tome","floor":21,"gold_loss":0},{"damage_healed":0,"gold_gain":0,"player_choice":"Memory 3","damage_taken":10,"max_hp_gain":0,"max_hp_loss":0,"event_name":"SensoryStone","floor":36,"gold_loss":0},{"damage_healed":0,"gold_gain":0,"player_choice":"Gave Potion","damage_taken":0,"relics_obtained":["Regal Pillow"],"max_hp_gain":0,"max_hp_loss":0,"event_name":"WeMeetAgain","floor":38,"gold_loss":0}],"is_beta":true,"boss_relics":[{"not_picked":["Calling Bell","Coffee Dripper"],"picked":"Velvet Choker"},{"not_picked":["Astrolabe","White Beast Statue"],"picked":"Runic Pyramid"}],"items_purged_floors":[22],"is_endless":false,"potions_floor_spawned":[7,8,14,16,24,28,30,33,41,44,45],"killed_by":"The Heart","ascension_level":20}