{"gold_per_floor":[116,134,149,99,117,150,150,175,200,43,43,54,9,41,41,140,140,153,72,72,72,72,98,22,22,49,77,87,87,99,131,131,231,231,250,175,193,243,243,270,282,326,384,410,438,450,462,574,586,598,610,622,3,31,31],"floor_reached":56,"playtime":3004,"items_purged":["Strike_R","Strike_R"],"score":1537,"play_id":"4217c220-84ed-481f-a4f5-6cd6402a5d60","local_time":"20190307195537","is_ascension_mode":true,"campfire_choices":[{"data":"Immolate","floor":7,"key":"SMITH"},{"data":"Shockwave","floor":11,"key":"SMITH"},{"data":"Carnage","floor":15,"key":"SMITH"},{"data":"Shame","floor":25,"key":"PURGE"},{"data":"Armaments","floor":29,"key":"SMITH"},{"data":"Immolate","floor":32,"key":"SMITH"},{"floor":41,"key":"RECALL"},{"data":"Barricade","floor":49,"key":"SMITH"},{"data":"Offering","floor":52,"key":"SMITH"}],"neow_cost":"TEN_PERCENT_HP_LOSS","seed_source_timestamp":18482263761358,"circlet_count":0,"master_deck":["Strike_R","Strike_R","Defend_R","Defend_R","Defend_R","Defend_R","Bash","Immolate+1","Shrug It Off","Iron Wave","Anger","Carnage+1","Shockwave+1","Thunderclap","Warcry","Impervious","Feel No Pain+1","Battle Trance","Anger","Havoc","Headbutt+1","Immolate+1","True Grit+1","Armaments+1","Dropkick+1","Barricade+1","Shrug It Off+1","Battle Trance+1","Body Slam+1","Offering+1","Second Wind","True Grit+1","Offering","Uppercut","Disarm","Body Slam"],"relics":["Burning Blood","Champion Belt","Happy Flower","Lantern","Bag of Preparation","Ancient Tea Set","Runic Dome","Peace Pipe","FossilizedHelix","Blood Vial","Potion Belt","Strawberry","Coffee Dripper","Incense Burner","MawBank","Oddly Smooth Stone","Mango","Vajra","Centennial Puzzle","Pen Nib"],"potions_floor_usage":[8,33,40,55,55,55,55],"damage_taken":[{"damage":6,"enemies":"Cultist","floor":1,"turns":3},{"damage":0,"enemies":"2 Louse","floor":2,"turns":1},{"damage":5,"enemies":"Small Slimes","floor":3,"turns":3},{"damage":0,"enemies":"Looter","floor":5,"turns":3},{"damage":9,"enemies":"3 Sentries","floor":6,"turns":4},{"damage":9,"enemies":"Gremlin Nob","floor":8,"turns":3},{"damage":0,"enemies":"Blue Slaver","floor":12,"turns":1},{"damage":8,"enemies":"Lagavulin","floor":14,"turns":4},{"damage":37,"enemies":"The Guardian","floor":16,"turns":9},{"damage":1,"enemies":"Chosen","floor":18,"turns":3},{"damage":0,"enemies":"Slavers","floor":23,"turns":1},{"damage":0,"enemies":"Gremlin Leader","floor":27,"turns":4},{"damage":0,"enemies":"Spheric Guardian","floor":28,"turns":1},{"damage":0,"enemies":"3 Cultists","floor":30,"turns":3},{"damage":0,"enemies":"Slavers","floor":31,"turns":5},{"damage":34,"enemies":"Automaton","floor":33,"turns":8},{"damage":0,"enemies":"3 Shapes","floor":35,"turns":2},{"damage":0,"enemies":"3 Darklings","floor":37,"turns":1},{"damage":0,"enemies":"2 Orb Walkers","floor":38,"turns":3},{"damage":6,"enemies":"Nemesis","floor":40,"turns":9},{"damage":0,"enemies":"Reptomancer","floor":42,"turns":4},{"damage":0,"enemies":"Jaw Worm Horde","floor":44,"turns":1},{"damage":0,"enemies":"Transient","floor":45,"turns":5},{"damage":0,"enemies":"Mind Bloom Boss Battle","floor":48,"turns":5},{"damage":14,"enemies":"Time Eater","floor":50,"turns":15},{"damage":6,"enemies":"Shield and Spear","floor":54,"turns":4},{"damage":6,"enemies":"The Heart","floor":55,"turns":6}],"seed_played":"-2636106554022935333","potions_obtained":[{"floor":2,"key":"FearPotion"},{"floor":3,"key":"LiquidBronze"},{"floor":18,"key":"SpeedPotion"},{"floor":23,"key":"SkillPotion"},{"floor":31,"key":"Poison Potion"},{"floor":38,"key":"SpeedPotion"},{"floor":44,"key":"GamblersBrew"},{"floor":54,"key":"PowerPotion"}],"is_trial":false,"path_per_floor":["M","M","M","?","M","E","R","E","T","$","R","M","$","E","R","B",null,"M","$","?","?","?","E","$","R","T","E","M","R","M","E","R","B",null,"M","$","M","?","?","E","R","E","T","M","M","?","?","?","R","B",null,"R","$","E","B",null],"character_chosen":"IRONCLAD","items_purchased":["Bag of Preparation","Headbutt","Battle Trance","Anger","Immolate","Vajra","Centennial Puzzle","Uppercut","Disarm","Regen Potion"],"campfire_rested":0,"item_purchase_floors":[10,13,19,19,24,53,53,53,53,53],"current_hp_per_floor":[72,72,72,72,72,69,69,66,66,66,66,72,72,70,70,39,72,72,72,72,59,59,65,65,65,65,73,77,77,77,84,84,56,84,84,84,84,84,80,80,80,80,80,80,80,80,80,94,94,86,94,94,94,94,94],"gold":31,"neow_bonus":"THREE_RARE_CARDS","is_prod":false,"is_daily":false,"chose_seed":false,"campfire_upgraded":7,"win_rate":0,"timestamp":1552006537,"path_taken":["M","M","M","?","M","E","R","E","T","$","R","M","$","E","R","BOSS","M","$","?","?","?","E","?","R","T","E","?","R","M","E","R","BOSS","M","$","M","?","?","E","R","E","T","M","M","?","?","?","R","BOSS","R","$","E","BOSS"],"build_version":"2019-02-06","purchased_purges":2,"victory":true,"max_hp_per_floor":[72,72,72,72,72,72,72,72,72,72,72,72,72,72,72,72,72,72,72,72,77,77,77,77,77,77,77,77,77,77,84,84,84,84,84,84,84,84,80,80,80,80,80,80,80,80,80,94,94,94,94,94,94,94,94],"card_choices":[{"not_picked":["Impervious","Brutality"],"picked":"Immolate","floor":0},{"not_picked":["Havoc","Infernal Blade"],"picked":"Shrug It Off","floor":1},{"not_picked":["Hemokinesis","Blood for Blood"],"picked":"Iron Wave","floor":2},{"not_picked":["Twin Strike","Warcry"],"picked":"Anger","floor":3},{"not_picked":["Blood for Blood","Heavy Blade","Second Wind"],"picked":"SKIP","floor":5},{"not_picked":["Intimidate","Seeing Red"],"picked":"Carnage","floor":6},{"not_picked":["Blood for Blood","Perfected Strike"],"picked":"Shockwave","floor":8},{"not_picked":["Clash","True Grit"],"picked":"Thunderclap","floor":12},{"not_picked":["Rupture","Cleave"],"picked":"Warcry","floor":14},{"not_picked":["Limit Break","Dark Embrace"],"picked":"Impervious","floor":16},{"not_picked":["Warcry","Heavy Blade+1"],"picked":"Feel No Pain+1","floor":18},{"not_picked":["Perfected Strike","Evolve"],"picked":"Headbutt+1","floor":23},{"not_picked":["Rage","Anger"],"picked":"True Grit+1","floor":27},{"not_picked":["Heavy Blade","Body Slam"],"picked":"Armaments","floor":28},{"not_picked":["Iron Wave","Armaments","Infernal Blade"],"picked":"SKIP","floor":30},{"not_picked":["Burning Pact","Brutality"],"picked":"Dropkick+1","floor":31},{"not_picked":["Immolate","Limit Break"],"picked":"Barricade","floor":33},{"not_picked":["Headbutt","True Grit"],"picked":"Shrug It Off+1","floor":35},{"not_picked":["Headbutt","Seeing Red","Clash"],"picked":"SKIP","floor":37},{"not_picked":["Seeing Red+1","Anger+1"],"picked":"Battle Trance+1","floor":38},{"not_picked":["Twin Strike","Heavy Blade"],"picked":"Body Slam+1","floor":40},{"not_picked":["Anger","True Grit+1"],"picked":"Offering","floor":42},{"not_picked":["Perfected Strike","True Grit"],"picked":"Second Wind","floor":44},{"not_picked":["Heavy Blade+1","Blood for Blood+1"],"picked":"True Grit+1","floor":45},{"not_picked":["Clothesline+1","Perfected Strike"],"picked":"Offering","floor":48},{"not_picked":["Whirlwind","Uppercut"],"picked":"Body Slam","floor":54}],"player_experience":4847953,"relics_obtained":[{"floor":6,"key":"Champion Belt"},{"floor":8,"key":"Happy Flower"},{"floor":9,"key":"Lantern"},{"floor":14,"key":"Ancient Tea Set"},{"floor":23,"key":"FossilizedHelix"},{"floor":26,"key":"Blood Vial"},{"floor":27,"key":"Potion Belt"},{"floor":31,"key":"Strawberry"},{"floor":38,"key":"Incense Burner"},{"floor":40,"key":"MawBank"},{"floor":42,"key":"Oddly Smooth Stone"},{"floor":48,"key":"Mango"},{"floor":54,"key":"Pen Nib"}],"event_choices":[{"cards_removed":["Strike_R"],"damage_healed":0,"gold_gain":0,"player_choice":"Card Removal","damage_taken":0,"max_hp_gain":0,"max_hp_loss":0,"event_name":"The Cleric","floor":4,"gold_loss":50},{"damage_healed":0,"gold_gain":0,"player_choice":"Read","damage_taken":0,"max_hp_gain":0,"max_hp_loss":0,"event_name":"The Library","floor":20,"gold_loss":0,"cards_obtained":["Havoc"]},{"damage_healed":0,"gold_gain":0,"player_choice":"Shed Blood","damage_taken":18,"max_hp_gain":5,"max_hp_loss":0,"event_name":"Forgotten Altar","floor":21,"gold_loss":0},{"damage_healed":0,"gold_gain":0,"player_choice":"Stole Relic","damage_taken":0,"relics_obtained":["Peace Pipe"],"max_hp_gain":0,"max_hp_loss":0,"event_name":"Addict","floor":22,"gold_loss":0,"cards_obtained":["Shame"]},{"damage_healed":0,"gold_gain":0,"player_choice":"Fight","damage_taken":0,"max_hp_gain":0,"max_hp_loss":0,"event_name":"Mysterious Sphere","floor":38,"gold_loss":0},{"damage_healed":0,"gold_gain":0,"player_choice":"Max HP","damage_taken":0,"max_hp_gain":0,"max_hp_loss":4,"event_name":"Winding Halls","floor":39,"gold_loss":0},{"cards_removed":["Headbutt"],"damage_healed":0,"gold_gain":0,"player_choice":"Removed Attack","damage_taken":0,"max_hp_gain":0,"max_hp_loss":0,"event_name":"Falling","floor":46,"gold_loss":0},{"damage_healed":0,"gold_gain":0,"player_choice":"Ignored","damage_taken":0,"max_hp_gain":0,"max_hp_loss":0,"event_name":"Tomb of Lord Red Mask","floor":47,"gold_loss":0},{"damage_healed":0,"gold_gain":0,"player_choice":"Fight","damage_taken":0,"max_hp_gain":0,"max_hp_loss":0,"event_name":"MindBloom","floor":48,"gold_loss":0}],"is_beta":true,"boss_relics":[{"not_picked":["Black Star","Velvet Choker"],"picked":"Runic Dome"},{"not_picked":["Pandora\u0027s Box","Runic Pyramid"],"picked":"Coffee Dripper"}],"items_purged_floors":[36,53],"is_endless":false,"potions_floor_spawned":[2,3,18,23,31,38,44,54],"ascension_level":1}