{"gold_per_floor":[20,32,46,56,56,56,56,56,56,70,99,99,118,151,151,248,248,259,98,98,21,21,86,86,26,26,26],"floor_reached":27,"playtime":966,"items_purged":[],"score":336,"play_id":"0f4977cb-6a58-4f34-875b-9828f42439c3","local_time":"20180725184940","is_ascension_mode":true,"campfire_choices":[{"data":"Seeing Red","floor":6,"key":"SMITH"},{"floor":8,"key":"DIG"},{"floor":15,"key":"REST"}],"neow_cost":"NO_GOLD","seed_source_timestamp":15109874598564,"circlet_count":0,"master_deck":["Strike_R","Strike_R","Strike_R","Strike_R","Strike_R","Defend_R","Defend_R","Defend_R","Defend_R+1","Bash","Feed","Spot Weakness+1","Ghostly Armor","Seeing Red+1","Iron Wave","Shockwave","Inflame","Anger","Flex","Offering","Whirlwind","Armaments","Spot Weakness","J.A.X.","Perfected Strike","Metallicize"],"relics":["Burning Blood","Shovel","The Courier","Letter Opener","Potion Belt","Pen Nib","Busted Crown","Bronze Scales","Tiny Chest","War Paint","Juzu Bracelet"],"potions_floor_usage":[2,11,14,16,23,27],"damage_taken":[{"damage":8,"enemies":"Jaw Worm","floor":1,"turns":4},{"damage":8,"enemies":"Small Slimes","floor":2,"turns":3},{"damage":0,"enemies":"2 Louse","floor":3,"turns":2},{"damage":7,"enemies":"2 Fungi Beasts","floor":4,"turns":4},{"damage":2,"enemies":"Large Slime","floor":10,"turns":5},{"damage":38,"enemies":"Lagavulin","floor":11,"turns":9},{"damage":12,"enemies":"Looter","floor":13,"turns":3},{"damage":18,"enemies":"Gremlin Nob","floor":14,"turns":4},{"damage":26,"enemies":"Hexaghost","floor":16,"turns":9},{"damage":28,"enemies":"2 Thieves","floor":18,"turns":4},{"damage":47,"enemies":"Slavers","floor":23,"turns":3},{"damage":24,"enemies":"Gremlin Leader","floor":27,"turns":3}],"seed_played":"6976554198783483546","potions_obtained":[{"floor":1,"key":"LiquidBronze"},{"floor":2,"key":"SkillPotion"},{"floor":13,"key":"Poison Potion"},{"floor":14,"key":"Dexterity Potion"},{"floor":18,"key":"Poison Potion"},{"floor":23,"key":"Weak Potion"}],"is_trial":false,"path_per_floor":["M","M","M","M","?","R","?","R","T","M","E","?","M","E","R","B",null,"M","$","?","?","$","E","?","$","T"],"character_chosen":"IRONCLAD","items_purchased":["Bronze Scales","Armaments","Metallicize"],"campfire_rested":1,"item_purchase_floors":[19,19,25],"current_hp_per_floor":[73,74,83,85,85,85,85,85,85,92,60,53,47,35,63,43,82,60,60,60,60,60,22,22,22,22,0],"gold":26,"neow_bonus":"THREE_RARE_CARDS","is_prod":false,"is_daily":false,"chose_seed":false,"campfire_upgraded":1,"win_rate":0,"timestamp":1532555380,"path_taken":["M","M","M","M","?","R","?","R","T","M","E","?","M","E","R","BOSS","M","$","?","?","$","E","?","$","T","E"],"build_version":"2018-07-19v2","purchased_purges":0,"victory":false,"max_hp_per_floor":[83,86,89,92,92,92,92,92,92,95,95,95,95,95,95,95,95,95,95,95,95,95,98,98,98,98,98],"card_choices":[{"not_picked":["Exhume","Brutality"],"picked":"Feed","floor":0},{"not_picked":["Clothesline","Pommel Strike"],"picked":"Spot Weakness","floor":1},{"not_picked":["Feel No Pain","Havoc"],"picked":"Ghostly Armor","floor":2},{"not_picked":["Thunderclap","Shrug It Off"],"picked":"Seeing Red","floor":3},{"not_picked":["Clothesline","Hemokinesis"],"picked":"Iron Wave","floor":4},{"not_picked":["Disarm","Iron Wave"],"picked":"Shockwave","floor":10},{"not_picked":["Uppercut","Corruption"],"picked":"Inflame","floor":11},{"not_picked":["Wild Strike","Warcry"],"picked":"Anger","floor":13},{"not_picked":["Immolate","Clothesline"],"picked":"Flex","floor":14},{"not_picked":["Impervious","Fiend Fire"],"picked":"Offering","floor":16},{"not_picked":[],"picked":"Whirlwind","floor":18},{"not_picked":[],"picked":"Perfected Strike","floor":23}],"player_experience":488727,"relics_obtained":[{"floor":8,"key":"The Courier"},{"floor":9,"key":"Letter Opener"},{"floor":11,"key":"Potion Belt"},{"floor":14,"key":"Pen Nib"},{"floor":23,"key":"Tiny Chest"},{"floor":26,"key":"Juzu Bracelet"}],"event_choices":[{"event_name":"The Cleric","player_choice":"Leave","floor":5,"damage_taken":0},{"event_name":"Big Fish","player_choice":"Box","floor":7,"damage_taken":0},{"event_name":"Golden Wing","player_choice":"Card Removal","floor":12,"damage_taken":0},{"event_name":"The Library","player_choice":"Read","floor":20,"damage_taken":0},{"event_name":"Drug Dealer","player_choice":"Got JAXXED","floor":21,"damage_taken":0},{"event_name":"The Mausoleum","player_choice":"Yes","floor":24,"damage_taken":0}],"is_beta":false,"boss_relics":[{"not_picked":["Empty Cage","Sozu"],"picked":"Busted Crown"}],"items_purged_floors":[],"is_endless":false,"potions_floor_spawned":[1,2,13,14,18,23],"killed_by":"Gremlin Leader","ascension_level":6}