{"gold_per_floor":[111,186,240,240,240,275,48,68,148,183,198,237,237,252,252,347,410,429,134,134,95,114,114,114],"floor_reached":24,"playtime":834,"items_purged":["Strike_R"],"score":450,"play_id":"85b1f94e-1244-40ab-ba3e-9654f1183bf7","local_time":"20190502011717","is_ascension_mode":true,"campfire_choices":[{"floor":13,"key":"REST"},{"data":"Inflame","floor":15,"key":"SMITH"},{"data":"Armaments","floor":23,"key":"SMITH"}],"neow_cost":"NONE","seed_source_timestamp":1769020957925350,"circlet_count":0,"master_deck":["AscendersBane","Strike_R","Strike_R","Strike_R","Defend_R+1","Defend_R","Defend_R","Defend_R","Bash","Inflame+1","Shockwave","Armaments+1","Iron Wave","Flex","Disarm","Battle Trance","Immolate","Whirlwind","Flex","Metallicize"],"relics":["Burning Blood","NeowsBlessing","Omamori","Golden Idol","WarpedTongs","Nunchaku","OrangePellets","Tiny Chest","Dodecahedron","Orichalcum","Tiny House","Membership Card"],"potions_floor_usage":[14,14,22],"damage_taken":[{"damage":0,"enemies":"Jaw Worm","floor":1,"turns":1},{"damage":0,"enemies":"Gremlin Nob","floor":6,"turns":1},{"damage":0,"enemies":"Small Slimes","floor":8,"turns":1},{"damage":41,"enemies":"3 Sentries","floor":10,"turns":10},{"damage":0,"enemies":"Cultist","floor":11,"turns":3},{"damage":27,"enemies":"Gremlin Nob","floor":12,"turns":4},{"damage":10,"enemies":"Exordium Thugs","floor":14,"turns":4},{"damage":26,"enemies":"Hexaghost","floor":16,"turns":11},{"damage":20,"enemies":"Shell Parasite","floor":18,"turns":5},{"damage":13,"enemies":"Chosen","floor":22,"turns":4},{"damage":48,"enemies":"Slavers","floor":24,"turns":2}],"seed_played":"6360710317195393242","potions_obtained":[{"floor":8,"key":"Swift Potion"},{"floor":10,"key":"BloodPotion"},{"floor":12,"key":"Fire Potion"},{"floor":16,"key":"AttackPotion"},{"floor":17,"key":"Swift Potion"},{"floor":22,"key":"LiquidBronze"}],"is_trial":false,"path_per_floor":["M","?","T","?","?","E","$","M","T","E","M","E","R","M","R","B",null,"M","$","?","$","M","R","E"],"character_chosen":"IRONCLAD","items_purchased":["OrangePellets","Membership Card","Flex","Metallicize"],"campfire_rested":1,"item_purchase_floors":[7,19,19,21],"current_hp_per_floor":[74,63,63,63,63,69,69,75,75,40,46,25,47,50,50,30,69,55,55,55,55,48,48,0],"gold":114,"neow_bonus":"THREE_ENEMY_KILL","is_prod":false,"is_daily":false,"chose_seed":false,"campfire_upgraded":2,"win_rate":0,"timestamp":1556770637,"path_taken":["M","?","?","?","?","E","$","M","T","E","M","E","R","M","R","BOSS","M","$","?","?","?","R","E"],"build_version":"2019-01-23","purchased_purges":1,"victory":false,"max_hp_per_floor":[75,75,75,75,75,75,75,75,75,75,75,75,75,75,75,75,80,80,80,80,80,80,80,80],"card_choices":[{"not_picked":["Sword Boomerang","Hemokinesis"],"picked":"Inflame","floor":1},{"not_picked":["Flex","Sword Boomerang"],"picked":"Shockwave","floor":6},{"not_picked":["Intimidate","Evolve"],"picked":"Armaments","floor":8},{"not_picked":["Clothesline","Pommel Strike"],"picked":"Iron Wave","floor":10},{"not_picked":["Heavy Blade","Sword Boomerang"],"picked":"Flex","floor":11},{"not_picked":["Clothesline","Entrench"],"picked":"Disarm","floor":12},{"not_picked":["Flame Barrier","Sentinel"],"picked":"Battle Trance","floor":14},{"not_picked":["Double Tap","Juggernaut"],"picked":"Immolate","floor":16},{"not_picked":["Entrench","Cleave"],"picked":"Whirlwind","floor":18},{"not_picked":["Warcry","Armaments","Sentinel+1"],"picked":"SKIP","floor":22}],"player_experience":1283499,"relics_obtained":[{"floor":3,"key":"Omamori"},{"floor":6,"key":"Nunchaku"},{"floor":9,"key":"Tiny Chest"},{"floor":10,"key":"Dodecahedron"},{"floor":12,"key":"Orichalcum"}],"event_choices":[{"damage_healed":0,"gold_gain":75,"player_choice":"Gather Gold","damage_taken":11,"max_hp_gain":0,"max_hp_loss":0,"event_name":"World of Goop","floor":2,"gold_loss":0},{"damage_healed":0,"gold_gain":0,"player_choice":"Take Wound","damage_taken":0,"relics_obtained":["Golden Idol"],"max_hp_gain":0,"max_hp_loss":0,"event_name":"Golden Idol","floor":4,"gold_loss":0,"cards_obtained":["Injury"]},{"damage_healed":0,"gold_gain":0,"player_choice":"Rummage","damage_taken":0,"relics_obtained":["WarpedTongs"],"max_hp_gain":0,"max_hp_loss":0,"event_name":"Accursed Blacksmith","floor":5,"gold_loss":0,"cards_obtained":["Pain"]},{"cards_removed":["Strike_R"],"damage_healed":0,"gold_gain":0,"player_choice":"Card Removal","damage_taken":0,"max_hp_gain":0,"max_hp_loss":0,"event_name":"Wheel of Change","floor":20,"gold_loss":0}],"is_beta":false,"boss_relics":[{"not_picked":["Coffee Dripper","White Beast Statue"],"picked":"Tiny House"}],"items_purged_floors":[19],"is_endless":false,"potions_floor_spawned":[8,10,11,12,16,22],"killed_by":"Slavers","ascension_level":18}