{"path_per_floor":["M","?","?","M","?","E","R","E","T","R","$","T","R","M","R","B",null,"M","?","M","$","M"],"character_chosen":"DEFECT","items_purchased":["Lantern","Ball Lightning"],"gold_per_floor":[111,111,111,126,126,156,156,189,189,189,38,86,86,101,101,202,202,220,135,147,102,119,119],"floor_reached":23,"campfire_rested":3,"playtime":3288,"current_hp_per_floor":[74,74,74,70,55,47,69,50,50,72,72,72,75,75,75,8,75,55,55,52,52,43,0],"items_purged":[],"gold":119,"score":197,"play_id":"8b1cd8fd-be67-49ce-b903-4a306b458136","local_time":"20180513015626","is_prod":false,"is_daily":false,"chose_seed":false,"is_ascension_mode":false,"campfire_upgraded":1,"timestamp":1526187386,"path_taken":["M","?","?","M","?","E","R","E","T","R","$","?","R","?","R","BOSS","M","?","?","?","M","E"],"build_version":"2018-05-12v2","seed_source_timestamp":82109581486530,"purchased_purges":0,"victory":false,"master_deck":["Strike_B+1","Strike_B","Strike_B","Strike_B","Defend_B","Defend_B","Defend_B","Defend_B","Zap+1","Dualcast+1","Coolheaded","Regret","Chaos+1","Sweeping Beam","Chill","Capacitor","Amplify","Impulse","Darkness+1","Ball Lightning","Buffer"],"max_hp_per_floor":[75,75,75,75,75,75,75,75,75,75,75,75,75,75,75,75,75,75,75,75,75,75,75],"relics":["Cracked Core","Dodecahedron","Toolbox","Blood Vial","Bottled Lightning","Lantern","Pen Nib","Inserter","Gremlin Horn"],"card_choices":[{"not_picked":["Capacitor","Loop"],"picked":"Coolheaded","floor":1},{"not_picked":["Heatsinks","Melter"],"picked":"Chaos","floor":4},{"not_picked":["Axe Kick","Barrage"],"picked":"Sweeping Beam","floor":6},{"not_picked":["Self Repair","Blizzard"],"picked":"Chill","floor":8},{"not_picked":["Storm","Melter"],"picked":"Capacitor","floor":14},{"not_picked":["Electrodynamics","Biased Cognition"],"picked":"Amplify","floor":16},{"not_picked":["Go for the Eyes","Cold Snap"],"picked":"Impulse","floor":18},{"not_picked":["Hologram","Aggregate+1"],"picked":"Darkness+1","floor":20},{"not_picked":["Capacitor","Skim"],"picked":"Buffer","floor":22}],"player_experience":15180,"potions_floor_usage":[6,6,8,8,20,23],"damage_taken":[{"damage":1,"enemies":"Jaw Worm","floor":1,"turns":4},{"damage":4,"enemies":"Cultist","floor":4,"turns":4},{"damage":8,"enemies":"Gremlin Nob","floor":6,"turns":3},{"damage":19,"enemies":"Lagavulin","floor":8,"turns":5},{"damage":0,"enemies":"2 Louse","floor":14,"turns":2},{"damage":67,"enemies":"Hexaghost","floor":16,"turns":10},{"damage":20,"enemies":"Spheric Guardian","floor":18,"turns":5},{"damage":20,"enemies":"Shell Parasite","floor":20,"turns":8},{"damage":11,"enemies":"Snecko","floor":22,"turns":6},{"damage":51,"enemies":"Gremlin Leader","floor":23,"turns":6}],"event_choices":[{"event_name":"Accursed Blacksmith","player_choice":"Forge","floor":2,"damage_taken":0},{"event_name":"Big Fish","player_choice":"Box","floor":3,"damage_taken":0},{"event_name":"Shining Light","player_choice":"Entered Light","floor":5,"damage_taken":0},{"event_name":"Addict","player_choice":"Obtained Relic","floor":19,"damage_taken":0}],"boss_relics":[{"not_picked":["Cursed Key","Eternal Feather"],"picked":"Inserter"}],"potions_floor_spawned":[6,16,22],"seed_played":"-4449884947056262100","killed_by":"Gremlin Leader","ascension_level":0,"is_trial":false}