{"gold_per_floor":[117,11,27,27,95,122,122,139,166,180,211,211,226,254,254,331,331,347,397,43,61,36,69,119,119,144,144,162,162,178,212,212,285,285,301,60,110,123,142,172,172,200,225,240,240,268,268,318,318,318,318,318,318,21,46,46],"floor_reached":57,"playtime":7322,"items_purged":["Strike_G+1","Strike_G+1"],"score":2796,"play_id":"2e6b9231-7e59-4482-b57b-8f345c73824b","local_time":"20190505215806","is_ascension_mode":true,"campfire_choices":[{"data":"Dagger Spray","floor":7,"key":"SMITH"},{"data":"Footwork","floor":12,"key":"SMITH"},{"data":"Neutralize","floor":15,"key":"SMITH"},{"data":"Malaise","floor":25,"key":"SMITH"},{"data":"Caltrops","floor":27,"key":"SMITH"},{"floor":29,"key":"REST"},{"floor":32,"key":"REST"},{"floor":41,"key":"REST"},{"floor":45,"key":"REST"},{"floor":47,"key":"RECALL"},{"floor":49,"key":"REST"},{"floor":53,"key":"REST"}],"neow_cost":"NONE","seed_source_timestamp":637218904886870,"circlet_count":0,"master_deck":["AscendersBane","Defend_G+1","Defend_G+1","Defend_G+1","Defend_G+1","Defend_G+1","Strike_G+1","Strike_G+1","Survivor","Neutralize+1","Dagger Throw","Dagger Spray+1","Deflect","Envenom","Footwork+1","Leg Sweep","Predator","Caltrops+1","Malaise+1","Backflip+1","Acrobatics","PiercingWail","Dodge and Roll","Riddle With Holes","Noxious Fumes","Burst","Blur","Master of Strategy","Flechettes+1","Acrobatics","Catalyst","Apotheosis","Calculated Gamble+1","Backflip+1","Footwork"],"relics":["Velvet Choker","SsserpentHead","Vajra","Art of War","Centennial Puzzle","Ice Cream","Black Star","Paper Crane","Bronze Scales","Pen Nib","Dream Catcher","Smiling Mask","Ginger","Fusion Hammer","PreservedInsect","Calipers","Juzu Bracelet","Bag of Preparation","Strawberry","Bottled Tornado","OrangePellets","Orichalcum","War Paint"],"potions_floor_usage":[6,11,16,23,28,30,35,39,55],"damage_taken":[{"damage":0,"enemies":"Small Slimes","floor":1,"turns":4},{"damage":1,"enemies":"Cultist","floor":3,"turns":3},{"damage":0,"enemies":"2 Louse","floor":5,"turns":3},{"damage":13,"enemies":"3 Sentries","floor":6,"turns":8},{"damage":0,"enemies":"2 Fungi Beasts","floor":8,"turns":2},{"damage":0,"enemies":"3 Louse","floor":10,"turns":2},{"damage":1,"enemies":"Lagavulin","floor":11,"turns":7},{"damage":0,"enemies":"Blue Slaver","floor":13,"turns":4},{"damage":2,"enemies":"3 Sentries","floor":14,"turns":6},{"damage":22,"enemies":"Hexaghost","floor":16,"turns":9},{"damage":7,"enemies":"2 Thieves","floor":18,"turns":4},{"damage":1,"enemies":"Chosen","floor":21,"turns":5},{"damage":3,"enemies":"Gremlin Leader","floor":23,"turns":9},{"damage":19,"enemies":"Shelled Parasite and Fungi","floor":28,"turns":6},{"damage":1,"enemies":"Sentry and Sphere","floor":30,"turns":4},{"damage":21,"enemies":"Slavers","floor":31,"turns":6},{"damage":18,"enemies":"Champ","floor":33,"turns":16},{"damage":0,"enemies":"3 Shapes","floor":35,"turns":11},{"damage":0,"enemies":"Orb Walker","floor":38,"turns":4},{"damage":13,"enemies":"Jaw Worm Horde","floor":39,"turns":6},{"damage":4,"enemies":"Nemesis","floor":40,"turns":13},{"damage":5,"enemies":"Reptomancer","floor":42,"turns":8},{"damage":10,"enemies":"Sphere and 2 Shapes","floor":44,"turns":6},{"damage":1,"enemies":"Nemesis","floor":46,"turns":5},{"damage":5,"enemies":"Time Eater","floor":50,"turns":13},{"damage":14,"enemies":"Donu and Deca","floor":51,"turns":12},{"damage":15,"enemies":"Shield and Spear","floor":55,"turns":9},{"damage":21,"enemies":"The Heart","floor":56,"turns":10}],"seed_played":"-2106493718672034356","potions_obtained":[{"floor":5,"key":"GhostInAJar"},{"floor":6,"key":"EssenceOfSteel"},{"floor":10,"key":"LiquidBronze"},{"floor":11,"key":"SpeedPotion"},{"floor":16,"key":"PowerPotion"},{"floor":23,"key":"SneckoOil"},{"floor":28,"key":"SkillPotion"},{"floor":30,"key":"AttackPotion"},{"floor":31,"key":"EssenceOfSteel"},{"floor":33,"key":"SkillPotion"},{"floor":35,"key":"Swift Potion"},{"floor":39,"key":"GhostInAJar"}],"is_trial":false,"path_per_floor":["M","$","M","?","M","E","R","M","T","M","E","R","M","E","R","B",null,"M","?","$","M","?","E","?","R","T","R","M","R","M","E","R","B",null,"M","$","?","M","M","E","R","E","T","M","R","E","R","?","R","B","B",null,"R","$","E","B",null],"character_chosen":"THE_SILENT","items_purchased":["Dagger Spray","SteroidPotion","Paper Crane","Master of Strategy","OrangePellets","Footwork"],"campfire_rested":6,"item_purchase_floors":[2,2,20,36,54,54],"current_hp_per_floor":[59,59,58,58,58,45,45,45,45,45,44,44,44,42,42,20,55,48,48,48,47,47,44,44,44,44,44,25,44,43,22,41,23,55,55,55,55,55,42,38,57,52,52,42,61,67,67,57,73,68,54,68,73,73,58,37],"gold":46,"neow_bonus":"BOSS_RELIC","is_prod":false,"is_daily":false,"chose_seed":false,"campfire_upgraded":5,"win_rate":0,"timestamp":1557089886,"path_taken":["M","$","M","?","?","E","R","M","T","M","E","R","M","E","R","BOSS","M","?","$","M","?","E","?","R","T","R","M","R","M","E","R","BOSS","M","$","?","M","M","E","R","E","T","M","R","E","R","?","R","BOSS","BOSS","R","$","E","BOSS"],"build_version":"2019-04-23","purchased_purges":2,"victory":true,"max_hp_per_floor":[66,66,66,66,66,66,66,66,66,66,66,66,66,66,66,66,66,66,66,66,66,66,66,66,66,66,66,66,66,66,66,66,66,66,66,66,66,66,66,66,66,66,66,66,66,73,73,73,73,73,73,73,73,73,73,73],"card_choices":[{"not_picked":["Escape Plan","Blade Dance"],"picked":"Dagger Throw","floor":1},{"not_picked":["Bane","Sucker Punch","Prepared"],"picked":"SKIP","floor":3},{"not_picked":["Bane","Blade Dance"],"picked":"Deflect","floor":5},{"not_picked":["Reflex","Catalyst"],"picked":"Envenom","floor":6},{"not_picked":["Dagger Throw","Eviscerate","Prepared"],"picked":"SKIP","floor":8},{"not_picked":["Expertise","Dodge and Roll"],"picked":"Footwork","floor":10},{"not_picked":["Dagger Throw","Bane"],"picked":"Leg Sweep","floor":11},{"not_picked":["Outmaneuver","Setup"],"picked":"Predator","floor":13},{"not_picked":["Deadly Poison","Storm of Steel"],"picked":"Caltrops","floor":14},{"not_picked":["Envenom","Adrenaline"],"picked":"Malaise","floor":16},{"not_picked":["Cloak And Dagger","Deadly Poison","Dagger Throw"],"picked":"SKIP","floor":18},{"not_picked":["Acrobatics","Deflect"],"picked":"Backflip","floor":21},{"not_picked":["Endless Agony","Tactician"],"picked":"Acrobatics","floor":23},{"not_picked":["Accuracy","Outmaneuver","Masterful Stab"],"picked":"SKIP","floor":28},{"not_picked":["Reflex","Tactician"],"picked":"Dodge and Roll","floor":29},{"not_picked":["Flying Knee","PiercingWail"],"picked":"Riddle With Holes","floor":30},{"not_picked":["Acrobatics","PiercingWail"],"picked":"Noxious Fumes","floor":31},{"not_picked":["After Image","Envenom"],"picked":"Burst","floor":33},{"not_picked":["Slice","Dagger Spray"],"picked":"Blur","floor":35},{"not_picked":["Terror","Cloak And Dagger","Heel Hook+1"],"picked":"SKIP","floor":38},{"not_picked":["Dodge and Roll","Poisoned Stab","Choke+1"],"picked":"SKIP","floor":39},{"not_picked":["Cloak And Dagger+1","Deadly Poison"],"picked":"Flechettes+1","floor":40},{"not_picked":["Heel Hook","Die Die Die"],"picked":"Acrobatics","floor":42},{"not_picked":["Poisoned Stab","Cloak And Dagger","Underhanded Strike+1"],"picked":"SKIP","floor":44},{"not_picked":["Underhanded Strike","Blade Dance"],"picked":"Catalyst","floor":45},{"not_picked":["Cloak And Dagger","Grand Finale","Predator"],"picked":"SKIP","floor":46},{"not_picked":["Metamorphosis","Violence"],"picked":"Apotheosis","floor":48},{"not_picked":["Reflex","Setup+1"],"picked":"Calculated Gamble+1","floor":49},{"not_picked":["Deflect","Setup+1"],"picked":"Backflip","floor":53},{"not_picked":["Slice","Prepared+1","Dagger Throw"],"picked":"SKIP","floor":55}],"player_experience":1312189,"relics_obtained":[{"floor":6,"key":"Vajra"},{"floor":9,"key":"Art of War"},{"floor":11,"key":"Centennial Puzzle"},{"floor":14,"key":"Ice Cream"},{"floor":23,"key":"Bronze Scales"},{"floor":23,"key":"Pen Nib"},{"floor":26,"key":"Dream Catcher"},{"floor":31,"key":"Smiling Mask"},{"floor":31,"key":"Ginger"},{"floor":40,"key":"PreservedInsect"},{"floor":40,"key":"Calipers"},{"floor":42,"key":"Juzu Bracelet"},{"floor":42,"key":"Bag of Preparation"},{"floor":46,"key":"Strawberry"},{"floor":46,"key":"Bottled Tornado"},{"floor":55,"key":"Orichalcum"},{"floor":55,"key":"War Paint"}],"event_choices":[{"damage_healed":0,"gold_gain":0,"player_choice":"Trade","damage_taken":0,"relics_obtained":["SsserpentHead"],"max_hp_gain":0,"max_hp_loss":0,"event_name":"FaceTrader","floor":4,"gold_loss":0},{"damage_healed":0,"gold_gain":0,"player_choice":"Simplicity","damage_taken":0,"max_hp_gain":0,"max_hp_loss":0,"event_name":"Back to Basics","floor":19,"gold_loss":0,"cards_upgraded":["Defend_G","Defend_G","Defend_G","Defend_G","Defend_G","Strike_G","Strike_G","Strike_G","Strike_G","Strike_G"]},{"cards_removed":["Strike_G"],"damage_healed":0,"gold_gain":0,"player_choice":"Gave Gold","damage_taken":0,"max_hp_gain":0,"max_hp_loss":0,"event_name":"Beggar","floor":22,"gold_loss":75},{"damage_healed":0,"gold_gain":0,"player_choice":"Read","damage_taken":0,"max_hp_gain":0,"max_hp_loss":0,"event_name":"The Library","floor":24,"gold_loss":0,"cards_obtained":["PiercingWail"]},{"damage_healed":0,"gold_gain":0,"player_choice":"Ignored","damage_taken":0,"max_hp_gain":0,"max_hp_loss":0,"event_name":"Mysterious Sphere","floor":37,"gold_loss":0},{"damage_healed":0,"gold_gain":0,"player_choice":"Memory 3","damage_taken":10,"max_hp_gain":0,"max_hp_loss":0,"event_name":"SensoryStone","floor":48,"gold_loss":0}],"is_beta":true,"boss_relics":[{"not_picked":["Lizard Tail","Ectoplasm"],"picked":"Black Star"},{"not_picked":["White Beast Statue","Philosopher\u0027s Stone"],"picked":"Fusion Hammer"}],"items_purged_floors":[20,36],"is_endless":false,"potions_floor_spawned":[5,6,10,11,16,23,28,30,31,33,35,39,44],"ascension_level":20}