{"gold_per_floor":[209,221,221,235,254,285,300,310,335,352,384,384,413,493,493,588,588,601,601,617,527,527,527,527,552,552,552,571,598,618,89,89,191,191,204,204,214,214,0,0,39,71,71,71,71,101,101,113,113,133],"floor_reached":51,"playtime":2041,"items_purged":[],"score":965,"play_id":"ecc92e2a-c2de-43f9-a366-89a6d3044d31","local_time":"20190514224937","is_ascension_mode":false,"campfire_choices":[{"data":"Armaments","floor":15,"key":"SMITH"},{"data":"Shockwave","floor":23,"key":"SMITH"},{"data":"Limit Break","floor":27,"key":"SMITH"},{"data":"Inflame","floor":32,"key":"SMITH"},{"data":"Disarm","floor":40,"key":"SMITH"},{"data":"Flame Barrier","floor":47,"key":"SMITH"},{"data":"Flame Barrier","floor":49,"key":"SMITH"}],"neow_cost":"NONE","seed_source_timestamp":927942516517800,"circlet_count":0,"master_deck":["Strike_R","Strike_R","Strike_R","Strike_R","Defend_R","Defend_R","Defend_R","Defend_R","Bash","Infernal Blade","Seeing Red","Juggernaut","Armaments+1","Pommel Strike","Metallicize","Limit Break+1","Clothesline","Shockwave+1","Flame Barrier+1","Immolate","Headbutt+1","Shockwave","Disarm+1","Pommel Strike+1","Shrug It Off","Flame Barrier+1","Inflame+1","HandOfGreed","Feed","Exhume","Headbutt","Madness","Madness","Flex+1","Headbutt+1","Blind","Feel No Pain"],"relics":["Burning Blood","Shuriken","Orichalcum","Mummified Hand","Pen Nib","Blue Candle","Mark of Pain","Enchiridion","Bottled Lightning","Vajra","Juzu Bracelet","Anchor","ClockworkSouvenir","Philosopher\u0027s Stone","Red Mask","Omamori","Dream Catcher","Dead Branch"],"potions_floor_usage":[6,6,11,16,29,33,48,50,50],"damage_taken":[{"damage":7,"enemies":"Small Slimes","floor":1,"turns":6},{"damage":5,"enemies":"Cultist","floor":2,"turns":4},{"damage":5,"enemies":"2 Louse","floor":4,"turns":2},{"damage":9,"enemies":"Blue Slaver","floor":5,"turns":2},{"damage":9,"enemies":"3 Sentries","floor":6,"turns":6},{"damage":23,"enemies":"Exordium Thugs","floor":7,"turns":4},{"damage":5,"enemies":"Looter","floor":8,"turns":3},{"damage":3,"enemies":"Blue Slaver","floor":10,"turns":3},{"damage":20,"enemies":"Lagavulin","floor":11,"turns":5},{"damage":0,"enemies":"Gremlin Nob","floor":13,"turns":4},{"damage":0,"enemies":"Slime Boss","floor":16,"turns":4},{"damage":1,"enemies":"2 Thieves","floor":18,"turns":3},{"damage":4,"enemies":"Chosen","floor":20,"turns":4},{"damage":0,"enemies":"Book of Stabbing","floor":25,"turns":5},{"damage":4,"enemies":"Centurion and Healer","floor":28,"turns":4},{"damage":25,"enemies":"Slavers","floor":29,"turns":3},{"damage":6,"enemies":"Snake Plant","floor":30,"turns":3},{"damage":7,"enemies":"Champ","floor":33,"turns":8},{"damage":0,"enemies":"Orb Walker","floor":35,"turns":2},{"damage":9,"enemies":"3 Darklings","floor":37,"turns":5},{"damage":12,"enemies":"Writhing Mass","floor":41,"turns":4},{"damage":0,"enemies":"Giant Head","floor":42,"turns":5},{"damage":32,"enemies":"Reptomancer","floor":46,"turns":5},{"damage":0,"enemies":"Sphere and 2 Shapes","floor":48,"turns":10},{"damage":6,"enemies":"Time Eater","floor":50,"turns":8}],"seed_played":"2274674855753218642","potions_obtained":[{"floor":1,"key":"PowerPotion"},{"floor":2,"key":"Explosive Potion"},{"floor":4,"key":"Strength Potion"},{"floor":13,"key":"AttackPotion"},{"floor":18,"key":"SteroidPotion"},{"floor":25,"key":"LiquidBronze"},{"floor":30,"key":"Poison Potion"},{"floor":33,"key":"Fruit Juice"},{"floor":41,"key":"Poison Potion"},{"floor":44,"key":"Block Potion"},{"floor":44,"key":"PowerPotion"},{"floor":44,"key":"Ancient Potion"},{"floor":46,"key":"Block Potion"},{"floor":48,"key":"SpeedPotion"}],"is_trial":false,"path_per_floor":["M","M","?","M","M","E","M","M","T","M","E","?","E","T","R","B",null,"M","?","M","$","?","R","T","E","T","R","M","E","M","$","R","B",null,"M","?","M","?","?","R","M","E","T","?","?","E","R","M","R","B",null],"character_chosen":"IRONCLAD","items_purchased":["Shockwave","AttackPotion","HandOfGreed","Feed","ClockworkSouvenir"],"campfire_rested":0,"item_purchase_floors":[21,21,31,31,31],"current_hp_per_floor":[79,80,80,80,77,74,57,58,58,61,47,47,53,53,53,59,80,80,64,66,66,66,66,66,72,72,72,74,55,55,55,55,62,88,91,91,91,79,79,79,73,79,79,79,69,46,46,55,55,55],"gold":133,"neow_bonus":"HUNDRED_GOLD","is_prod":false,"is_daily":false,"chose_seed":false,"campfire_upgraded":7,"win_rate":1,"timestamp":1557899377,"path_taken":["M","M","?","M","M","E","M","?","T","M","E","?","E","?","R","BOSS","M","?","M","?","?","R","?","E","T","R","M","E","M","$","R","BOSS","M","?","M","?","?","R","M","E","T","?","?","E","R","M","R","BOSS"],"build_version":"2019-01-23","purchased_purges":0,"victory":true,"max_hp_per_floor":[80,80,80,80,80,80,80,80,80,80,80,80,80,80,80,80,80,80,80,80,80,80,80,80,80,80,80,80,80,80,80,80,88,88,91,91,94,94,94,94,94,94,94,94,94,97,97,100,100,100],"card_choices":[{"not_picked":["Pummel","Warcry"],"picked":"Infernal Blade","floor":1},{"not_picked":["Flex","Body Slam"],"picked":"Seeing Red","floor":2},{"not_picked":["Flex","Iron Wave"],"picked":"Pommel Strike","floor":4},{"not_picked":["Heavy Blade","Thunderclap"],"picked":"Metallicize","floor":5},{"not_picked":["Heavy Blade","True Grit"],"picked":"Limit Break","floor":6},{"not_picked":["Fire Breathing","Flex","Body Slam"],"picked":"SKIP","floor":7},{"not_picked":["Thunderclap","Burning Pact"],"picked":"Clothesline","floor":8},{"not_picked":["Perfected Strike","Berserk","Fire Breathing"],"picked":"SKIP","floor":10},{"not_picked":["Perfected Strike","Berserk","Fire Breathing"],"picked":"SKIP","floor":10},{"not_picked":["Bloodletting","Pummel"],"picked":"Shockwave","floor":11},{"not_picked":["Infernal Blade","Fire Breathing"],"picked":"Flame Barrier","floor":13},{"not_picked":["Fiend Fire","Brutality"],"picked":"Immolate","floor":16},{"not_picked":["Blood for Blood","Shrug It Off"],"picked":"Headbutt+1","floor":18},{"not_picked":["Sword Boomerang+1","Entrench","Infernal Blade"],"picked":"SKIP","floor":20},{"not_picked":["Searing Blow","Twin Strike"],"picked":"Pommel Strike+1","floor":25},{"not_picked":["Pommel Strike+1","Body Slam"],"picked":"Shrug It Off","floor":28},{"not_picked":["Warcry","Rampage+1"],"picked":"Flame Barrier","floor":29},{"not_picked":["Headbutt","Clothesline"],"picked":"Inflame","floor":30},{"not_picked":["Barricade","Berserk"],"picked":"Exhume","floor":33},{"not_picked":["Flex","Sword Boomerang","Corruption+1"],"picked":"SKIP","floor":35},{"not_picked":["Cleave","Pommel Strike"],"picked":"Headbutt","floor":37},{"not_picked":["Carnage+1","Pommel Strike"],"picked":"Flex+1","floor":41},{"not_picked":["Shrug It Off","Flex+1"],"picked":"Headbutt+1","floor":42},{"not_picked":["Discovery","Finesse"],"picked":"Blind","floor":45},{"not_picked":["Sword Boomerang+1","Uppercut"],"picked":"Feel No Pain","floor":46},{"not_picked":["Pommel Strike","Sword Boomerang","Twin Strike"],"picked":"SKIP","floor":48}],"player_experience":788243,"relics_obtained":[{"floor":6,"key":"Shuriken"},{"floor":9,"key":"Orichalcum"},{"floor":11,"key":"Mummified Hand"},{"floor":13,"key":"Pen Nib"},{"floor":14,"key":"Blue Candle"},{"floor":19,"key":"Enchiridion"},{"floor":24,"key":"Bottled Lightning"},{"floor":25,"key":"Vajra"},{"floor":26,"key":"Juzu Bracelet"},{"floor":29,"key":"Anchor"},{"floor":42,"key":"Omamori"},{"floor":43,"key":"Dream Catcher"},{"floor":46,"key":"Dead Branch"}],"event_choices":[{"damage_healed":0,"gold_gain":0,"player_choice":"2 cards matched","damage_taken":0,"max_hp_gain":0,"max_hp_loss":0,"event_name":"Match and Keep!","floor":3,"gold_loss":0,"cards_obtained":["Juggernaut","Armaments"]},{"damage_healed":0,"gold_gain":0,"player_choice":"Ignored","damage_taken":0,"max_hp_gain":0,"max_hp_loss":0,"event_name":"Liars Game","floor":12,"gold_loss":0},{"damage_healed":0,"gold_gain":0,"player_choice":"Obtained Book","damage_taken":16,"max_hp_gain":0,"max_hp_loss":0,"event_name":"Cursed Tome","floor":19,"gold_loss":0},{"damage_healed":0,"gold_gain":0,"player_choice":"Read","damage_taken":0,"max_hp_gain":0,"max_hp_loss":0,"event_name":"The Library","floor":22,"gold_loss":0,"cards_obtained":["Disarm"]},{"cards_removed":["Strike_R"],"damage_healed":0,"gold_gain":0,"player_choice":"Removed Attack","damage_taken":0,"max_hp_gain":0,"max_hp_loss":0,"event_name":"Falling","floor":36,"gold_loss":0},{"damage_healed":0,"gold_gain":0,"player_choice":"Embrace Madness","damage_taken":12,"max_hp_gain":0,"max_hp_loss":0,"event_name":"Winding Halls","floor":38,"gold_loss":0,"cards_obtained":["Madness","Madness"]},{"damage_healed":0,"gold_gain":0,"player_choice":"Paid","damage_taken":0,"relics_obtained":["Red Mask"],"max_hp_gain":0,"max_hp_loss":0,"event_name":"Tomb of Lord Red Mask","floor":39,"gold_loss":214},{"damage_healed":0,"gold_gain":0,"player_choice":"Got Potions","damage_taken":0,"max_hp_gain":0,"max_hp_loss":0,"event_name":"Lab","floor":44,"gold_loss":0},{"damage_healed":0,"gold_gain":0,"player_choice":"Memory 3","damage_taken":10,"max_hp_gain":0,"max_hp_loss":0,"event_name":"SensoryStone","floor":45,"gold_loss":0}],"is_beta":false,"boss_relics":[{"not_picked":["Calling Bell","Black Star"],"picked":"Mark of Pain"},{"not_picked":["Velvet Choker","Astrolabe"],"picked":"Philosopher\u0027s Stone"}],"items_purged_floors":[],"is_endless":false,"potions_floor_spawned":[1,2,4,13,18,25,30,33,41,46,48],"ascension_level":0}