{"gold_per_floor":[119,119,119,138,138,169,169,1,24,24,43,68,243,273,273,377,377,377,377,377,377,377,377,11,11,11,11,11,11,11,11,11,11,11,11,11,11,11,11,11,11,11,11,11,11,11,11,11,11,11,11,11,11,11,11],"floor_reached":56,"playtime":2902,"items_purged":["Strike_B"],"score":1548,"play_id":"738e795e-b0d1-4383-aca0-595b823adc5f","local_time":"20190411092915","is_ascension_mode":true,"campfire_choices":[{"data":"Storm","floor":7,"key":"SMITH"},{"data":"Capacitor","floor":10,"key":"SMITH"},{"data":"Capacitor","floor":15,"key":"SMITH"},{"data":"Self Repair","floor":23,"key":"SMITH"},{"data":"Defragment","floor":29,"key":"SMITH"},{"data":"Rainbow","floor":32,"key":"SMITH"},{"floor":41,"key":"RECALL"},{"data":"Go for the Eyes","floor":49,"key":"SMITH"},{"data":"Buffer","floor":52,"key":"SMITH"}],"neow_cost":"NONE","seed_source_timestamp":2642609354832619,"circlet_count":0,"master_deck":["Strike_B","Strike_B","Strike_B","Defend_B","Defend_B+1","Defend_B","Defend_B","Zap","Dualcast","Storm+1","Static Discharge+1","Steam Power","Rip and Tear","Capacitor+1","Glacier","Capacitor+1","Self Repair+1","Barrage","Rainbow+1","Cold Snap","Go for the Eyes+1","Storm+1","Steam+1","Stack","Heatsinks","Defragment+1","Barrage","White Noise","Buffer+1","Coolheaded+1","Doom and Gloom+1","Go for the Eyes+1","Conserve Battery+1","Coolheaded","Conserve Battery+1","FTL","Seek","Cold Snap"],"relics":["Cracked Core","Ornamental Fan","Pen Nib","Vajra","Omamori","Bag of Preparation","Ectoplasm","WarpedTongs","Art of War","Anchor","Boot","PreservedInsect","Black Star","Frozen Egg 2","War Paint","The Courier","Mercury Hourglass","Symbiotic Virus","Ginger","Bronze Scales","Orichalcum","Toxic Egg 2","Potion Belt","Blood Vial","Centennial Puzzle"],"potions_floor_usage":[12,16,25,31,33,37,42,54,55,55,55,55,55,55],"damage_taken":[{"damage":10,"enemies":"Small Slimes","floor":1,"turns":3},{"damage":1,"enemies":"2 Louse","floor":4,"turns":2},{"damage":16,"enemies":"Lagavulin","floor":6,"turns":6},{"damage":0,"enemies":"Jaw Worm","floor":11,"turns":2},{"damage":19,"enemies":"Gremlin Nob","floor":12,"turns":5},{"damage":17,"enemies":"Lagavulin","floor":14,"turns":6},{"damage":4,"enemies":"Slime Boss","floor":16,"turns":7},{"damage":5,"enemies":"Chosen","floor":18,"turns":4},{"damage":5,"enemies":"3 Byrds","floor":20,"turns":1},{"damage":1,"enemies":"Snecko","floor":21,"turns":6},{"damage":26,"enemies":"Slavers","floor":25,"turns":4},{"damage":12,"enemies":"Book of Stabbing","floor":27,"turns":5},{"damage":0,"enemies":"Cultist and Chosen","floor":28,"turns":3},{"damage":0,"enemies":"Centurion and Healer","floor":30,"turns":4},{"damage":13,"enemies":"Gremlin Leader","floor":31,"turns":3},{"damage":0,"enemies":"Automaton","floor":33,"turns":6},{"damage":0,"enemies":"Orb Walker","floor":35,"turns":2},{"damage":10,"enemies":"3 Shapes","floor":36,"turns":5},{"damage":9,"enemies":"Spire Growth","floor":38,"turns":4},{"damage":0,"enemies":"Nemesis","floor":40,"turns":5},{"damage":24,"enemies":"Reptomancer","floor":42,"turns":4},{"damage":0,"enemies":"Transient","floor":44,"turns":5},{"damage":8,"enemies":"Nemesis","floor":45,"turns":3},{"damage":10,"enemies":"4 Shapes","floor":46,"turns":3},{"damage":0,"enemies":"Giant Head","floor":48,"turns":7},{"damage":19,"enemies":"Awakened One","floor":50,"turns":12},{"damage":0,"enemies":"Shield and Spear","floor":54,"turns":3},{"damage":76,"enemies":"The Heart","floor":55,"turns":8}],"seed_played":"-6140209322736062258","potions_obtained":[{"floor":6,"key":"SmokeBomb"},{"floor":14,"key":"Fire Potion"},{"floor":16,"key":"Energy Potion"},{"floor":18,"key":"Fire Potion"},{"floor":25,"key":"Energy Potion"},{"floor":31,"key":"Poison Potion"},{"floor":33,"key":"Poison Potion"},{"floor":37,"key":"Fruit Juice"},{"floor":37,"key":"EntropicBrew"},{"floor":40,"key":"AttackPotion"},{"floor":42,"key":"Energy Potion"},{"floor":45,"key":"PowerPotion"}],"is_trial":false,"path_per_floor":["M","?","?","M","T","E","R","$","T","R","M","E","?","E","R","B",null,"M","?","M","M","?","R","$","E","T","E","M","R","M","E","R","B",null,"M","M","?","M","$","E","R","E","T","M","E","M","?","E","R","B",null,"R","$","E","B",null],"character_chosen":"DEFECT","items_purchased":["Capacitor","Glacier","Poison Potion","Art of War","Steam","Stack","FocusPotion"],"campfire_rested":0,"item_purchase_floors":[8,8,8,24,24,24,24],"current_hp_per_floor":[65,65,70,69,69,53,53,53,53,53,53,34,34,24,24,27,80,80,80,75,80,80,80,80,64,64,62,62,62,72,69,69,79,80,80,80,85,85,85,85,85,71,71,81,83,83,83,85,85,66,85,85,85,85,19],"gold":11,"neow_bonus":"THREE_CARDS","is_prod":false,"is_daily":false,"chose_seed":false,"campfire_upgraded":8,"win_rate":0,"timestamp":1554989355,"path_taken":["M","?","?","M","?","E","R","$","T","R","M","E","?","E","R","BOSS","M","?","?","M","?","R","$","E","T","E","M","R","M","E","R","BOSS","M","?","?","M","$","E","R","E","T","M","E","?","?","E","R","BOSS","R","$","E","BOSS"],"build_version":"2019-04-04","purchased_purges":1,"victory":true,"max_hp_per_floor":[75,75,80,80,80,80,80,80,80,80,80,80,80,80,80,80,80,80,80,80,80,80,80,80,80,80,80,80,80,80,80,80,80,80,80,80,85,85,85,85,85,85,85,85,85,85,85,85,85,85,85,85,85,85,85],"card_choices":[{"not_picked":["Double Energy","Aggregate"],"picked":"Storm","floor":0},{"not_picked":["Ball Lightning","Beam Cell"],"picked":"Static Discharge","floor":1},{"not_picked":["Aggregate","Barrage"],"picked":"Steam Power","floor":4},{"not_picked":["Aggregate","Darkness"],"picked":"Rip and Tear","floor":6},{"not_picked":["Go for the Eyes","Turbo"],"picked":"Capacitor","floor":11},{"not_picked":["Barrage","Ball Lightning"],"picked":"Self Repair","floor":12},{"not_picked":["Ball Lightning","Tempest"],"picked":"Barrage","floor":14},{"not_picked":["Amplify","Reboot"],"picked":"Rainbow","floor":16},{"not_picked":["Streamline+1","Reprogram","Rebound"],"picked":"SKIP","floor":18},{"not_picked":["Steam Power","Aggregate+1"],"picked":"Cold Snap","floor":20},{"not_picked":["Ball Lightning","Scrape"],"picked":"Go for the Eyes","floor":21},{"not_picked":["Turbo","All For One"],"picked":"Heatsinks","floor":25},{"not_picked":["Gash","Compile Driver+1"],"picked":"Defragment","floor":27},{"not_picked":["Sweeping Beam+1","Go for the Eyes","Lockon"],"picked":"SKIP","floor":28},{"not_picked":["Streamline","Rebound"],"picked":"Barrage","floor":30},{"not_picked":["Rebound","Go for the Eyes"],"picked":"White Noise","floor":31},{"not_picked":["Machine Learning","Hyperbeam"],"picked":"Buffer","floor":33},{"not_picked":["Redo+1","Scrape+1"],"picked":"Coolheaded+1","floor":35},{"not_picked":["Rebound+1","Double Energy"],"picked":"Doom and Gloom+1","floor":36},{"not_picked":["Static Discharge+1","Turbo"],"picked":"Go for the Eyes+1","floor":38},{"not_picked":["Skim+1","Sunder"],"picked":"Conserve Battery+1","floor":40},{"not_picked":["Ball Lightning","Gash"],"picked":"Coolheaded","floor":42},{"not_picked":["Blizzard+1","Leap+1"],"picked":"Conserve Battery+1","floor":44},{"not_picked":["Barrage+1","Melter"],"picked":"FTL","floor":45},{"not_picked":["Gash","Genetic Algorithm"],"picked":"Seek","floor":46},{"not_picked":["Force Field","Double Energy"],"picked":"Cold Snap","floor":48},{"not_picked":["Reprogram+1","Rebound","Cold Snap"],"picked":"SKIP","floor":54}],"player_experience":5274441,"relics_obtained":[{"floor":5,"key":"Ornamental Fan"},{"floor":6,"key":"Pen Nib"},{"floor":9,"key":"Vajra"},{"floor":12,"key":"Omamori"},{"floor":14,"key":"Bag of Preparation"},{"floor":25,"key":"Anchor"},{"floor":27,"key":"Boot"},{"floor":31,"key":"PreservedInsect"},{"floor":40,"key":"Frozen Egg 2"},{"floor":40,"key":"War Paint"},{"floor":42,"key":"The Courier"},{"floor":42,"key":"Mercury Hourglass"},{"floor":43,"key":"Symbiotic Virus"},{"floor":45,"key":"Ginger"},{"floor":45,"key":"Bronze Scales"},{"floor":48,"key":"Toxic Egg 2"},{"floor":48,"key":"Potion Belt"},{"floor":54,"key":"Blood Vial"},{"floor":54,"key":"Centennial Puzzle"}],"event_choices":[{"damage_healed":0,"gold_gain":0,"player_choice":"Grow","damage_taken":0,"max_hp_gain":0,"max_hp_loss":0,"event_name":"Living Wall","floor":2,"gold_loss":0,"cards_upgraded":["Static Discharge"]},{"damage_healed":0,"gold_gain":0,"player_choice":"Donut","damage_taken":0,"max_hp_gain":5,"max_hp_loss":0,"event_name":"Big Fish","floor":3,"gold_loss":0},{"damage_healed":0,"gold_gain":175,"player_choice":"AGREE","damage_taken":0,"max_hp_gain":0,"max_hp_loss":0,"event_name":"Liars Game","floor":13,"gold_loss":0,"cards_obtained":["Doubt"]},{"damage_healed":0,"gold_gain":0,"player_choice":"Rummage","damage_taken":0,"relics_obtained":["WarpedTongs"],"max_hp_gain":0,"max_hp_loss":0,"event_name":"Accursed Blacksmith","floor":19,"gold_loss":0,"cards_obtained":["Pain"]},{"damage_healed":0,"gold_gain":0,"player_choice":"Copied","damage_taken":0,"max_hp_gain":0,"max_hp_loss":0,"event_name":"Duplicator","floor":22,"gold_loss":0,"cards_obtained":["Storm"]},{"damage_healed":0,"gold_gain":0,"player_choice":"Got Potions","damage_taken":0,"max_hp_gain":0,"max_hp_loss":0,"event_name":"Lab","floor":37,"gold_loss":0},{"damage_healed":0,"gold_gain":0,"player_choice":"Gave Potion","damage_taken":0,"relics_obtained":["Orichalcum"],"max_hp_gain":0,"max_hp_loss":0,"event_name":"WeMeetAgain","floor":47,"gold_loss":0}],"is_beta":true,"boss_relics":[{"not_picked":["Sozu","Orrery"],"picked":"Ectoplasm"},{"not_picked":["Nuclear Battery","Pandora\u0027s Box"],"picked":"Black Star"}],"items_purged_floors":[24],"is_endless":false,"potions_floor_spawned":[6,14,16,18,25,27,28,31,33,40,42,45,46],"ascension_level":1}