{"gold_per_floor":[117,117,128,152,26,26,59,69,69,12,12,0,0,20,20,97,97,113,113,133,149,149,149,49,83,134,134],"floor_reached":27,"playtime":1421,"items_purged":["Strike_B"],"score":583,"play_id":"f6a93261-1448-40bf-a6ff-d6871d108f8d","local_time":"20181201205822","is_ascension_mode":true,"campfire_choices":[{"data":"1","floor":6,"key":"LIFT"},{"data":"2","floor":13,"key":"LIFT"},{"data":"3","floor":15,"key":"LIFT"},{"data":"Steam Power","floor":23,"key":"SMITH"}],"neow_cost":"PERCENT_DAMAGE","seed_source_timestamp":513500017467420,"circlet_count":0,"master_deck":["AscendersBane","Defend_B","Defend_B","Defend_B","Defend_B","Dualcast","Compile Driver","Rip and Tear","Sweeping Beam","Steam","Ball Lightning","Steam Power+1","Core Surge","Genetic Algorithm","Skim+1","Bite","Bite","Bite","Bite","Bite","Mind Blast","Sweeping Beam"],"relics":["Cracked Core","Girya","Oddly Smooth Stone","Bag of Marbles","Shuriken","Runic Dome","Toxic Egg 2","Strawberry"],"potions_floor_usage":[7,16,16,25,25],"damage_taken":[{"damage":0,"enemies":"Cultist","floor":1,"turns":3},{"damage":9,"enemies":"Jaw Worm","floor":3,"turns":4},{"damage":29,"enemies":"Gremlin Nob","floor":7,"turns":4},{"damage":6,"enemies":"2 Louse","floor":8,"turns":3},{"damage":0,"enemies":"Blue Slaver","floor":14,"turns":3},{"damage":0,"enemies":"Slime Boss","floor":16,"turns":4},{"damage":12,"enemies":"3 Byrds","floor":18,"turns":3},{"damage":8,"enemies":"Shell Parasite","floor":20,"turns":3},{"damage":10,"enemies":"Cultist and Chosen","floor":21,"turns":4},{"damage":24,"enemies":"Book of Stabbing","floor":25,"turns":4},{"damage":27,"enemies":"Snake Plant","floor":27,"turns":3}],"seed_played":"-5173004938043056913","potions_obtained":[{"floor":3,"key":"FearPotion"},{"floor":7,"key":"AttackPotion"},{"floor":18,"key":"Energy Potion"},{"floor":20,"key":"Weak Potion"}],"is_trial":false,"path_per_floor":["M","?","M","T","$","R","E","M","T","$","?","?","R","M","R","B",null,"M","?","M","M","?","R","$","E","T","M"],"character_chosen":"DEFECT","items_purchased":["Sweeping Beam","AttackPotion","Mind Blast"],"campfire_rested":0,"item_purchase_floors":[5,10,24],"current_hp_per_floor":[46,46,37,37,37,37,8,2,2,2,2,2,2,2,2,2,54,42,42,34,24,24,24,24,12,19,0],"gold":134,"neow_bonus":"ONE_RARE_RELIC","is_prod":false,"is_daily":false,"chose_seed":false,"campfire_upgraded":1,"win_rate":0,"timestamp":1543715902,"path_taken":["M","?","M","?","$","R","E","M","T","$","?","?","R","?","R","BOSS","M","?","M","?","?","R","$","E","T","M"],"build_version":"2018-11-15","purchased_purges":1,"victory":false,"max_hp_per_floor":[71,71,71,71,71,71,71,71,71,71,71,71,71,71,71,71,71,71,71,71,71,49,49,49,49,56,56],"card_choices":[{"not_picked":["Turbo","Lockon"],"picked":"Compile Driver","floor":1},{"not_picked":["Blizzard","Melter"],"picked":"Rip and Tear","floor":3},{"not_picked":["Seek","Melter"],"picked":"Steam","floor":7},{"not_picked":["Sweeping Beam","Barrage"],"picked":"Ball Lightning","floor":8},{"not_picked":["Turbo","Redo"],"picked":"Steam Power","floor":14},{"not_picked":["Meteor Strike","Seek"],"picked":"Core Surge","floor":16},{"not_picked":["Loop","Beam Cell","Recycle"],"picked":"SKIP","floor":18},{"not_picked":["Compile Driver","Gash"],"picked":"Genetic Algorithm","floor":20},{"not_picked":["Barrage","Rebound"],"picked":"Skim+1","floor":21},{"not_picked":["Rip and Tear","Multi-Cast"],"picked":"Sweeping Beam","floor":25}],"player_experience":1039135,"relics_obtained":[{"floor":4,"key":"Oddly Smooth Stone"},{"floor":7,"key":"Bag of Marbles"},{"floor":9,"key":"Shuriken"},{"floor":25,"key":"Toxic Egg 2"},{"floor":26,"key":"Strawberry"}],"event_choices":[{"damage_healed":0,"gold_gain":0,"player_choice":"Ignored","damage_taken":0,"max_hp_gain":0,"max_hp_loss":0,"event_name":"Golden Idol","floor":2,"gold_loss":0},{"damage_healed":0,"gold_gain":0,"player_choice":"Ignored","damage_taken":0,"max_hp_gain":0,"max_hp_loss":0,"event_name":"Shining Light","floor":11,"gold_loss":0},{"damage_healed":0,"gold_gain":0,"player_choice":"Left Gold","damage_taken":0,"max_hp_gain":0,"max_hp_loss":0,"event_name":"World of Goop","floor":12,"gold_loss":12},{"cards_removed":["Zap"],"damage_healed":0,"gold_gain":0,"player_choice":"Purged","damage_taken":0,"max_hp_gain":0,"max_hp_loss":0,"event_name":"Purifier","floor":19,"gold_loss":0},{"damage_healed":0,"gold_gain":0,"player_choice":"Became a vampire","damage_taken":0,"max_hp_gain":0,"max_hp_loss":22,"event_name":"Vampires","floor":22,"gold_loss":0,"cards_obtained":["Bite","Bite","Bite","Bite","Bite"]}],"is_beta":true,"boss_relics":[{"not_picked":["Ectoplasm","Snecko Eye"],"picked":"Runic Dome"}],"items_purged_floors":[5],"is_endless":false,"potions_floor_spawned":[3,7,18,20],"killed_by":"Snake Plant","ascension_level":20}