{"gold_per_floor":[116,132,12,25,25,25,39,39,39,72,147,147,179,199,199,294,294,305,395,412,107,107,136,156,185,233,233,263,263,3,22,22,121,121,139,63,78,78,94,127,127,153,153,166,179,179,195,520,520,520,520,520,154,187,187],"floor_reached":56,"playtime":3467,"items_purged":["Strike_R","Strike_R","Strike_R"],"score":1360,"play_id":"9727517d-3ad1-4399-9668-e2815b0cf07f","local_time":"20190118111908","is_ascension_mode":false,"campfire_choices":[{"data":"True Grit","floor":6,"key":"SMITH"},{"data":"Iron Wave","floor":8,"key":"SMITH"},{"data":"Shockwave","floor":15,"key":"SMITH"},{"data":"Spot Weakness","floor":29,"key":"SMITH"},{"data":"Burning Pact","floor":32,"key":"SMITH"},{"data":"Brutality","floor":41,"key":"SMITH"},{"floor":49,"key":"RECALL"},{"data":"Apotheosis","floor":52,"key":"SMITH"}],"neow_cost":"NONE","seed_source_timestamp":382978250430537,"circlet_count":0,"master_deck":["Strike_R","Strike_R+1","Defend_R","Defend_R","Defend_R","Bash+1","Headbutt+1","Iron Wave+1","Shrug It Off","True Grit+1","Shrug It Off","Shockwave+1","Spot Weakness+1","Reaper","Heavy Blade","Clothesline+1","Feel No Pain","Inflame+1","Clumsy","Shrug It Off+1","Flash of Steel","Anger","Shrug It Off","Burning Pact+1","Brutality+1","Seeing Red","Dropkick+1","Evolve+1","Body Slam+1","Rupture+1","Apotheosis+1","Warcry+1","Battle Trance","Reaper","Dramatic Entrance"],"relics":["Black Blood","Ornamental Fan","Dead Branch","Happy Flower","Ancient Tea Set","Cursed Key","Kunai","Whetstone","Meat on the Bone","MutagenicStrength","Red Mask","Regal Pillow","Frozen Egg 2","Old Coin","Magic Flower"],"potions_floor_usage":[10,20,25,33,40,42,55,55,55],"damage_taken":[{"damage":5,"enemies":"Small Slimes","floor":1,"turns":3},{"damage":1,"enemies":"Cultist","floor":2,"turns":3},{"damage":2,"enemies":"2 Louse","floor":4,"turns":3},{"damage":0,"enemies":"Looter","floor":7,"turns":4},{"damage":9,"enemies":"Lagavulin","floor":10,"turns":7},{"damage":30,"enemies":"Gremlin Nob","floor":13,"turns":6},{"damage":0,"enemies":"3 Louse","floor":14,"turns":3},{"damage":5,"enemies":"The Guardian","floor":16,"turns":9},{"damage":15,"enemies":"Spheric Guardian","floor":18,"turns":6},{"damage":9,"enemies":"2 Thieves","floor":20,"turns":5},{"damage":3,"enemies":"Gremlin Leader","floor":23,"turns":5},{"damage":11,"enemies":"Snake Plant","floor":24,"turns":4},{"damage":25,"enemies":"Slavers","floor":25,"turns":5},{"damage":20,"enemies":"Masked Bandits","floor":28,"turns":4},{"damage":3,"enemies":"Cultist and Chosen","floor":31,"turns":2},{"damage":35,"enemies":"Collector","floor":33,"turns":8},{"damage":0,"enemies":"3 Shapes","floor":35,"turns":4},{"damage":4,"enemies":"Orb Walker","floor":37,"turns":3},{"damage":12,"enemies":"Writhing Mass","floor":39,"turns":5},{"damage":16,"enemies":"Reptomancer","floor":40,"turns":6},{"damage":2,"enemies":"Nemesis","floor":42,"turns":3},{"damage":4,"enemies":"Transient","floor":44,"turns":5},{"damage":17,"enemies":"Jaw Worm Horde","floor":45,"turns":5},{"damage":8,"enemies":"Maw","floor":47,"turns":6},{"damage":5,"enemies":"Giant Head","floor":48,"turns":4},{"damage":29,"enemies":"Awakened One","floor":50,"turns":9},{"damage":32,"enemies":"Shield and Spear","floor":54,"turns":6},{"damage":85,"enemies":"The Heart","floor":55,"turns":8}],"seed_played":"2346437991889799876","potions_obtained":[{"floor":4,"key":"Poison Potion"},{"floor":10,"key":"Ancient Potion"},{"floor":13,"key":"LiquidBronze"},{"floor":23,"key":"PowerPotion"},{"floor":28,"key":"AttackPotion"},{"floor":33,"key":"BloodPotion"},{"floor":40,"key":"PowerPotion"},{"floor":44,"key":"Dexterity Potion"}],"is_trial":false,"path_per_floor":["M","M","$","M","?","R","M","R","T","E","?","?","E","M","R","B",null,"M","?","M","$","?","E","M","E","T","?","?","R","$","M","R","B",null,"M","$","M","$","M","E","R","E","T","M","M","?","M","E","R","B",null,"R","$","E","B",null],"character_chosen":"IRONCLAD","items_purchased":["Shrug It Off","Kunai","SteroidPotion","Flash of Steel","Anger","Shrug It Off","Seeing Red","Reaper","Dramatic Entrance"],"campfire_rested":0,"item_purchase_floors":[3,21,21,30,30,30,36,53,53],"current_hp_per_floor":[80,80,80,80,73,73,79,79,79,76,65,65,41,47,47,48,80,75,43,48,48,74,80,75,70,70,70,66,66,66,80,80,75,80,80,80,80,80,78,80,80,80,80,80,80,70,80,80,80,78,80,80,80,80,80],"gold":187,"neow_bonus":"UPGRADE_CARD","is_prod":false,"is_daily":false,"chose_seed":false,"campfire_upgraded":7,"win_rate":0,"timestamp":1547810348,"path_taken":["M","M","$","M","?","R","M","R","T","E","?","?","E","?","R","BOSS","M","?","?","$","?","E","M","E","T","?","?","R","?","M","R","BOSS","M","?","M","$","?","E","R","E","T","M","M","?","M","E","R","BOSS","R","$","E","BOSS"],"build_version":"2019-01-16","purchased_purges":3,"victory":true,"max_hp_per_floor":[80,80,80,80,80,80,80,80,80,80,80,80,80,80,80,80,80,80,80,80,80,80,80,80,80,80,80,80,80,80,80,80,80,80,80,80,80,80,80,80,80,80,80,80,80,80,80,80,80,80,80,80,80,80,80],"card_choices":[{"not_picked":["Havoc","Intimidate"],"picked":"Headbutt","floor":1},{"not_picked":["Headbutt","Sword Boomerang"],"picked":"Iron Wave","floor":2},{"not_picked":["Headbutt","Armaments"],"picked":"True Grit","floor":4},{"not_picked":["Headbutt","Clash"],"picked":"Shrug It Off","floor":7},{"not_picked":["Double Tap","Iron Wave"],"picked":"Shockwave","floor":10},{"not_picked":["Havoc","Wild Strike","Heavy Blade"],"picked":"SKIP","floor":13},{"not_picked":["Iron Wave","Clothesline"],"picked":"Spot Weakness","floor":14},{"not_picked":["Dark Embrace","Bludgeon"],"picked":"Reaper","floor":16},{"not_picked":["Thunderclap","Sword Boomerang"],"picked":"Heavy Blade","floor":18},{"not_picked":["Clash+1","Berserk"],"picked":"Clothesline+1","floor":20},{"not_picked":["Warcry+1","Anger+1"],"picked":"Feel No Pain","floor":23},{"not_picked":["Cleave","Perfected Strike","Ghostly Armor"],"picked":"SKIP","floor":24},{"not_picked":["Havoc","Perfected Strike"],"picked":"Inflame+1","floor":25},{"not_picked":["Sword Boomerang","Heavy Blade"],"picked":"Shrug It Off+1","floor":28},{"not_picked":["Bludgeon","Sentinel"],"picked":"Burning Pact","floor":31},{"not_picked":["Feed","Reaper"],"picked":"Brutality","floor":33},{"not_picked":["Armaments","Reckless Charge","Power Through"],"picked":"SKIP","floor":35},{"not_picked":["True Grit+1","Iron Wave"],"picked":"Dropkick+1","floor":37},{"not_picked":["Reckless Charge","Sentinel+1"],"picked":"Evolve+1","floor":39},{"not_picked":["Ghostly Armor","Clash"],"picked":"Body Slam+1","floor":40},{"not_picked":["Fire Breathing","Clash","Wild Strike"],"picked":"SKIP","floor":42},{"not_picked":["True Grit","Uppercut+1","Clash+1"],"picked":"SKIP","floor":44},{"not_picked":["Immolate","Armaments"],"picked":"Rupture+1","floor":45},{"not_picked":["The Bomb","Purity"],"picked":"Apotheosis","floor":46},{"not_picked":["True Grit+1","Wild Strike"],"picked":"Warcry+1","floor":47},{"not_picked":["Warcry","Ghostly Armor+1"],"picked":"Battle Trance","floor":48},{"not_picked":["Twin Strike","Clothesline+1","Pummel+1"],"picked":"SKIP","floor":54}],"player_experience":785295,"relics_obtained":[{"floor":9,"key":"Ornamental Fan"},{"floor":10,"key":"Dead Branch"},{"floor":13,"key":"Ancient Tea Set"},{"floor":23,"key":"Whetstone"},{"floor":25,"key":"Meat on the Bone"},{"floor":28,"key":"Red Mask"},{"floor":40,"key":"Regal Pillow"},{"floor":42,"key":"Frozen Egg 2"},{"floor":48,"key":"Old Coin"},{"floor":54,"key":"Magic Flower"}],"event_choices":[{"cards_removed":["Defend_R"],"damage_healed":0,"gold_gain":0,"player_choice":"Card Removal","damage_taken":7,"max_hp_gain":0,"max_hp_loss":0,"event_name":"Golden Wing","floor":5,"gold_loss":0},{"damage_healed":0,"gold_gain":75,"player_choice":"Gather Gold","damage_taken":11,"max_hp_gain":0,"max_hp_loss":0,"event_name":"World of Goop","floor":11,"gold_loss":0},{"damage_healed":0,"gold_gain":0,"player_choice":"Gave Potion","damage_taken":0,"relics_obtained":["Happy Flower"],"max_hp_gain":0,"max_hp_loss":0,"event_name":"WeMeetAgain","floor":12,"gold_loss":0},{"damage_healed":0,"gold_gain":90,"player_choice":"POTION POTION GOLD ","damage_taken":32,"max_hp_gain":0,"max_hp_loss":0,"event_name":"Knowing Skull","floor":19,"potions_obtained":["Block Potion","Weak Potion"],"gold_loss":0,"cards_obtained":[]},{"damage_healed":26,"gold_gain":0,"player_choice":"Heal","damage_taken":0,"max_hp_gain":0,"max_hp_loss":0,"event_name":"The Library","floor":22,"gold_loss":0},{"damage_healed":0,"gold_gain":0,"player_choice":"Inject Mutagens","damage_taken":0,"relics_obtained":["MutagenicStrength"],"max_hp_gain":0,"max_hp_loss":0,"event_name":"Drug Dealer","floor":27,"gold_loss":0},{"damage_healed":0,"gold_gain":0,"player_choice":"Fought Bandits","damage_taken":0,"max_hp_gain":0,"max_hp_loss":0,"event_name":"Masked Bandits","floor":28,"gold_loss":0},{"damage_healed":0,"gold_gain":0,"player_choice":"Memory 3","damage_taken":10,"max_hp_gain":0,"max_hp_loss":0,"event_name":"SensoryStone","floor":46,"gold_loss":0}],"is_beta":true,"boss_relics":[{"not_picked":["Pandora\u0027s Box","Astrolabe"],"picked":"Cursed Key"},{"not_picked":["Snecko Eye","Calling Bell"],"picked":"Black Blood"}],"items_purged_floors":[3,30,53],"is_endless":false,"potions_floor_spawned":[4,10,13,23,28,31,33,39,40,44,47,54],"ascension_level":0}