{"gold_per_floor":[111,111,128,146,23,54,54,64,64,99,116,151,161,172,172,268,268,278,278,297,310,310,341,341,370,395,412,431,21,39,64,64,163,163,173,1172,1172,1172,1222,1257,1277,1290,1290,1316,834,863,874,885,885,885,885,885,125,151,151],"floor_reached":56,"playtime":4406,"items_purged":["Strike_G","Normality","Normality"],"score":1476,"play_id":"7b06894c-d7c4-464e-82cc-a7086fb8fd4d","local_time":"20190402134346","is_ascension_mode":true,"campfire_choices":[{"data":"Neutralize","floor":7,"key":"SMITH"},{"data":"Envenom","floor":15,"key":"SMITH"},{"floor":24,"key":"REST"},{"data":"A Thousand Cuts","floor":32,"key":"SMITH"},{"floor":49,"key":"RECALL"},{"data":"Well Laid Plans","floor":52,"key":"SMITH"}],"neow_cost":"NONE","seed_source_timestamp":1878775467854508,"circlet_count":0,"master_deck":["Defend_G","Defend_G","Defend_G","Defend_G","Defend_G","Strike_G","Strike_G","Strike_G","Strike_G","Survivor","Neutralize+1","Footwork","Crippling Poison","Dash","Masterful Stab+1","Flying Knee","Well Laid Plans","Predator","PiercingWail","Dagger Spray","Deflect","Envenom+1","A Thousand Cuts+1","Footwork+1","PiercingWail","Corpse Explosion","Blur","Endless Agony+1","Well Laid Plans+1","Cloak And Dagger","Bane","Dodge and Roll","Infinite Blades+1","Malaise","Prepared+1","Riddle With Holes+1","Dodge and Roll","Noxious Fumes","Doppelganger","Secret Technique","Deep Breath"],"relics":["Ring of the Snake","Lantern","Bronze Scales","Ornamental Fan","Oddly Smooth Stone","Pen Nib","Bottled Lightning","Runic Dome","Nilry\u0027s Codex","Strawberry","Nunchaku","Centennial Puzzle","Lee\u0027s Waffle","Darkstone Periapt","Busted Crown","Turnip","Blood Vial","Art of War","Happy Flower","Whetstone","Orichalcum","Snake Skull","Bag of Marbles"],"potions_floor_usage":[12,16,16,18,23,28,39,50,55,55,55,55,55],"damage_taken":[{"damage":0,"enemies":"2 Louse","floor":1,"turns":3},{"damage":0,"enemies":"Jaw Worm","floor":3,"turns":3},{"damage":0,"enemies":"Cultist","floor":4,"turns":3},{"damage":6,"enemies":"3 Sentries","floor":6,"turns":8},{"damage":0,"enemies":"Blue Slaver","floor":8,"turns":3},{"damage":0,"enemies":"Lagavulin","floor":10,"turns":9},{"damage":0,"enemies":"Exordium Wildlife","floor":11,"turns":2},{"damage":4,"enemies":"Gremlin Nob","floor":12,"turns":5},{"damage":0,"enemies":"2 Fungi Beasts","floor":13,"turns":2},{"damage":0,"enemies":"Looter","floor":14,"turns":2},{"damage":0,"enemies":"Slime Boss","floor":16,"turns":7},{"damage":4,"enemies":"Spheric Guardian","floor":18,"turns":4},{"damage":3,"enemies":"Shell Parasite","floor":20,"turns":5},{"damage":8,"enemies":"Centurion and Healer","floor":21,"turns":7},{"damage":13,"enemies":"Slavers","floor":23,"turns":5},{"damage":3,"enemies":"Gremlin Leader","floor":25,"turns":5},{"damage":4,"enemies":"Snake Plant","floor":27,"turns":4},{"damage":11,"enemies":"Snecko","floor":28,"turns":5},{"damage":5,"enemies":"Centurion and Healer","floor":30,"turns":7},{"damage":10,"enemies":"Book of Stabbing","floor":31,"turns":6},{"damage":22,"enemies":"Automaton","floor":33,"turns":11},{"damage":0,"enemies":"3 Shapes","floor":35,"turns":2},{"damage":7,"enemies":"2 Orb Walkers","floor":39,"turns":5},{"damage":4,"enemies":"Nemesis","floor":40,"turns":9},{"damage":7,"enemies":"3 Darklings","floor":41,"turns":4},{"damage":11,"enemies":"Maw","floor":42,"turns":8},{"damage":12,"enemies":"Reptomancer","floor":44,"turns":6},{"damage":13,"enemies":"Nemesis","floor":46,"turns":7},{"damage":23,"enemies":"Spire Growth","floor":47,"turns":7},{"damage":0,"enemies":"3 Darklings","floor":48,"turns":4},{"damage":16,"enemies":"Time Eater","floor":50,"turns":12},{"damage":4,"enemies":"Shield and Spear","floor":54,"turns":6},{"damage":37,"enemies":"The Heart","floor":55,"turns":10}],"seed_played":"2089166730848097160","potions_obtained":[{"floor":1,"key":"Ancient Potion"},{"floor":4,"key":"Fire Potion"},{"floor":6,"key":"GamblersBrew"},{"floor":13,"key":"AttackPotion"},{"floor":16,"key":"Block Potion"},{"floor":20,"key":"FearPotion"},{"floor":21,"key":"Energy Potion"},{"floor":33,"key":"Ancient Potion"},{"floor":35,"key":"LiquidBronze"},{"floor":41,"key":"EntropicBrew"}],"is_trial":false,"path_per_floor":["M","?","M","M","$","E","R","M","T","E","M","E","M","M","R","B",null,"M","?","M","M","?","E","R","E","T","M","M","$","M","E","R","B",null,"M","?","?","?","?","E","M","M","T","E","$","E","M","M","R","B",null,"R","$","E","B",null],"character_chosen":"THE_SILENT","items_purchased":["Masterful Stab","Flying Knee","Lee\u0027s Waffle","Well Laid Plans","Cloak And Dagger","Bane","PowerPotion","Noxious Fumes","Happy Flower","Whetstone","Snake Skull","Weak Potion","Doppelganger","Secret Technique","Deep Breath"],"campfire_rested":1,"item_purchase_floors":[5,5,29,29,29,29,45,45,45,45,53,53,53,53,53],"current_hp_per_floor":[70,58,58,58,58,52,52,52,52,52,52,48,48,48,48,48,70,66,50,47,39,26,20,44,41,41,37,26,89,84,74,74,52,89,89,101,101,96,89,85,80,71,71,61,61,50,29,31,31,17,96,96,96,92,57],"gold":151,"neow_bonus":"RANDOM_COMMON_RELIC","is_prod":false,"is_daily":false,"chose_seed":false,"campfire_upgraded":4,"win_rate":0,"timestamp":1554227026,"path_taken":["M","?","M","M","?","E","R","?","T","E","M","E","M","M","R","BOSS","M","?","M","M","?","E","R","E","T","M","M","?","M","E","R","BOSS","M","?","?","?","?","E","M","?","T","E","$","E","M","M","R","BOSS","R","$","E","BOSS"],"build_version":"2019-03-15","purchased_purges":3,"victory":true,"max_hp_per_floor":[70,70,70,70,70,70,70,70,70,70,70,70,70,70,70,70,70,70,70,70,70,75,82,82,82,82,82,82,89,89,89,89,89,89,89,101,101,96,96,96,96,96,96,96,96,96,96,96,96,96,96,96,96,96,96],"card_choices":[{"not_picked":["Heel Hook","Blade Dance"],"picked":"Footwork","floor":1},{"not_picked":["Underhanded Strike","Tactician"],"picked":"Crippling Poison","floor":3},{"not_picked":["Blade Dance","Slice"],"picked":"Dash","floor":4},{"not_picked":["Deadly Poison","Choke"],"picked":"Well Laid Plans","floor":6},{"not_picked":["Concentrate","Flying Knee","Quick Slash"],"picked":"SKIP","floor":8},{"not_picked":["Blur","Crippling Poison"],"picked":"Predator","floor":10},{"not_picked":["Eviscerate","Deflect"],"picked":"PiercingWail","floor":11},{"not_picked":["Distraction","Sucker Punch"],"picked":"Dagger Spray","floor":12},{"not_picked":["Dagger Throw","PiercingWail"],"picked":"Deflect","floor":13},{"not_picked":["Bane","Dagger Throw"],"picked":"Envenom","floor":14},{"not_picked":["Glass Knife","Adrenaline"],"picked":"A Thousand Cuts","floor":16},{"not_picked":["Poisoned Stab","Skewer+1","Underhanded Strike"],"picked":"SKIP","floor":18},{"not_picked":["Flechettes","Prepared"],"picked":"Footwork+1","floor":20},{"not_picked":["Blade Dance","Finisher"],"picked":"PiercingWail","floor":21},{"not_picked":["Concentrate","Crippling Poison"],"picked":"Corpse Explosion","floor":23},{"not_picked":["Concentrate","Tactician"],"picked":"Finisher+1","floor":25},{"not_picked":["Slice","Endless Agony+1"],"picked":"Blur","floor":27},{"not_picked":["Tactician","Predator+1"],"picked":"Endless Agony","floor":28},{"not_picked":["Calculated Gamble","Setup"],"picked":"Dodge and Roll","floor":30},{"not_picked":["Footwork","Deadly Poison"],"picked":"Infinite Blades+1","floor":31},{"not_picked":["Glass Knife","Doppelganger"],"picked":"Malaise","floor":33},{"not_picked":["Masterful Stab+1"],"picked":"SKIP","floor":35},{"not_picked":[],"picked":"Prepared+1","floor":40},{"not_picked":[],"picked":"Riddle With Holes+1","floor":41},{"not_picked":["Footwork"],"picked":"SKIP","floor":42},{"not_picked":[],"picked":"Dodge and Roll","floor":44},{"not_picked":["Poisoned Stab"],"picked":"SKIP","floor":46},{"not_picked":["All Out Attack"],"picked":"SKIP","floor":47},{"not_picked":["Flying Knee"],"picked":"SKIP","floor":48},{"not_picked":["Quick Slash+1"],"picked":"SKIP","floor":54}],"player_experience":5119281,"relics_obtained":[{"floor":6,"key":"Ornamental Fan"},{"floor":9,"key":"Oddly Smooth Stone"},{"floor":10,"key":"Pen Nib"},{"floor":12,"key":"Bottled Lightning"},{"floor":19,"key":"Nilry\u0027s Codex"},{"floor":23,"key":"Strawberry"},{"floor":25,"key":"Nunchaku"},{"floor":26,"key":"Centennial Puzzle"},{"floor":31,"key":"Darkstone Periapt"},{"floor":39,"key":"Turnip"},{"floor":40,"key":"Blood Vial"},{"floor":44,"key":"Art of War"},{"floor":46,"key":"Orichalcum"},{"floor":54,"key":"Bag of Marbles"}],"event_choices":[{"damage_healed":0,"gold_gain":0,"player_choice":"Success","damage_taken":12,"relics_obtained":["Bronze Scales"],"max_hp_gain":0,"max_hp_loss":0,"event_name":"Scrap Ooze","floor":2,"gold_loss":0},{"damage_healed":0,"gold_gain":0,"player_choice":"Obtained Book","damage_taken":16,"max_hp_gain":0,"max_hp_loss":0,"event_name":"Cursed Tome","floor":19,"gold_loss":0},{"damage_healed":0,"gold_gain":0,"player_choice":"Shed Blood","damage_taken":18,"max_hp_gain":5,"max_hp_loss":0,"event_name":"Forgotten Altar","floor":22,"gold_loss":0},{"damage_healed":0,"gold_gain":999,"player_choice":"Gold","damage_taken":0,"max_hp_gain":0,"max_hp_loss":0,"event_name":"MindBloom","floor":36,"gold_loss":0,"cards_obtained":["Normality","Normality"]},{"cards_removed":["Finisher"],"damage_healed":0,"gold_gain":0,"player_choice":"Removed Attack","damage_taken":0,"max_hp_gain":0,"max_hp_loss":0,"event_name":"Falling","floor":37,"gold_loss":0},{"damage_healed":0,"gold_gain":0,"player_choice":"Max HP","damage_taken":0,"max_hp_gain":0,"max_hp_loss":5,"event_name":"Winding Halls","floor":38,"gold_loss":0},{"damage_healed":0,"gold_gain":0,"player_choice":"Fight","damage_taken":0,"max_hp_gain":0,"max_hp_loss":0,"event_name":"Mysterious Sphere","floor":39,"gold_loss":0}],"is_beta":true,"boss_relics":[{"not_picked":["Velvet Choker","Ectoplasm"],"picked":"Runic Dome"},{"not_picked":["Astrolabe","Fusion Hammer"],"picked":"Busted Crown"}],"items_purged_floors":[29,45,53],"is_endless":false,"potions_floor_spawned":[1,4,6,13,14,16,20,21,33,35,41,42,46,47],"ascension_level":1}