{"gold_per_floor":[110,185,185,200,216,216,245,245,271,287,130,130,130,146,146,251,251,267,285,92,110,110,110,120,20,95,108,108,108,126,139,139,240,240,250,250,250,267,286,286,304,329,329,354,116,116,132,142,142,142],"floor_reached":51,"playtime":3181,"items_purged":["Strike_G","Normality"],"score":839,"play_id":"fd9ab662-1611-4c86-a29f-6cc8142526db","local_time":"20180712123241","is_ascension_mode":true,"campfire_choices":[{"floor":6,"key":"REST"},{"data":"Die Die Die","floor":13,"key":"SMITH"},{"floor":15,"key":"REST"},{"data":"Adrenaline","floor":23,"key":"SMITH"},{"floor":28,"key":"REST"},{"data":"Accuracy","floor":32,"key":"SMITH"},{"data":"Footwork","floor":40,"key":"SMITH"},{"floor":46,"key":"REST"},{"data":"Infinite Blades","floor":49,"key":"SMITH"}],"neow_cost":"FIFTY_PERCENT_DAMAGE","seed_source_timestamp":1012277598603241,"circlet_count":0,"master_deck":["Defend_G+1","Defend_G+1","Defend_G+1","Defend_G+1","Defend_G+1","Strike_G+1","Strike_G+1","Strike_G+1","Strike_G+1","Survivor","Neutralize+1","Blade Dance+1","Prepared","Backstab","Terror","Flying Knee","Accuracy+1","Die Die Die+1","Die Die Die","Adrenaline+1","Well Laid Plans","Footwork+1","Cloak And Dagger+1","Burst","Bouncing Flask","Sadistic Nature","Infinite Blades+1","Concentrate+1"],"relics":["Ring of the Snake","Dead Branch","Centennial Puzzle","Omamori","Calling Bell","Pen Nib","Ornamental Fan","Sundial","Singing Bowl","Bottled Lightning","Eternal Feather","Regal Pillow","Shuriken","Bag of Marbles","Meat on the Bone"],"potions_floor_usage":[10,14,18,27,33],"damage_taken":[{"damage":1,"enemies":"2 Louse","floor":1,"turns":3},{"damage":0,"enemies":"Small Slimes","floor":4,"turns":2},{"damage":0,"enemies":"Cultist","floor":5,"turns":3},{"damage":0,"enemies":"Gremlin Nob","floor":7,"turns":2},{"damage":0,"enemies":"Blue Slaver","floor":10,"turns":2},{"damage":0,"enemies":"2 Fungi Beasts","floor":14,"turns":2},{"damage":40,"enemies":"The Guardian","floor":16,"turns":8},{"damage":10,"enemies":"2 Thieves","floor":18,"turns":2},{"damage":0,"enemies":"Spheric Guardian","floor":19,"turns":1},{"damage":11,"enemies":"Snecko","floor":21,"turns":4},{"damage":8,"enemies":"Snake Plant","floor":24,"turns":5},{"damage":6,"enemies":"Slaver and Parasite","floor":27,"turns":2},{"damage":0,"enemies":"Snecko","floor":30,"turns":5},{"damage":0,"enemies":"Centurion and Healer","floor":31,"turns":2},{"damage":46,"enemies":"Collector","floor":33,"turns":10},{"damage":0,"enemies":"Orb Walker","floor":35,"turns":2},{"damage":17,"enemies":"3 Darklings","floor":38,"turns":3},{"damage":0,"enemies":"Sphere and 2 Shapes","floor":39,"turns":3},{"damage":21,"enemies":"4 Shapes","floor":41,"turns":3},{"damage":5,"enemies":"Giant Head","floor":42,"turns":5},{"damage":25,"enemies":"2 Orb Walkers","floor":44,"turns":3},{"damage":5,"enemies":"3 Darklings","floor":47,"turns":3},{"damage":8,"enemies":"Sphere and 2 Shapes","floor":48,"turns":1},{"damage":50,"enemies":"Donu and Deca","floor":50,"turns":7}],"seed_played":"5108177449725557266","potions_obtained":[{"floor":4,"key":"PowerPotion"},{"floor":5,"key":"AttackPotion"},{"floor":10,"key":"SteroidPotion"},{"floor":14,"key":"Poison Potion"},{"floor":30,"key":"FearPotion"},{"floor":33,"key":"Weak Potion"},{"floor":41,"key":"EssenceOfSteel"},{"floor":44,"key":"Energy Potion"}],"is_trial":false,"path_per_floor":["M","?","?","M","M","R","E","?","T","M","$","?","R","M","R","B",null,"M","M","$","M","?","R","M","$","T","M","R","$","M","M","R","B",null,"M","?","?","M","M","R","M","E","T","E","$","R","M","M","R","B"],"character_chosen":"THE_SILENT","items_purchased":["Accuracy","Singing Bowl","Footwork","Meat on the Bone"],"campfire_rested":4,"item_purchase_floors":[11,20,20,45],"current_hp_per_floor":[34,23,23,23,23,44,44,30,30,30,30,30,30,30,51,11,70,60,60,60,51,51,51,43,43,43,39,61,61,63,65,65,19,78,80,80,80,65,67,77,56,53,53,30,30,81,76,70,80,42],"gold":142,"neow_bonus":"ONE_RARE_RELIC","is_prod":false,"is_daily":false,"chose_seed":false,"campfire_upgraded":5,"win_rate":0,"timestamp":1531409561,"path_taken":["M","?","?","M","M","R","E","?","T","?","$","?","R","M","R","BOSS","M","?","$","M","?","R","M","$","T","M","R","?","M","M","R","BOSS","M","?","?","M","M","R","M","E","T","E","$","R","M","M","R","BOSS"],"build_version":"2018-07-05","purchased_purges":2,"victory":true,"max_hp_per_floor":[70,70,70,70,70,70,70,70,70,70,70,70,70,70,70,70,70,70,70,70,72,72,72,72,72,72,74,74,74,76,78,78,78,78,80,80,80,82,84,84,84,86,86,88,88,88,88,90,90,90],"card_choices":[{"not_picked":["Backflip","Prepared"],"picked":"Blade Dance","floor":1},{"not_picked":["Acrobatics","Dodge and Roll"],"picked":"Prepared","floor":4},{"not_picked":["Dagger Throw","Quick Slash"],"picked":"Backstab","floor":5},{"not_picked":["Crippling Poison","Acrobatics"],"picked":"Terror","floor":7},{"not_picked":["Setup","Terror"],"picked":"Flying Knee","floor":10},{"not_picked":["Blur","Poisoned Stab"],"picked":"Die Die Die","floor":14},{"not_picked":["Night Terror","Grand Finale"],"picked":"Adrenaline","floor":16},{"not_picked":["Outmaneuver","Deflect","Dash"],"picked":"SKIP","floor":18},{"not_picked":["Cloak And Dagger","PiercingWail+1"],"picked":"Well Laid Plans","floor":19},{"not_picked":["Acrobatics+1","Quick Slash","All Out Attack"],"picked":"Singing Bowl","floor":21},{"not_picked":["Poisoned Stab","Envenom"],"picked":"Cloak And Dagger+1","floor":24},{"not_picked":["Backflip+1","Deadly Poison","Slice+1"],"picked":"Singing Bowl","floor":27},{"not_picked":["Escape Plan+1","Backflip","Footwork"],"picked":"Singing Bowl","floor":30},{"not_picked":["Deadly Poison+1","Prepared","Poisoned Stab"],"picked":"Singing Bowl","floor":31},{"not_picked":["Wraith Form v2","A Thousand Cuts"],"picked":"Burst","floor":33},{"not_picked":["PiercingWail","Sucker Punch+1","Deflect+1"],"picked":"Singing Bowl","floor":35},{"not_picked":["Secret Technique","Secret Weapon"],"picked":"Sadistic Nature","floor":37},{"not_picked":["Cloak And Dagger","PiercingWail","Flying Knee"],"picked":"Singing Bowl","floor":38},{"not_picked":["Sucker Punch+1","Outmaneuver+1","Dagger Spray+1"],"picked":"Singing Bowl","floor":39},{"not_picked":["Terror+1","Corpse Explosion"],"picked":"Infinite Blades","floor":41},{"not_picked":["Reflex","Cloak And Dagger+1","Accuracy"],"picked":"Singing Bowl","floor":42},{"not_picked":["Sucker Punch+1","Poisoned Stab","Terror"],"picked":"Singing Bowl","floor":44},{"not_picked":["PiercingWail","Underhanded Strike+1"],"picked":"Concentrate+1","floor":47},{"not_picked":["Masterful Stab+1","Distraction+1","Underhanded Strike+1"],"picked":"Singing Bowl","floor":48}],"player_experience":432037,"relics_obtained":[{"floor":7,"key":"Centennial Puzzle"},{"floor":9,"key":"Omamori"},{"floor":17,"key":"Pen Nib"},{"floor":17,"key":"Ornamental Fan"},{"floor":17,"key":"Sundial"},{"floor":26,"key":"Bottled Lightning"},{"floor":42,"key":"Regal Pillow"},{"floor":43,"key":"Shuriken"},{"floor":44,"key":"Bag of Marbles"}],"event_choices":[{"event_name":"World of Goop","player_choice":"Gather Gold","floor":2,"damage_taken":0},{"event_name":"Living Wall","player_choice":"Grow","floor":3,"damage_taken":0},{"event_name":"Shining Light","player_choice":"Entered Light","floor":8,"damage_taken":0},{"event_name":"Match and Keep!","player_choice":"2 cards matched","floor":12,"damage_taken":0},{"event_name":"Back to Basics","player_choice":"Simplicity","floor":22,"damage_taken":0},{"event_name":"Transmorgrifier","player_choice":"Transform","floor":36,"damage_taken":0},{"event_name":"SensoryStone","player_choice":"Memory 1","floor":37,"damage_taken":0}],"boss_relics":[{"not_picked":["Busted Crown","Tiny House"],"picked":"Calling Bell"},{"not_picked":["Lizard Tail","Runic Pyramid"],"picked":"Eternal Feather"}],"items_purged_floors":[11,25],"is_endless":false,"potions_floor_spawned":[4,5,10,14,21,30,33,38,39,41,44,47],"ascension_level":3}