{"gold_per_floor":[17,17,27,102,114,114,8,8,8,25,51,1,14,14,14,117,117,133,143,143,159,174,174,187,200,223,223,72,72,72,87,87,189,189,205,205,215,264,364,364,396,396,419,419,434,444,462,474,474,474],"floor_reached":51,"playtime":1927,"items_purged":[],"score":977,"play_id":"ee8b992b-c8fb-443c-a773-c23c492810d4","local_time":"20190113021302","is_ascension_mode":true,"campfire_choices":[{"floor":6,"key":"REST"},{"data":"White Noise","floor":8,"key":"SMITH"},{"floor":15,"key":"REST"},{"floor":23,"key":"REST"},{"floor":27,"key":"REST"},{"floor":30,"key":"REST"},{"floor":32,"key":"REST"},{"data":"Creative AI","floor":40,"key":"SMITH"},{"data":"Echo Form","floor":44,"key":"SMITH"},{"floor":49,"key":"REST"}],"neow_cost":"NO_GOLD","seed_source_timestamp":405620806059076,"circlet_count":0,"master_deck":["Strike_B","Strike_B","Defend_B","Defend_B","Defend_B","Zap","Dualcast","Electrodynamics","Leap","Barrage","Storm","Ball Lightning","White Noise+1","Hello World","Seek","Sweeping Beam","Sweeping Beam","Creative AI+1","Heatsinks+1","Conserve Battery","Static Discharge","Go for the Eyes+1","Conserve Battery","Capacitor+1","Seek","Static Discharge","Heatsinks","Echo Form+1","Ball Lightning+1","Madness","Madness","Conserve Battery","Conserve Battery+1","Heatsinks+1","Conserve Battery","Thunder Strike","Turbo+1","Steam+1","Barrage","Storm","Heatsinks+1","Leap+1","Coolheaded+1"],"relics":["Cracked Core","Bronze Scales","Dodecahedron","Bird Faced Urn","Blood Vial","Inserter","Art of War","Runic Dome","Prayer Wheel","Gambling Chip","Orichalcum","Oddly Smooth Stone"],"potions_floor_usage":[11,21,24,24,24,25,35,38,46,50,50],"damage_taken":[{"damage":6,"enemies":"Cultist","floor":1,"turns":4},{"damage":0,"enemies":"2 Louse","floor":3,"turns":2},{"damage":2,"enemies":"Jaw Worm","floor":5,"turns":3},{"damage":8,"enemies":"Red Slaver","floor":10,"turns":3},{"damage":28,"enemies":"Gremlin Nob","floor":11,"turns":4},{"damage":4,"enemies":"Blue Slaver","floor":13,"turns":2},{"damage":39,"enemies":"The Guardian","floor":16,"turns":9},{"damage":7,"enemies":"Chosen","floor":18,"turns":4},{"damage":17,"enemies":"Spheric Guardian","floor":19,"turns":3},{"damage":36,"enemies":"Snake Plant","floor":21,"turns":4},{"damage":41,"enemies":"Shelled Parasite and Fungi","floor":22,"turns":6},{"damage":25,"enemies":"Snecko","floor":24,"turns":5},{"damage":10,"enemies":"Cultist and Chosen","floor":25,"turns":4},{"damage":28,"enemies":"Snake Plant","floor":31,"turns":2},{"damage":83,"enemies":"Automaton","floor":33,"turns":8},{"damage":24,"enemies":"Orb Walker","floor":35,"turns":4},{"damage":0,"enemies":"3 Shapes","floor":37,"turns":3},{"damage":24,"enemies":"2 Orb Walkers","floor":38,"turns":3},{"damage":12,"enemies":"Mind Bloom Boss Battle","floor":39,"turns":5},{"damage":22,"enemies":"Nemesis","floor":41,"turns":5},{"damage":33,"enemies":"3 Darklings","floor":45,"turns":2},{"damage":14,"enemies":"4 Shapes","floor":46,"turns":4},{"damage":0,"enemies":"Maw","floor":47,"turns":5},{"damage":50,"enemies":"Jaw Worm Horde","floor":48,"turns":3},{"damage":51,"enemies":"Awakened One","floor":50,"turns":7}],"seed_played":"-5033253340083452711","potions_obtained":[{"floor":5,"key":"EssenceOfSteel"},{"floor":10,"key":"SkillPotion"},{"floor":11,"key":"Strength Potion"},{"floor":19,"key":"Block Potion"},{"floor":21,"key":"Swift Potion"},{"floor":22,"key":"Block Potion"},{"floor":24,"key":"SkillPotion"},{"floor":31,"key":"Weak Potion"},{"floor":35,"key":"SpeedPotion"},{"floor":39,"key":"Explosive Potion"},{"floor":41,"key":"EssenceOfSteel"},{"floor":45,"key":"EssenceOfSteel"}],"is_trial":false,"path_per_floor":["M","?","M","?","M","R","$","R","T","M","E","?","M","$","R","B",null,"M","M","?","M","M","R","M","M","T","R","$","?","R","M","R","B",null,"M","?","M","?","?","R","E","?","T","R","M","M","M","M","R","B",null],"character_chosen":"DEFECT","items_purchased":["White Noise","Hello World","Seek","Static Discharge"],"campfire_rested":7,"item_purchase_floors":[7,7,28,28],"current_hp_per_floor":[62,44,44,33,31,53,53,53,53,45,17,17,23,23,45,16,60,61,56,56,36,13,35,26,32,32,54,54,54,75,49,71,8,58,52,43,57,55,75,75,61,61,61,61,42,46,75,41,63,62],"gold":474,"neow_bonus":"TRANSFORM_TWO_CARDS","is_prod":false,"is_daily":false,"chose_seed":false,"campfire_upgraded":3,"win_rate":0,"timestamp":1547356382,"path_taken":["M","?","M","?","M","R","?","R","T","?","E","?","M","$","R","BOSS","M","M","?","?","M","R","M","M","T","R","$","?","R","M","R","BOSS","M","?","M","?","?","R","E","?","T","R","M","?","M","M","R","BOSS"],"build_version":"2019-01-10","purchased_purges":0,"victory":true,"max_hp_per_floor":[75,75,75,75,75,75,75,75,75,75,75,75,75,75,75,75,75,75,75,75,75,75,75,75,75,75,75,75,75,75,75,75,75,75,75,75,75,75,75,75,75,75,75,75,75,75,75,75,75,75],"card_choices":[{"not_picked":["Sweeping Beam","Cold Snap"],"picked":"Barrage","floor":1},{"not_picked":["Barrage","Steam"],"picked":"Storm","floor":3},{"not_picked":["Go for the Eyes","Chaos"],"picked":"Ball Lightning","floor":5},{"not_picked":["Genetic Algorithm","Blizzard"],"picked":"Seek","floor":10},{"not_picked":["Coolheaded","Skim"],"picked":"Sweeping Beam","floor":11},{"not_picked":["Undo","Recycle"],"picked":"Sweeping Beam","floor":13},{"not_picked":["Core Surge","Amplify"],"picked":"Creative AI","floor":16},{"not_picked":["Genetic Algorithm+1","Static Discharge"],"picked":"Heatsinks+1","floor":18},{"not_picked":["Ball Lightning","Consume"],"picked":"Conserve Battery","floor":19},{"not_picked":["Melter+1","Heatsinks"],"picked":"Static Discharge","floor":21},{"not_picked":["Stack+1","Tempest"],"picked":"Go for the Eyes+1","floor":22},{"not_picked":["Streamline","Compile Driver"],"picked":"Conserve Battery","floor":24},{"not_picked":["Stack","Force Field+1"],"picked":"Capacitor+1","floor":25},{"not_picked":["Sweeping Beam","Turbo"],"picked":"Heatsinks","floor":31},{"not_picked":["Machine Learning","Multi-Cast"],"picked":"Echo Form","floor":33},{"not_picked":["Gash+1","Redo+1"],"picked":"Ball Lightning+1","floor":35},{"not_picked":["Compile Driver","Rebound"],"picked":"Conserve Battery","floor":37},{"not_picked":["Reinforced Body+1","Coolheaded"],"picked":"Conserve Battery+1","floor":38},{"not_picked":["Rebound+1","Skim"],"picked":"Heatsinks+1","floor":39},{"not_picked":["Gash","White Noise"],"picked":"Conserve Battery","floor":41},{"not_picked":["Undo+1","Hologram"],"picked":"Thunder Strike","floor":45},{"not_picked":["Redo","Glacier"],"picked":"Turbo+1","floor":45},{"not_picked":["Barrage","Ball Lightning+1"],"picked":"Steam+1","floor":46},{"not_picked":["Cold Snap+1","Rip and Tear+1"],"picked":"Barrage","floor":46},{"not_picked":["Sunder","Lockon"],"picked":"Storm","floor":47},{"not_picked":["Fusion+1","Conserve Battery"],"picked":"Heatsinks+1","floor":47},{"not_picked":["Compile Driver","Hologram"],"picked":"Leap+1","floor":48},{"not_picked":["Sweeping Beam","Conserve Battery"],"picked":"Coolheaded+1","floor":48}],"player_experience":615527,"relics_obtained":[{"floor":9,"key":"Dodecahedron"},{"floor":11,"key":"Bird Faced Urn"},{"floor":26,"key":"Art of War"},{"floor":38,"key":"Prayer Wheel"},{"floor":39,"key":"Gambling Chip"},{"floor":41,"key":"Orichalcum"},{"floor":43,"key":"Oddly Smooth Stone"}],"event_choices":[{"damage_healed":0,"gold_gain":0,"player_choice":"Success","damage_taken":18,"relics_obtained":["Bronze Scales"],"max_hp_gain":0,"max_hp_loss":0,"event_name":"Scrap Ooze","floor":2,"gold_loss":0},{"damage_healed":0,"gold_gain":75,"player_choice":"Gather Gold","damage_taken":11,"max_hp_gain":0,"max_hp_loss":0,"event_name":"World of Goop","floor":4,"gold_loss":0},{"damage_healed":0,"gold_gain":0,"player_choice":"Paid Gold","damage_taken":0,"relics_obtained":["Blood Vial"],"max_hp_gain":0,"max_hp_loss":0,"event_name":"WeMeetAgain","floor":12,"gold_loss":50},{"cards_removed":["Strike_B"],"damage_healed":0,"gold_gain":0,"player_choice":"Offered Basic","damage_taken":0,"max_hp_gain":0,"max_hp_loss":0,"event_name":"Bonfire Elementals","floor":20,"gold_loss":0},{"damage_healed":0,"gold_gain":0,"player_choice":"Embrace Madness","damage_taken":9,"max_hp_gain":0,"max_hp_loss":0,"event_name":"Winding Halls","floor":36,"gold_loss":0,"cards_obtained":["Madness","Madness"]},{"damage_healed":0,"gold_gain":0,"player_choice":"Fight","damage_taken":0,"max_hp_gain":0,"max_hp_loss":0,"event_name":"Mysterious Sphere","floor":38,"gold_loss":0},{"damage_healed":0,"gold_gain":0,"player_choice":"Fight","damage_taken":0,"max_hp_gain":0,"max_hp_loss":0,"event_name":"MindBloom","floor":39,"gold_loss":0},{"damage_healed":0,"gold_gain":0,"player_choice":"Ignored","damage_taken":0,"max_hp_gain":0,"max_hp_loss":0,"event_name":"Purifier","floor":42,"gold_loss":0}],"is_beta":false,"boss_relics":[{"not_picked":["Snecko Eye","Coffee Dripper"],"picked":"Inserter"},{"not_picked":["Empty Cage","Astrolabe"],"picked":"Runic Dome"}],"items_purged_floors":[],"is_endless":false,"potions_floor_spawned":[5,10,11,19,21,22,24,31,35,39,41,45],"ascension_level":7}