{"gold_per_floor":[215,14,14,14,14,55,55,89,89,112,145,165,165,180,180,306,306,325,325,250,58,58,92,92,120,120,152,152,2,2,30,30,126,126,136,147,147,147,21,55,66,66,66,66,66,101,101,101,101,101,101,101,12,45,45],"floor_reached":56,"playtime":2962,"items_purged":["Defend_G","Pain"],"score":1468,"play_id":"5d40257c-d9e7-4616-a814-7fd2d7b3431a","local_time":"20190320041639","is_ascension_mode":true,"campfire_choices":[{"floor":7,"key":"REST"},{"data":"Noxious Fumes","floor":15,"key":"SMITH"},{"data":"A Thousand Cuts","floor":24,"key":"SMITH"},{"data":"Footwork","floor":32,"key":"SMITH"},{"data":"After Image","floor":42,"key":"SMITH"},{"floor":49,"key":"RECALL"},{"data":"Infinite Blades","floor":52,"key":"SMITH"}],"neow_cost":"NONE","seed_source_timestamp":722987137725603,"circlet_count":0,"master_deck":["Defend_G","Defend_G","Defend_G","Defend_G","Strike_G","Strike_G+1","Strike_G","Strike_G+1","Survivor","Neutralize","PiercingWail","Infinite Blades+1","Backflip","Noxious Fumes+1","Sucker Punch","Masterful Stab","Cloak And Dagger","Crippling Poison","Deadly Poison","Burst","PiercingWail","Backflip","A Thousand Cuts+1","Heel Hook","Leg Sweep","Malaise","Necronomicurse","Footwork+1","After Image+1","Terror+1","After Image+1","Footwork","Concentrate","Endless Agony","Sadistic Nature","Impatience","Mayhem","Predator+1","Infinite Blades","Dash+1"],"relics":["Ring of the Snake","Bloody Idol","Question Card","Regal Pillow","Torii","Letter Opener","Black Star","Blood Vial","Shuriken","Juzu Bracelet","Matryoshka","Mummified Hand","Bag of Preparation","Potion Belt","Meat on the Bone","Pear","Pantograph","Smiling Mask","Necronomicon","Snake Skull","Ice Cream","Runic Dome","WarpedTongs","StoneCalendar","Oddly Smooth Stone","Omamori","PreservedInsect","Molten Egg 2","Bronze Scales","Kunai","Lantern","The Specimen"],"potions_floor_usage":[6,16,16,23,31,31,33,55,55,55,55,55],"damage_taken":[{"damage":0,"enemies":"Cultist","floor":1,"turns":4},{"damage":23,"enemies":"3 Sentries","floor":6,"turns":12},{"damage":16,"enemies":"Lagavulin","floor":8,"turns":9},{"damage":1,"enemies":"Jaw Worm","floor":10,"turns":3},{"damage":14,"enemies":"3 Sentries","floor":11,"turns":6},{"damage":0,"enemies":"2 Louse","floor":12,"turns":3},{"damage":1,"enemies":"Exordium Wildlife","floor":14,"turns":4},{"damage":10,"enemies":"The Guardian","floor":16,"turns":9},{"damage":10,"enemies":"Shell Parasite","floor":18,"turns":7},{"damage":10,"enemies":"Book of Stabbing","floor":23,"turns":9},{"damage":2,"enemies":"Gremlin Leader","floor":25,"turns":7},{"damage":21,"enemies":"Book of Stabbing","floor":27,"turns":6},{"damage":1,"enemies":"Slavers","floor":31,"turns":3},{"damage":40,"enemies":"Automaton","floor":33,"turns":9},{"damage":3,"enemies":"3 Darklings","floor":35,"turns":4},{"damage":1,"enemies":"3 Shapes","floor":36,"turns":3},{"damage":0,"enemies":"Giant Head","floor":40,"turns":8},{"damage":1,"enemies":"Maw","floor":41,"turns":6},{"damage":0,"enemies":"Nemesis","floor":46,"turns":5},{"damage":9,"enemies":"Awakened One","floor":50,"turns":11},{"damage":0,"enemies":"Shield and Spear","floor":54,"turns":5},{"damage":39,"enemies":"The Heart","floor":55,"turns":8}],"seed_played":"1559262302368498510","potions_obtained":[{"floor":1,"key":"SteroidPotion"},{"floor":11,"key":"Energy Potion"},{"floor":13,"key":"Explosive Potion"},{"floor":13,"key":"FearPotion"},{"floor":13,"key":"GhostInAJar"},{"floor":14,"key":"PowerPotion"},{"floor":18,"key":"Block Potion"},{"floor":27,"key":"SpeedPotion"},{"floor":31,"key":"SkillPotion"},{"floor":33,"key":"GamblersBrew"},{"floor":35,"key":"Ancient Potion"},{"floor":46,"key":"LiquidBronze"},{"floor":54,"key":"Explosive Potion"}],"is_trial":false,"path_per_floor":["M","$","?","?","?","E","R","E","T","M","E","M","?","M","R","B",null,"M","?","?","$","T","E","R","E","T","E","?","$","?","E","R","B",null,"M","M","?","?","$","E","M","R","T","?","T","E","?","?","R","B",null,"R","$","E","B",null],"character_chosen":"THE_SILENT","items_purchased":["Infinite Blades","Backflip","Blood Vial","Backflip","Leg Sweep","Malaise","Footwork","Infinite Blades","Weak Potion"],"campfire_rested":1,"item_purchase_floors":[2,2,21,21,29,29,39,53,53],"current_hp_per_floor":[70,70,56,56,44,21,55,39,39,38,24,24,24,23,23,13,65,55,55,55,55,55,52,52,57,57,53,53,53,37,43,43,47,75,75,75,75,68,68,75,75,75,75,65,65,72,72,72,72,66,75,75,75,75,48],"gold":45,"neow_bonus":"HUNDRED_GOLD","is_prod":false,"is_daily":false,"chose_seed":false,"campfire_upgraded":5,"win_rate":0,"timestamp":1553069799,"path_taken":["M","$","?","?","?","E","R","E","T","?","E","M","?","?","R","BOSS","M","?","?","?","?","E","R","E","T","E","?","?","?","E","R","BOSS","M","M","?","?","?","E","M","R","T","?","?","E","?","?","R","BOSS","R","$","E","BOSS"],"build_version":"2019-03-15","purchased_purges":2,"victory":true,"max_hp_per_floor":[70,70,70,65,65,65,65,65,65,65,65,65,65,65,65,65,65,65,65,65,65,65,65,65,65,65,75,75,75,75,75,75,75,75,75,75,75,75,75,75,75,75,75,75,75,75,75,75,75,75,75,75,75,75,75],"card_choices":[{"not_picked":["Distraction","Deflect"],"picked":"PiercingWail","floor":1},{"not_picked":["Bane","PiercingWail","Terror"],"picked":"Noxious Fumes","floor":6},{"not_picked":["Bane","Riddle With Holes","Eviscerate"],"picked":"Sucker Punch","floor":8},{"not_picked":["Flechettes","Blade Dance","Prepared"],"picked":"Masterful Stab","floor":10},{"not_picked":["Bullet Time","Flechettes","Quick Slash"],"picked":"Cloak And Dagger","floor":11},{"not_picked":["PiercingWail","Poisoned Stab","Sucker Punch"],"picked":"Crippling Poison","floor":12},{"not_picked":["Slice","Blade Dance","Blur"],"picked":"Deadly Poison","floor":14},{"not_picked":["Tools of the Trade","Storm of Steel","Grand Finale"],"picked":"Burst","floor":16},{"not_picked":["Masterful Stab+1","Acrobatics","Riddle With Holes+1"],"picked":"PiercingWail","floor":18},{"not_picked":["Dagger Spray","Calculated Gamble","Blur"],"picked":"A Thousand Cuts","floor":23},{"not_picked":["Expertise","All Out Attack","Deadly Poison","Reflex"],"picked":"SKIP","floor":25},{"not_picked":["Blur","Slice","Cloak And Dagger"],"picked":"Heel Hook","floor":27},{"not_picked":["PiercingWail+1","Infinite Blades","Deadly Poison"],"picked":"Footwork","floor":31},{"not_picked":["Bullet Time","Tools of the Trade","Venomology"],"picked":"After Image","floor":33},{"not_picked":["Sucker Punch","Backflip+1","Prepared+1"],"picked":"Terror+1","floor":35},{"not_picked":["Outmaneuver+1","Dagger Throw+1","Slice"],"picked":"After Image","floor":36},{"not_picked":["Footwork+1","Backflip","Flying Knee"],"picked":"Concentrate","floor":40},{"not_picked":["Underhanded Strike+1","Dodge and Roll","Finisher"],"picked":"Endless Agony","floor":41},{"not_picked":["Mind Blast","Dramatic Entrance","PanicButton"],"picked":"Sadistic Nature","floor":44},{"not_picked":["Purity","Blind","PanicButton"],"picked":"Impatience","floor":44},{"not_picked":["Trip","Dark Shackles","Forethought"],"picked":"Mayhem","floor":44},{"not_picked":["Endless Agony+1","Heel Hook+1","Deadly Poison+1"],"picked":"Predator+1","floor":46},{"not_picked":["Backstab+1","Underhanded Strike+1","Finisher+1"],"picked":"Dash+1","floor":54}],"player_experience":4952146,"relics_obtained":[{"floor":6,"key":"Regal Pillow"},{"floor":8,"key":"Torii"},{"floor":11,"key":"Letter Opener"},{"floor":22,"key":"Shuriken"},{"floor":23,"key":"Juzu Bracelet"},{"floor":23,"key":"Matryoshka"},{"floor":25,"key":"Mummified Hand"},{"floor":25,"key":"Bag of Preparation"},{"floor":26,"key":"Potion Belt"},{"floor":26,"key":"Meat on the Bone"},{"floor":27,"key":"Pear"},{"floor":27,"key":"Pantograph"},{"floor":30,"key":"Necronomicon"},{"floor":31,"key":"Snake Skull"},{"floor":31,"key":"Ice Cream"},{"floor":40,"key":"StoneCalendar"},{"floor":40,"key":"Oddly Smooth Stone"},{"floor":43,"key":"Omamori"},{"floor":43,"key":"PreservedInsect"},{"floor":45,"key":"Molten Egg 2"},{"floor":46,"key":"Bronze Scales"},{"floor":46,"key":"Kunai"},{"floor":54,"key":"Lantern"},{"floor":54,"key":"The Specimen"}],"event_choices":[{"damage_healed":0,"gold_gain":0,"player_choice":"Entered Light","damage_taken":14,"max_hp_gain":0,"max_hp_loss":0,"event_name":"Shining Light","floor":3,"gold_loss":0,"cards_upgraded":["Strike_G","Strike_G"]},{"damage_healed":0,"gold_gain":0,"player_choice":"Lose Max HP","damage_taken":0,"relics_obtained":["Golden Idol"],"max_hp_gain":0,"max_hp_loss":5,"event_name":"Golden Idol","floor":4,"gold_loss":0},{"damage_healed":0,"gold_gain":0,"player_choice":"Success","damage_taken":12,"relics_obtained":["Question Card"],"max_hp_gain":0,"max_hp_loss":0,"event_name":"Scrap Ooze","floor":5,"gold_loss":0},{"damage_healed":0,"gold_gain":0,"player_choice":"Got Potions","damage_taken":0,"max_hp_gain":0,"max_hp_loss":0,"event_name":"Lab","floor":13,"gold_loss":0},{"damage_healed":0,"gold_gain":0,"player_choice":"Gave Idol","damage_taken":0,"relics_obtained":["Bloody Idol"],"max_hp_gain":0,"max_hp_loss":0,"event_name":"Forgotten Altar","floor":19,"relics_lost":["Golden Idol"],"gold_loss":0},{"cards_removed":["Strike_G"],"damage_healed":0,"gold_gain":0,"player_choice":"Gave Gold","damage_taken":0,"max_hp_gain":0,"max_hp_loss":0,"event_name":"Beggar","floor":20,"gold_loss":75},{"damage_healed":0,"gold_gain":0,"player_choice":"Opened","damage_taken":0,"relics_obtained":["Smiling Mask"],"max_hp_gain":0,"max_hp_loss":0,"event_name":"The Mausoleum","floor":28,"gold_loss":0},{"damage_healed":0,"gold_gain":0,"player_choice":"Obtained Book","damage_taken":16,"max_hp_gain":0,"max_hp_loss":0,"event_name":"Cursed Tome","floor":30,"gold_loss":0},{"damage_healed":0,"gold_gain":0,"player_choice":"Rummage","damage_taken":0,"relics_obtained":["WarpedTongs"],"max_hp_gain":0,"max_hp_loss":0,"event_name":"Accursed Blacksmith","floor":37,"gold_loss":0,"cards_obtained":["Pain"]},{"damage_healed":0,"gold_gain":0,"player_choice":"Damaged","damage_taken":7,"max_hp_gain":0,"max_hp_loss":0,"event_name":"Wheel of Change","floor":38,"gold_loss":0},{"damage_healed":0,"gold_gain":0,"player_choice":"Memory 3","damage_taken":10,"max_hp_gain":0,"max_hp_loss":0,"event_name":"SensoryStone","floor":44,"gold_loss":0},{"damage_healed":0,"gold_gain":0,"player_choice":"Upgraded","damage_taken":0,"max_hp_gain":0,"max_hp_loss":0,"event_name":"Upgrade Shrine","floor":47,"gold_loss":0,"cards_upgraded":["After Image"]},{"damage_healed":0,"gold_gain":0,"player_choice":"Ignored","damage_taken":0,"max_hp_gain":0,"max_hp_loss":0,"event_name":"Tomb of Lord Red Mask","floor":48,"gold_loss":0}],"is_beta":true,"boss_relics":[{"not_picked":["Velvet Choker","Lizard Tail"],"picked":"Black Star"},{"not_picked":["Cursed Key","Philosopher\u0027s Stone"],"picked":"Runic Dome"}],"items_purged_floors":[2,39],"is_endless":false,"potions_floor_spawned":[1,11,14,18,27,31,33,35,46,54],"ascension_level":1}