{"gold_per_floor":[112,124,199,91,241,275,288,318,373,0,27,27,47,75,75,146,146,166,1,75,95,145,173,173,54,54,54,54,54,54,70,70,149,149,168,236,236,236,251,251,263,61,61,61,391,411,411,411,411,411,411,411,108,143,143],"floor_reached":56,"playtime":2395,"items_purged":["Strike_R","Strike_R"],"score":2303,"play_id":"7dc0e43a-9e00-4457-b683-3a2952984c02","local_time":"20190429205212","is_ascension_mode":true,"campfire_choices":[{"floor":15,"key":"REST"},{"floor":27,"key":"REST"},{"data":"Corruption","floor":30,"key":"SMITH"},{"data":"Feel No Pain","floor":32,"key":"SMITH"},{"floor":40,"key":"RECALL"},{"floor":49,"key":"REST"},{"floor":52,"key":"REST"}],"neow_cost":"NONE","seed_source_timestamp":1578713203567506,"circlet_count":0,"master_deck":["AscendersBane","Strike_R","Strike_R","Strike_R","Defend_R","Defend_R","Defend_R","Defend_R","Bash+1","Clothesline","Iron Wave","Cleave+1","Shrug It Off","Doubt","Cleave","Reaper","Armaments","Uppercut","Power Through","Dropkick","Feel No Pain+1","Offering","Rupture","Corruption+1","Disarm","Havoc","Clothesline+1","Evolve","Feel No Pain","Immolate","Shockwave+1","Havoc+1","Havoc+1","Feel No Pain","Pain","Bloodletting+1","Power Through+1","Panache","Bloodletting+1","Warcry+1"],"relics":["Burning Blood","NeowsBlessing","Whetstone","Strawberry","Tiny Chest","Nunchaku","Dead Branch","Ornamental Fan","Juzu Bracelet","Snecko Eye","Blue Candle","Omamori","Letter Opener","CultistMask","Cursed Key","Toxic Egg 2","Pantograph","Old Coin","Medical Kit","Dodecahedron"],"potions_floor_usage":[11,13,14,16,45,50,50],"damage_taken":[{"damage":0,"enemies":"2 Louse","floor":1,"turns":1},{"damage":0,"enemies":"Small Slimes","floor":2,"turns":1},{"damage":0,"enemies":"Lagavulin","floor":6,"turns":1},{"damage":16,"enemies":"Jaw Worm","floor":7,"turns":4},{"damage":27,"enemies":"Gremlin Nob","floor":8,"turns":5},{"damage":25,"enemies":"3 Sentries","floor":11,"turns":6},{"damage":14,"enemies":"Exordium Wildlife","floor":13,"turns":6},{"damage":13,"enemies":"Gremlin Nob","floor":14,"turns":4},{"damage":54,"enemies":"Hexaghost","floor":16,"turns":13},{"damage":43,"enemies":"Shell Parasite","floor":18,"turns":10},{"damage":6,"enemies":"Chosen","floor":21,"turns":2},{"damage":30,"enemies":"Slavers","floor":23,"turns":6},{"damage":12,"enemies":"Snecko","floor":31,"turns":4},{"damage":14,"enemies":"Collector","floor":33,"turns":3},{"damage":50,"enemies":"3 Darklings","floor":35,"turns":3},{"damage":14,"enemies":"Orb Walker","floor":39,"turns":2},{"damage":26,"enemies":"Transient","floor":41,"turns":6},{"damage":22,"enemies":"Giant Head","floor":45,"turns":7},{"damage":22,"enemies":"3 Darklings","floor":46,"turns":2},{"damage":29,"enemies":"Donu and Deca","floor":50,"turns":4},{"damage":28,"enemies":"Shield and Spear","floor":54,"turns":3},{"damage":55,"enemies":"The Heart","floor":55,"turns":4}],"seed_played":"-7436368134224114861","potions_obtained":[{"floor":2,"key":"Regen Potion"},{"floor":8,"key":"SteroidPotion"},{"floor":11,"key":"Fire Potion"},{"floor":13,"key":"PowerPotion"},{"floor":23,"key":"AttackPotion"},{"floor":31,"key":"BloodPotion"},{"floor":46,"key":"Poison Potion"}],"is_trial":false,"path_per_floor":["M","M","?","$","?","E","M","E","T","$","E","T","M","E","R","B",null,"M","$","T","M","?","E","?","$","T","R","?","?","R","M","R","B",null,"M","T","?","T","M","R","M","$","T","$","E","M","?","?","R","B",null,"R","$","E","B",null],"character_chosen":"IRONCLAD","items_purchased":["Cleave","Shrug It Off","Nunchaku","Uppercut","Corruption","Disarm","Evolve","Havoc+1","Feel No Pain","Medical Kit","Bloodletting+1"],"campfire_rested":4,"item_purchase_floors":[4,4,10,10,19,19,25,42,42,53,53],"current_hp_per_floor":[74,75,64,64,64,70,60,50,50,50,49,49,43,36,60,18,66,29,29,29,35,35,17,33,33,33,57,57,57,57,60,60,69,79,52,52,52,52,44,44,36,36,36,36,35,19,19,19,43,45,73,82,82,68,33],"gold":143,"neow_bonus":"THREE_ENEMY_KILL","is_prod":false,"is_daily":false,"chose_seed":false,"campfire_upgraded":2,"win_rate":0,"timestamp":1556581932,"path_taken":["M","M","?","$","?","E","M","E","T","$","E","?","?","E","R","BOSS","M","$","?","M","?","E","?","?","T","R","?","?","R","M","R","BOSS","M","?","?","?","M","R","M","$","T","?","E","M","?","?","R","BOSS","R","$","E","BOSS"],"build_version":"2019-01-23","purchased_purges":2,"victory":true,"max_hp_per_floor":[75,75,75,75,75,75,75,82,82,82,82,82,82,82,82,82,82,82,82,82,82,82,82,82,82,82,82,82,82,82,82,82,82,82,82,82,82,82,82,82,82,82,82,82,82,82,82,82,82,82,82,82,82,82,82],"card_choices":[{"not_picked":["Body Slam","Iron Wave"],"picked":"Clothesline","floor":1},{"not_picked":["Burning Pact","Thunderclap"],"picked":"Iron Wave","floor":2},{"not_picked":["Pommel Strike","Rupture"],"picked":"Cleave","floor":6},{"not_picked":["Rampage","Heavy Blade"],"picked":"Reaper","floor":7},{"not_picked":["Wild Strike","Bloodletting"],"picked":"Armaments","floor":8},{"not_picked":["Warcry","Clash"],"picked":"Power Through","floor":11},{"not_picked":["Wild Strike","Whirlwind"],"picked":"Dropkick","floor":13},{"not_picked":["Warcry","Perfected Strike"],"picked":"Feel No Pain","floor":14},{"not_picked":["Exhume","Impervious"],"picked":"Offering","floor":16},{"not_picked":["Heavy Blade","Thunderclap"],"picked":"Rupture","floor":18},{"not_picked":["Perfected Strike","Pommel Strike+1"],"picked":"Havoc","floor":21},{"not_picked":["Sentinel","Berserk"],"picked":"Clothesline+1","floor":23},{"not_picked":["Iron Wave","Armaments+1"],"picked":"Feel No Pain","floor":31},{"not_picked":["Double Tap","Reaper"],"picked":"Immolate","floor":33},{"not_picked":["Wild Strike","Heavy Blade","Thunderclap"],"picked":"SKIP","floor":35},{"not_picked":["Intimidate+1","Wild Strike"],"picked":"Shockwave+1","floor":39},{"not_picked":["Flame Barrier+1","Blood for Blood"],"picked":"Havoc+1","floor":41},{"not_picked":["Shrug It Off+1","Wild Strike"],"picked":"Bloodletting+1","floor":45},{"not_picked":["Carnage","True Grit+1"],"picked":"Power Through+1","floor":46},{"not_picked":["Good Instincts+1","Madness+1"],"picked":"Panache","floor":48},{"not_picked":["Bludgeon","Thunderclap"],"picked":"Warcry+1","floor":54}],"player_experience":1263478,"relics_obtained":[{"floor":6,"key":"Whetstone"},{"floor":8,"key":"Strawberry"},{"floor":9,"key":"Tiny Chest"},{"floor":11,"key":"Dead Branch"},{"floor":12,"key":"Ornamental Fan"},{"floor":14,"key":"Juzu Bracelet"},{"floor":20,"key":"Blue Candle"},{"floor":23,"key":"Omamori"},{"floor":26,"key":"Letter Opener"},{"floor":36,"key":"Toxic Egg 2"},{"floor":43,"key":"Pantograph"},{"floor":45,"key":"Old Coin"},{"floor":54,"key":"Dodecahedron"}],"event_choices":[{"damage_healed":0,"gold_gain":75,"player_choice":"Gather Gold","damage_taken":11,"max_hp_gain":0,"max_hp_loss":0,"event_name":"World of Goop","floor":3,"gold_loss":0},{"damage_healed":0,"gold_gain":150,"player_choice":"AGREE","damage_taken":0,"max_hp_gain":0,"max_hp_loss":0,"event_name":"Liars Game","floor":5,"gold_loss":0,"cards_obtained":["Doubt"]},{"damage_healed":0,"gold_gain":50,"player_choice":"Stole From Cult","damage_taken":0,"max_hp_gain":0,"max_hp_loss":0,"event_name":"Nest","floor":22,"gold_loss":0},{"damage_healed":16,"gold_gain":0,"player_choice":"Heal","damage_taken":0,"max_hp_gain":0,"max_hp_loss":0,"event_name":"The Library","floor":24,"gold_loss":0},{"damage_healed":0,"gold_gain":0,"player_choice":"Ignored","damage_taken":0,"max_hp_gain":0,"max_hp_loss":0,"event_name":"Fountain of Cleansing","floor":28,"gold_loss":0},{"damage_healed":0,"gold_gain":0,"player_choice":"Trade","damage_taken":0,"relics_obtained":["CultistMask"],"max_hp_gain":0,"max_hp_loss":0,"event_name":"FaceTrader","floor":29,"gold_loss":0},{"damage_healed":0,"gold_gain":0,"player_choice":"Ignored","damage_taken":0,"max_hp_gain":0,"max_hp_loss":0,"event_name":"Tomb of Lord Red Mask","floor":37,"gold_loss":0},{"damage_healed":0,"gold_gain":0,"player_choice":"Ignored","damage_taken":0,"max_hp_gain":0,"max_hp_loss":0,"event_name":"Mysterious Sphere","floor":47,"gold_loss":0},{"damage_healed":0,"gold_gain":0,"player_choice":"Memory 1","damage_taken":0,"max_hp_gain":0,"max_hp_loss":0,"event_name":"SensoryStone","floor":48,"gold_loss":0}],"is_beta":false,"boss_relics":[{"not_picked":["Calling Bell","Runic Pyramid"],"picked":"Snecko Eye"},{"not_picked":["Astrolabe","Philosopher\u0027s Stone"],"picked":"Cursed Key"}],"items_purged_floors":[25,42],"is_endless":false,"potions_floor_spawned":[2,8,11,13,23,31,39,46],"ascension_level":17}