{"gold_per_floor":[113,125,125,50,50,86,86,86,86,124,124,124,124,144,144,269,269,289,355,255,305,390,390,430,430,430,469,644,657,672,690,690,690],"floor_reached":33,"playtime":1208,"items_purged":["Injury","Regret"],"score":422,"play_id":"494d9a02-c16d-4949-a132-926186d611bf","local_time":"20190217023355","is_ascension_mode":true,"campfire_choices":[{"data":"Darkness","floor":8,"key":"SMITH"},{"data":"Auto Shields","floor":11,"key":"SMITH"},{"data":"Zap","floor":13,"key":"SMITH"},{"floor":15,"key":"REST"},{"floor":23,"key":"REST"},{"floor":25,"key":"REST"},{"floor":32,"key":"REST"}],"neow_cost":"NONE","seed_source_timestamp":218725448785783,"circlet_count":0,"master_deck":["Strike_B","Strike_B","Strike_B","Strike_B","Defend_B+1","Defend_B","Defend_B+1","Defend_B","Zap+1","Dualcast","Auto Shields+1","Darkness+1","Leap","Rebound","Seek","Sweeping Beam+1","Conserve Battery+1","RitualDagger","Defragment+1","Loop"],"relics":["Cracked Core","Golden Idol","War Paint","Mercury Hourglass","Bottled Lightning","Lantern","SsserpentHead","Busted Crown","Red Mask","Vajra","Pen Nib","DataDisk","Ginger","Blue Candle"],"potions_floor_usage":[6,10,18,22,29,29,31],"damage_taken":[{"damage":1,"enemies":"Cultist","floor":1,"turns":3},{"damage":0,"enemies":"2 Louse","floor":2,"turns":2},{"damage":23,"enemies":"3 Sentries","floor":6,"turns":6},{"damage":17,"enemies":"Lagavulin","floor":10,"turns":6},{"damage":2,"enemies":"Small Slimes","floor":14,"turns":3},{"damage":37,"enemies":"Hexaghost","floor":16,"turns":11},{"damage":21,"enemies":"2 Thieves","floor":18,"turns":4},{"damage":10,"enemies":"3 Byrds","floor":19,"turns":4},{"damage":9,"enemies":"Masked Bandits","floor":22,"turns":4},{"damage":27,"enemies":"Gremlin Leader","floor":24,"turns":5},{"damage":13,"enemies":"Book of Stabbing","floor":27,"turns":4},{"damage":0,"enemies":"Colosseum Slavers","floor":28,"turns":3},{"damage":24,"enemies":"Colosseum Nobs","floor":28,"turns":4},{"damage":1,"enemies":"3 Cultists","floor":29,"turns":4},{"damage":0,"enemies":"Cultist and Chosen","floor":30,"turns":4},{"damage":0,"enemies":"Sentry and Sphere","floor":31,"turns":4},{"damage":59,"enemies":"Automaton","floor":33,"turns":6}],"seed_played":"-1669669608264378049","potions_obtained":[{"floor":1,"key":"Fire Potion"},{"floor":6,"key":"Block Potion"},{"floor":14,"key":"Explosive Potion"},{"floor":18,"key":"Poison Potion"},{"floor":22,"key":"Swift Potion"},{"floor":28,"key":"SneckoOil"},{"floor":29,"key":"Strength Potion"},{"floor":31,"key":"FearPotion"}],"is_trial":false,"path_per_floor":["M","M","?","$","?","E","$","R","T","E","R","?","R","M","R","B",null,"M","M","$","?","?","R","E","R","T","E","?","M","M","M","R","B"],"character_chosen":"DEFECT","items_purchased":[],"campfire_rested":4,"item_purchase_floors":[],"current_hp_per_floor":[74,74,74,74,74,51,51,51,51,34,34,34,34,32,56,19,66,45,35,35,29,20,44,17,41,41,28,4,3,3,3,27,0],"gold":690,"neow_bonus":"TEN_PERCENT_HP_BONUS","is_prod":false,"is_daily":false,"chose_seed":false,"campfire_upgraded":3,"win_rate":0,"timestamp":1550381635,"path_taken":["M","M","?","$","?","E","$","R","T","E","R","?","R","M","R","BOSS","M","?","$","?","?","R","E","R","T","E","?","M","M","M","R","BOSS"],"build_version":"2019-01-23","purchased_purges":2,"victory":false,"max_hp_per_floor":[82,82,82,82,82,82,82,82,82,82,82,82,82,82,82,82,82,82,82,82,82,82,82,82,82,82,82,82,82,82,82,82,82],"card_choices":[{"not_picked":["Beam Cell","Go for the Eyes"],"picked":"Auto Shields","floor":1},{"not_picked":["Melter","Redo"],"picked":"Darkness","floor":2},{"not_picked":["Compile Driver","Consume"],"picked":"Leap","floor":6},{"not_picked":["Scrape","BootSequence","Rebound"],"picked":"SKIP","floor":10},{"not_picked":["Scrape","BootSequence"],"picked":"Rebound","floor":10},{"not_picked":["Beam Cell","Blizzard","Gash"],"picked":"SKIP","floor":14},{"not_picked":["Hyperbeam","Machine Learning"],"picked":"Seek","floor":16},{"not_picked":[],"picked":"Sweeping Beam+1","floor":18},{"not_picked":[],"picked":"Conserve Battery+1","floor":19},{"not_picked":[],"picked":"Defragment+1","floor":24},{"not_picked":[],"picked":"Loop","floor":27},{"not_picked":["Streamline"],"picked":"SKIP","floor":29},{"not_picked":["Barrage"],"picked":"SKIP","floor":30},{"not_picked":["Hello World"],"picked":"SKIP","floor":31}],"player_experience":786510,"relics_obtained":[{"floor":6,"key":"Mercury Hourglass"},{"floor":9,"key":"Bottled Lightning"},{"floor":10,"key":"Lantern"},{"floor":22,"key":"Red Mask"},{"floor":24,"key":"Vajra"},{"floor":26,"key":"Pen Nib"},{"floor":27,"key":"DataDisk"},{"floor":28,"key":"Ginger"},{"floor":28,"key":"Blue Candle"}],"event_choices":[{"damage_healed":0,"gold_gain":0,"player_choice":"Take Wound","damage_taken":0,"relics_obtained":["Golden Idol"],"max_hp_gain":0,"max_hp_loss":0,"event_name":"Golden Idol","floor":3,"gold_loss":0,"cards_obtained":["Injury"]},{"damage_healed":0,"gold_gain":0,"player_choice":"Box","damage_taken":0,"relics_obtained":["War Paint"],"max_hp_gain":0,"max_hp_loss":0,"event_name":"Big Fish","floor":5,"gold_loss":0,"cards_obtained":["Regret"]},{"damage_healed":0,"gold_gain":0,"player_choice":"Trade","damage_taken":0,"relics_obtained":["SsserpentHead"],"max_hp_gain":0,"max_hp_loss":0,"event_name":"FaceTrader","floor":12,"gold_loss":0},{"damage_healed":0,"gold_gain":0,"player_choice":"Joined the Cult","damage_taken":6,"max_hp_gain":0,"max_hp_loss":0,"event_name":"Nest","floor":21,"gold_loss":0,"cards_obtained":["RitualDagger"]},{"damage_healed":0,"gold_gain":0,"player_choice":"Fought Bandits","damage_taken":0,"max_hp_gain":0,"max_hp_loss":0,"event_name":"Masked Bandits","floor":22,"gold_loss":0},{"damage_healed":0,"gold_gain":0,"player_choice":"Fight","damage_taken":0,"max_hp_gain":0,"max_hp_loss":0,"event_name":"Colosseum","floor":28,"gold_loss":0},{"damage_healed":0,"gold_gain":0,"player_choice":"Fought Nobs","damage_taken":0,"max_hp_gain":0,"max_hp_loss":0,"event_name":"Colosseum","floor":28,"gold_loss":0}],"is_beta":false,"boss_relics":[{"not_picked":["Calling Bell","Snecko Eye"],"picked":"Busted Crown"}],"items_purged_floors":[4,20],"is_endless":false,"potions_floor_spawned":[1,6,14,18,22,28,28,29,31],"killed_by":"Automaton","ascension_level":9}