{"gold_per_floor":[117,117,42,59,76,106,106,106,106,106,106,141,141,152,152,228,228,240,256,273,273,273],"floor_reached":22,"playtime":1929,"items_purged":["Pain"],"score":388,"play_id":"075dd178-c53a-4851-98f2-db49a5ed6cf5","local_time":"20190424003143","is_ascension_mode":true,"campfire_choices":[{"data":"Neutralize","floor":7,"key":"SMITH"},{"floor":10,"key":"REST"},{"data":"Envenom","floor":13,"key":"SMITH"},{"data":"Dagger Spray","floor":15,"key":"SMITH"}],"neow_cost":"NONE","seed_source_timestamp":32304326812975,"circlet_count":0,"master_deck":["AscendersBane","Defend_G","Defend_G","Defend_G","Defend_G","Defend_G","Strike_G","Strike_G","Strike_G","Strike_G","Strike_G","Survivor","Neutralize+1","Dagger Throw","Predator","Cloak And Dagger","Envenom+1","Dagger Spray+1","Adrenaline+1","Backflip+1","Adrenaline+1","Decay"],"relics":["Ring of the Snake","NeowsBlessing","WarpedTongs","Incense Burner","Toxic Egg 2","Regal Pillow","Runic Dome"],"potions_floor_usage":[6,6,16,16,22],"damage_taken":[{"damage":0,"enemies":"2 Louse","floor":1,"turns":1},{"damage":0,"enemies":"Cultist","floor":4,"turns":1},{"damage":0,"enemies":"Jaw Worm","floor":5,"turns":1},{"damage":21,"enemies":"Gremlin Nob","floor":6,"turns":4},{"damage":30,"enemies":"Lagavulin","floor":12,"turns":7},{"damage":5,"enemies":"3 Louse","floor":14,"turns":10},{"damage":9,"enemies":"Hexaghost","floor":16,"turns":9},{"damage":14,"enemies":"2 Thieves","floor":18,"turns":3},{"damage":22,"enemies":"Spheric Guardian","floor":19,"turns":5},{"damage":5,"enemies":"Centurion and Healer","floor":20,"turns":13},{"damage":11,"enemies":"Snecko","floor":22,"turns":5}],"seed_played":"8956527524233514150","potions_obtained":[{"floor":4,"key":"SkillPotion"},{"floor":5,"key":"Weak Potion"},{"floor":12,"key":"Energy Potion"},{"floor":14,"key":"SkillPotion"},{"floor":16,"key":"Strength Potion"},{"floor":19,"key":"EssenceOfSteel"}],"is_trial":false,"path_per_floor":["M","?","$","M","M","E","R","?","T","R","?","E","R","M","R","B",null,"M","M","M","?","M"],"character_chosen":"THE_SILENT","items_purchased":[],"campfire_rested":1,"item_purchase_floors":[],"current_hp_per_floor":[59,59,59,59,59,38,38,27,27,46,46,16,16,11,11,2,50,36,14,9,9,0],"gold":273,"neow_bonus":"THREE_ENEMY_KILL","is_prod":false,"is_daily":false,"chose_seed":false,"campfire_upgraded":3,"win_rate":0,"timestamp":1556080303,"path_taken":["M","?","$","?","M","E","R","?","T","R","?","E","R","M","R","BOSS","M","M","M","?","M"],"build_version":"2019-01-23","purchased_purges":1,"victory":false,"max_hp_per_floor":[66,66,66,66,66,66,66,66,66,66,66,66,66,66,66,66,66,66,66,66,66,66],"card_choices":[{"not_picked":["Masterful Stab","Blur"],"picked":"Dagger Throw","floor":1},{"not_picked":["Endless Agony","Prepared"],"picked":"Predator","floor":4},{"not_picked":["Escape Plan","Blade Dance"],"picked":"Cloak And Dagger","floor":5},{"not_picked":["Bane","Prepared","Heel Hook"],"picked":"SKIP","floor":6},{"not_picked":["Finisher","Quick Slash"],"picked":"Envenom","floor":12},{"not_picked":["Underhanded Strike","Sucker Punch"],"picked":"Dagger Spray","floor":14},{"not_picked":["A Thousand Cuts","Bullet Time+1"],"picked":"Adrenaline+1","floor":16},{"not_picked":["Sucker Punch","Quick Slash","Distraction+1"],"picked":"SKIP","floor":18},{"not_picked":["Sucker Punch","Quick Slash","Distraction+1"],"picked":"SKIP","floor":18},{"not_picked":["Reflex+1","Deflect+1"],"picked":"Backflip+1","floor":19},{"not_picked":["Infinite Blades","Dagger Spray"],"picked":"Adrenaline+1","floor":20}],"player_experience":1257038,"relics_obtained":[{"floor":6,"key":"Incense Burner"},{"floor":12,"key":"Regal Pillow"}],"event_choices":[{"damage_healed":0,"gold_gain":0,"player_choice":"Rummage","damage_taken":0,"relics_obtained":["WarpedTongs"],"max_hp_gain":0,"max_hp_loss":0,"event_name":"Accursed Blacksmith","floor":2,"gold_loss":0,"cards_obtained":["Pain"]},{"damage_healed":0,"gold_gain":0,"player_choice":"Success","damage_taken":11,"relics_obtained":["Toxic Egg 2"],"max_hp_gain":0,"max_hp_loss":0,"event_name":"Scrap Ooze","floor":8,"gold_loss":0},{"damage_healed":0,"gold_gain":0,"player_choice":"Leave","damage_taken":0,"max_hp_gain":0,"max_hp_loss":0,"event_name":"FaceTrader","floor":11,"gold_loss":0},{"damage_healed":0,"gold_gain":0,"player_choice":"Smashed Altar","damage_taken":0,"max_hp_gain":0,"max_hp_loss":0,"event_name":"Forgotten Altar","floor":21,"gold_loss":0,"cards_obtained":["Decay"]}],"is_beta":false,"boss_relics":[{"not_picked":["Ring of the Serpent","Busted Crown"],"picked":"Runic Dome"}],"items_purged_floors":[3],"is_endless":false,"potions_floor_spawned":[4,5,12,14,16,19],"killed_by":"Snecko","ascension_level":20}