{"gold_per_floor":[110,35,35,35,35,35,54,54,54,80,106,116,66,82,82,179,179,192,192,206,220,220,220,247,147,147,22,40,40,40,58,58,153,153,153,153,253,273,289,314,314,314,314,314,325,325],"floor_reached":46,"playtime":1833,"items_purged":["Defend_B","Strike_B","Writhe"],"score":737,"play_id":"a63faa51-ec0d-410a-bbcc-a350aba5b618","local_time":"20190304194540","is_ascension_mode":true,"campfire_choices":[{"data":"Gash","floor":6,"key":"SMITH"},{"data":"Sweeping Beam","floor":8,"key":"SMITH"},{"floor":15,"key":"REST"},{"floor":23,"key":"REST"},{"floor":32,"key":"REST"},{"floor":42,"key":"RECALL"}],"neow_cost":"NONE","seed_source_timestamp":1576108635974936,"circlet_count":0,"master_deck":["Defend_B","Defend_B","Defend_B","Zap","Gash+1","Sweeping Beam+1","Glacier","Rebound","Echo Form+1","Rebound+1","Gash+1","Beam Cell+1","Scrape","All For One","Writhe","Gash+1","Normality"],"relics":["Cracked Core","Vajra","Bottled Flame","Bronze Scales","Happy Flower","Cursed Key","Bag of Preparation","Blue Candle","White Beast Statue","Strawberry"],"potions_floor_usage":[16,21,24,35],"damage_taken":[{"damage":1,"enemies":"Cultist","floor":1,"turns":4},{"damage":0,"enemies":"2 Louse","floor":7,"turns":1},{"damage":16,"enemies":"Gremlin Nob","floor":10,"turns":3},{"damage":2,"enemies":"Jaw Worm","floor":12,"turns":2},{"damage":0,"enemies":"Exordium Thugs","floor":14,"turns":3},{"damage":22,"enemies":"Hexaghost","floor":16,"turns":8},{"damage":5,"enemies":"3 Byrds","floor":18,"turns":2},{"damage":17,"enemies":"Shell Parasite","floor":20,"turns":3},{"damage":11,"enemies":"3 Cultists","floor":21,"turns":4},{"damage":2,"enemies":"Book of Stabbing","floor":24,"turns":5},{"damage":14,"enemies":"Centurion and Healer","floor":28,"turns":3},{"damage":1,"enemies":"Sentry and Sphere","floor":31,"turns":4},{"damage":55,"enemies":"Automaton","floor":33,"turns":9},{"damage":0,"enemies":"3 Darklings","floor":35,"turns":1},{"damage":6,"enemies":"Orb Walker","floor":38,"turns":2},{"damage":32,"enemies":"3 Darklings","floor":39,"turns":4},{"damage":0,"enemies":"Reptomancer","floor":40,"turns":3},{"damage":32,"enemies":"Maw","floor":45,"turns":6},{"damage":30,"enemies":"Writhing Mass","floor":46,"turns":2}],"seed_played":"-7317690181805992043","potions_obtained":[{"floor":10,"key":"Dexterity Potion"},{"floor":12,"key":"Energy Potion"},{"floor":14,"key":"SkillPotion"},{"floor":24,"key":"Ancient Potion"},{"floor":28,"key":"SmokeBomb"},{"floor":33,"key":"LiquidBronze"},{"floor":38,"key":"Dexterity Potion"},{"floor":39,"key":"FairyPotion"}],"is_trial":false,"path_per_floor":["M","$","?","$","?","R","M","R","T","E","T","M","?","M","R","B",null,"M","?","M","M","?","R","E","$","T","$","M","$","?","M","R","B",null,"M","?","?","M","M","E","?","R","T","?","M","M"],"character_chosen":"DEFECT","items_purchased":[],"campfire_rested":3,"item_purchase_floors":[],"current_hp_per_floor":[67,67,60,60,53,53,53,53,53,37,37,35,35,35,57,35,65,60,60,43,32,32,54,52,52,52,52,38,38,38,37,59,4,57,57,75,75,69,37,44,44,44,44,44,12,0],"gold":325,"neow_bonus":"REMOVE_CARD","is_prod":false,"is_daily":false,"chose_seed":false,"campfire_upgraded":2,"win_rate":0,"timestamp":1551739540,"path_taken":["M","$","?","$","?","R","M","R","T","E","?","?","?","M","R","BOSS","M","?","?","M","?","R","E","$","T","$","M","?","?","?","R","BOSS","M","?","?","M","?","E","?","R","T","?","M","M"],"build_version":"2019-01-23","purchased_purges":3,"victory":false,"max_hp_per_floor":[75,75,75,75,75,75,75,75,75,75,75,75,75,75,75,75,75,75,75,75,75,75,75,75,75,75,75,75,75,75,75,75,75,75,75,75,75,75,75,82,82,82,82,82,82,82],"card_choices":[{"not_picked":["Conserve Battery","Heatsinks"],"picked":"Gash","floor":1},{"not_picked":["Undo","Compile Driver"],"picked":"Sweeping Beam","floor":7},{"not_picked":["Turbo","Cold Snap","Ball Lightning"],"picked":"SKIP","floor":10},{"not_picked":["Blizzard","Rebound"],"picked":"Glacier","floor":12},{"not_picked":["Glacier","Streamline"],"picked":"Rebound","floor":14},{"not_picked":["Multi-Cast","Creative AI"],"picked":"Echo Form","floor":16},{"not_picked":["Stack","Ball Lightning"],"picked":"Rebound+1","floor":18},{"not_picked":["Cold Snap+1","Rip and Tear"],"picked":"Beam Cell+1","floor":20},{"not_picked":["Conserve Battery","Sweeping Beam","Steam"],"picked":"SKIP","floor":21},{"not_picked":["Stack","Cold Snap","Chill"],"picked":"SKIP","floor":24},{"not_picked":["Coolheaded+1","Conserve Battery","Tempest"],"picked":"SKIP","floor":28},{"not_picked":["Tempest+1","Streamline","Ball Lightning"],"picked":"SKIP","floor":31},{"not_picked":["Meteor Strike","Fission"],"picked":"All For One","floor":33},{"not_picked":["Barrage","Streamline"],"picked":"Gash+1","floor":38},{"not_picked":["Darkness+1","Capacitor","Auto Shields+1"],"picked":"SKIP","floor":39},{"not_picked":["Sweeping Beam+1","Beam Cell+1","Conserve Battery+1"],"picked":"SKIP","floor":40},{"not_picked":["Genetic Algorithm","Steam+1","Recycle+1"],"picked":"SKIP","floor":45}],"player_experience":894966,"relics_obtained":[{"floor":9,"key":"Bottled Flame"},{"floor":10,"key":"Bronze Scales"},{"floor":11,"key":"Happy Flower"},{"floor":24,"key":"Bag of Preparation"},{"floor":26,"key":"Blue Candle"},{"floor":40,"key":"Strawberry"}],"event_choices":[{"cards_removed":["Strike_B"],"damage_healed":0,"gold_gain":0,"player_choice":"Card Removal","damage_taken":7,"max_hp_gain":0,"max_hp_loss":0,"event_name":"Golden Wing","floor":3,"gold_loss":0},{"damage_healed":0,"gold_gain":0,"player_choice":"Success","damage_taken":7,"relics_obtained":["Vajra"],"max_hp_gain":0,"max_hp_loss":0,"event_name":"Scrap Ooze","floor":5,"gold_loss":0},{"cards_removed":["Strike_B"],"damage_healed":0,"gold_gain":0,"player_choice":"Card Removal","damage_taken":0,"max_hp_gain":0,"max_hp_loss":0,"event_name":"The Cleric","floor":13,"gold_loss":50},{"damage_healed":0,"gold_gain":0,"player_choice":"Copied","damage_taken":0,"max_hp_gain":0,"max_hp_loss":0,"event_name":"Duplicator","floor":19,"gold_loss":0,"cards_obtained":["Gash"]},{"damage_healed":0,"gold_gain":0,"player_choice":"Read","damage_taken":0,"max_hp_gain":0,"max_hp_loss":0,"event_name":"The Library","floor":22,"gold_loss":0,"cards_obtained":["Scrape"]},{"damage_healed":0,"gold_gain":0,"player_choice":"Forge","damage_taken":0,"max_hp_gain":0,"max_hp_loss":0,"event_name":"Accursed Blacksmith","floor":30,"gold_loss":0,"cards_upgraded":["Echo Form"]},{"damage_healed":19,"gold_gain":0,"player_choice":"Writhe","damage_taken":0,"max_hp_gain":0,"max_hp_loss":0,"event_name":"Winding Halls","floor":36,"gold_loss":0,"cards_obtained":["Writhe"]},{"damage_healed":0,"gold_gain":100,"player_choice":"Pray","damage_taken":0,"max_hp_gain":0,"max_hp_loss":0,"event_name":"Golden Shrine","floor":37,"gold_loss":0},{"cards_removed":["Dualcast"],"damage_healed":0,"gold_gain":0,"player_choice":"Removed Skill","damage_taken":0,"max_hp_gain":0,"max_hp_loss":0,"event_name":"Falling","floor":41,"gold_loss":0},{"damage_healed":0,"gold_gain":0,"player_choice":"Ignored","damage_taken":0,"max_hp_gain":0,"max_hp_loss":0,"event_name":"Mysterious Sphere","floor":44,"gold_loss":0}],"is_beta":false,"boss_relics":[{"not_picked":["Ectoplasm","Pandora\u0027s Box"],"picked":"Cursed Key"},{"not_picked":["Runic Dome","Orrery"],"picked":"White Beast Statue"}],"items_purged_floors":[2,25,27],"is_endless":false,"potions_floor_spawned":[10,12,14,24,28,33,35,38,39,40,45],"killed_by":"Writhing Mass","ascension_level":9}