{"gold_per_floor":[215,229,187,199,213,240,240,260,285,285,345,345,345,371,371,446,446,456,116,132,103,118,118,135,135,135,158,187,225,237],"floor_reached":30,"playtime":1235,"items_purged":[],"score":485,"play_id":"446c478d-21c0-4efc-918f-56ddcbcc6188","local_time":"20190203151930","is_ascension_mode":true,"campfire_choices":[{"data":"Defragment","floor":7,"key":"SMITH"},{"data":"Zap","floor":10,"key":"SMITH"},{"floor":12,"key":"REST"},{"data":"Self Repair","floor":15,"key":"SMITH"},{"data":"Capacitor","floor":23,"key":"SMITH"},{"data":"Capacitor","floor":25,"key":"SMITH"}],"neow_cost":"NONE","seed_source_timestamp":861949604286000,"circlet_count":0,"master_deck":["AscendersBane","Strike_B","Strike_B","Strike_B","Strike_B","Defend_B","Defend_B","Defend_B","Defend_B","Zap+1","Dualcast+1","Ball Lightning","Compile Driver","Self Repair+1","Core Surge","Defragment+1","Cold Snap","Echo Form","Coolheaded","Cold Snap","Coolheaded","Capacitor+1","Capacitor+1","Cold Snap","Seek"],"relics":["FrozenCore","Bottled Flame","Pen Nib","Vajra","Bronze Scales","Bottled Tornado","MawBank","Anchor"],"potions_floor_usage":[6,16,30],"damage_taken":[{"damage":2,"enemies":"Jaw Worm","floor":1,"turns":4},{"damage":9,"enemies":"Small Slimes","floor":2,"turns":3},{"damage":1,"enemies":"Cultist","floor":4,"turns":3},{"damage":0,"enemies":"Large Slime","floor":5,"turns":4},{"damage":18,"enemies":"Lagavulin","floor":6,"turns":5},{"damage":6,"enemies":"Lots of Slimes","floor":8,"turns":3},{"damage":25,"enemies":"Lagavulin Event","floor":11,"turns":5},{"damage":15,"enemies":"3 Sentries","floor":14,"turns":6},{"damage":11,"enemies":"Hexaghost","floor":16,"turns":8},{"damage":9,"enemies":"3 Byrds","floor":18,"turns":3},{"damage":3,"enemies":"Chosen","floor":20,"turns":5},{"damage":20,"enemies":"Centurion and Healer","floor":22,"turns":7},{"damage":2,"enemies":"Sentry and Sphere","floor":24,"turns":8},{"damage":6,"enemies":"Chosen and Byrds","floor":27,"turns":7},{"damage":19,"enemies":"3 Cultists","floor":28,"turns":7},{"damage":57,"enemies":"Slavers","floor":29,"turns":7},{"damage":6,"enemies":"Centurion and Healer","floor":30,"turns":2}],"seed_played":"2634517990073988364","potions_obtained":[{"floor":1,"key":"SpeedPotion"},{"floor":4,"key":"EssenceOfSteel"},{"floor":6,"key":"Ancient Potion"},{"floor":14,"key":"PowerPotion"},{"floor":20,"key":"Poison Potion"},{"floor":27,"key":"Dexterity Potion"}],"is_trial":false,"path_per_floor":["M","M","$","M","M","E","R","M","T","R","?","R","?","E","R","B",null,"M","$","M","$","M","R","M","R","T","M","M","E","M"],"character_chosen":"DEFECT","items_purchased":["Self Repair","Bottled Tornado","Coolheaded","Coolheaded"],"campfire_rested":1,"item_purchase_floors":[3,19,19,21],"current_hp_per_floor":[62,53,53,59,59,41,41,42,42,42,24,45,45,30,30,19,58,59,59,66,66,56,56,71,71,71,71,62,5,0],"gold":237,"neow_bonus":"HUNDRED_GOLD","is_prod":false,"is_daily":false,"chose_seed":false,"campfire_upgraded":5,"win_rate":0,"timestamp":1549203570,"path_taken":["M","M","$","M","M","E","R","M","T","R","?","R","?","E","R","BOSS","M","$","M","$","M","R","M","R","T","M","M","E","M"],"build_version":"2019-01-23","purchased_purges":0,"victory":false,"max_hp_per_floor":[71,71,71,71,71,71,71,71,71,71,71,71,71,71,71,71,71,71,71,71,71,71,71,71,71,71,71,71,71,71],"card_choices":[{"not_picked":["Fusion","Compile Driver"],"picked":"Ball Lightning","floor":1},{"not_picked":["Lockon","Rebound"],"picked":"Compile Driver","floor":2},{"not_picked":["Rebound","Leap"],"picked":"Core Surge","floor":4},{"not_picked":["Barrage","Go for the Eyes","Streamline"],"picked":"SKIP","floor":5},{"not_picked":["Ball Lightning","Aggregate"],"picked":"Defragment","floor":6},{"not_picked":["Redo","Tempest","Streamline"],"picked":"SKIP","floor":8},{"not_picked":["Core Surge","Coolheaded"],"picked":"Cold Snap","floor":11},{"not_picked":["Skim","Heatsinks","Sunder"],"picked":"SKIP","floor":14},{"not_picked":["Machine Learning","Core Surge"],"picked":"Echo Form","floor":16},{"not_picked":["Steam","Double Energy","Beam Cell"],"picked":"SKIP","floor":18},{"not_picked":["Reprogram","Leap"],"picked":"Cold Snap","floor":20},{"not_picked":["Sunder","Turbo"],"picked":"Capacitor","floor":22},{"not_picked":["BootSequence","Conserve Battery"],"picked":"Capacitor","floor":24},{"not_picked":["Streamline","Capacitor"],"picked":"Cold Snap","floor":27},{"not_picked":["Darkness+1","Coolheaded","Reprogram"],"picked":"SKIP","floor":28},{"not_picked":["Go for the Eyes","Streamline"],"picked":"Seek","floor":29}],"player_experience":452187,"relics_obtained":[{"floor":6,"key":"Bottled Flame"},{"floor":9,"key":"Pen Nib"},{"floor":11,"key":"Vajra"},{"floor":14,"key":"Bronze Scales"},{"floor":26,"key":"MawBank"},{"floor":29,"key":"Anchor"}],"event_choices":[{"damage_healed":0,"gold_gain":0,"player_choice":"Searched \u00271\u0027 times","damage_taken":0,"max_hp_gain":0,"max_hp_loss":0,"event_name":"Dead Adventurer","floor":11,"gold_loss":0},{"damage_healed":0,"gold_gain":0,"player_choice":"Grow","damage_taken":0,"max_hp_gain":0,"max_hp_loss":0,"event_name":"Living Wall","floor":13,"gold_loss":0,"cards_upgraded":["Dualcast"]}],"is_beta":false,"boss_relics":[{"not_picked":["Lizard Tail","Calling Bell"],"picked":"FrozenCore"}],"items_purged_floors":[],"is_endless":false,"potions_floor_spawned":[1,4,6,14,20,27,29],"killed_by":"Centurion and Healer","ascension_level":17}