{"gold_per_floor":[113,125,125,15,30,56,56,82,112,129,129,139,150,178,178,278,278,298,298,0,15,30,46,76,76,76,86,105,133,133,162,162,263,263,281,1280,613,613,613,640,640,659,659,690,710,240,240,272,272,272,272,272,23,56,56],"floor_reached":56,"playtime":3426,"items_purged":["Normality","Normality","Barrage+1"],"score":1521,"play_id":"41d0ead4-d009-47fe-a25d-daa23755de39","local_time":"20190211075156","is_ascension_mode":true,"campfire_choices":[{"data":"Defragment","floor":7,"key":"SMITH"},{"data":"Consume","floor":11,"key":"SMITH"},{"data":"Zap","floor":15,"key":"SMITH"},{"data":"Loop","floor":25,"key":"SMITH"},{"floor":30,"key":"REST"},{"data":"Loop","floor":32,"key":"SMITH"},{"data":"Defragment","floor":41,"key":"SMITH"},{"data":"Storm","floor":47,"key":"SMITH"},{"floor":49,"key":"RECALL"},{"data":"Hologram","floor":52,"key":"SMITH"}],"neow_cost":"NONE","seed_source_timestamp":4909288339853727,"circlet_count":0,"master_deck":["Zap+1","Dualcast","Rip and Tear","Consume+1","Glacier","Defragment+1","BootSequence","Glacier+1","Conserve Battery","Storm+1","Blizzard+1","Cold Snap+1","Core Surge+1","Rebound+1","Sweeping Beam+1","Loop+1","Coolheaded","Go for the Eyes+1","Cold Snap+1","FTL+1","Defragment+1","Loop+1","Echo Form","Hologram+1","Rebound+1","Echo Form","Doom and Gloom+1","Sweeping Beam+1","Amplify","Cold Snap+1","Leap","Defragment+1","Coolheaded","Steam","Force Field+1","Stack+1","Stack","Defragment+1","Hello World+1","Turbo"],"relics":["Cracked Core","Whetstone","Blood Vial","Molten Egg 2","Tiny Chest","Bronze Scales","Sozu","Bottled Lightning","Mango","Ancient Tea Set","Gremlin Horn","Pandora\u0027s Box","Pantograph","Matryoshka","FossilizedHelix","Lantern","Kunai","Pen Nib","Membership Card","PreservedInsect","Frozen Egg 2","War Paint","Cables","DataDisk"],"potions_floor_usage":[8,24,29,55],"damage_taken":[{"damage":5,"enemies":"Small Slimes","floor":1,"turns":3},{"damage":1,"enemies":"Cultist","floor":2,"turns":3},{"damage":1,"enemies":"Jaw Worm","floor":5,"turns":4},{"damage":10,"enemies":"3 Sentries","floor":6,"turns":13},{"damage":1,"enemies":"Gremlin Nob","floor":8,"turns":3},{"damage":0,"enemies":"Exordium Thugs","floor":10,"turns":4},{"damage":0,"enemies":"3 Louse","floor":12,"turns":4},{"damage":12,"enemies":"2 Fungi Beasts","floor":13,"turns":4},{"damage":3,"enemies":"Lagavulin","floor":14,"turns":8},{"damage":16,"enemies":"Slime Boss","floor":16,"turns":14},{"damage":0,"enemies":"2 Thieves","floor":18,"turns":3},{"damage":2,"enemies":"Shell Parasite","floor":21,"turns":3},{"damage":11,"enemies":"Centurion and Healer","floor":22,"turns":7},{"damage":6,"enemies":"Snake Plant","floor":23,"turns":3},{"damage":10,"enemies":"Slavers","floor":24,"turns":6},{"damage":0,"enemies":"Snecko","floor":27,"turns":4},{"damage":0,"enemies":"Centurion and Healer","floor":28,"turns":7},{"damage":22,"enemies":"Gremlin Leader","floor":29,"turns":9},{"damage":2,"enemies":"Book of Stabbing","floor":31,"turns":5},{"damage":0,"enemies":"Automaton","floor":33,"turns":10},{"damage":3,"enemies":"3 Darklings","floor":35,"turns":5},{"damage":9,"enemies":"Nemesis","floor":40,"turns":7},{"damage":9,"enemies":"3 Shapes","floor":42,"turns":2},{"damage":0,"enemies":"Reptomancer","floor":44,"turns":6},{"damage":0,"enemies":"Maw","floor":45,"turns":7},{"damage":0,"enemies":"Giant Head","floor":48,"turns":8},{"damage":21,"enemies":"Awakened One","floor":50,"turns":9},{"damage":17,"enemies":"Shield and Spear","floor":54,"turns":5},{"damage":55,"enemies":"The Heart","floor":55,"turns":10}],"seed_played":"-3393262751739990284","potions_obtained":[{"floor":2,"key":"Dexterity Potion"},{"floor":6,"key":"Poison Potion"},{"floor":8,"key":"Strength Potion"},{"floor":16,"key":"SkillPotion"}],"is_trial":false,"path_per_floor":["M","M","?","$","M","E","R","E","T","M","R","M","M","E","R","B",null,"M","?","$","M","M","M","E","R","T","M","M","E","R","E","R","B",null,"M","?","$","?","?","E","R","M","T","E","M","$","R","E","R","B",null,"R","$","E","B",null],"character_chosen":"DEFECT","items_purchased":["Glacier","Defragment","Bottled Lightning","Sweeping Beam+1","Pantograph","Matryoshka","Leap","Defragment","Membership Card","PreservedInsect","Frozen Egg 2","Stack","Cables","Hello World+1","Turbo"],"campfire_rested":1,"item_purchase_floors":[4,4,20,20,37,37,37,37,46,46,46,46,53,53,53],"current_hp_per_floor":[70,69,69,69,68,58,58,59,59,61,61,63,53,52,52,38,75,75,75,75,73,64,60,66,66,66,68,70,50,76,76,76,78,89,86,86,86,85,85,76,76,69,69,71,73,73,73,75,75,64,85,85,85,68,30],"gold":56,"neow_bonus":"RANDOM_COMMON_RELIC","is_prod":false,"is_daily":false,"chose_seed":false,"campfire_upgraded":8,"win_rate":0,"timestamp":1549889516,"path_taken":["M","M","?","$","M","E","R","E","T","M","R","?","M","E","R","BOSS","M","?","?","M","M","M","E","R","T","M","M","E","R","E","R","BOSS","M","?","$","?","?","E","R","?","T","E","M","?","R","E","R","BOSS","R","$","E","BOSS"],"build_version":"2019-02-06","purchased_purges":3,"victory":true,"max_hp_per_floor":[75,75,75,75,75,75,75,75,75,75,75,75,75,75,75,75,75,75,75,75,75,75,75,89,89,89,89,89,89,89,89,89,89,89,89,89,89,85,85,85,85,85,85,85,85,85,85,85,85,85,85,85,85,85,85],"card_choices":[{"not_picked":["Go for the Eyes","Compile Driver"],"picked":"Rip and Tear","floor":1},{"not_picked":["Chill","Gash"],"picked":"Consume","floor":2},{"not_picked":["Coolheaded","Rebound"],"picked":"BootSequence","floor":5},{"not_picked":["Sweeping Beam","Cold Snap"],"picked":"Glacier","floor":6},{"not_picked":["Stack","BootSequence"],"picked":"Conserve Battery","floor":8},{"not_picked":["Barrage+1","Aggregate","Reprogram"],"picked":"SKIP","floor":10},{"not_picked":["Barrage+1","Steam"],"picked":"Storm","floor":12},{"not_picked":["Thunder Strike+1","Chill"],"picked":"Blizzard+1","floor":13},{"not_picked":["Beam Cell+1","Redo"],"picked":"Cold Snap+1","floor":14},{"not_picked":["Amplify","Meteor Strike+1"],"picked":"Core Surge+1","floor":16},{"not_picked":["Conserve Battery","Barrage+1"],"picked":"Rebound+1","floor":18},{"not_picked":["Compile Driver+1","Barrage+1","Consume"],"picked":"SKIP","floor":21},{"not_picked":["Redo","Blizzard+1"],"picked":"Loop","floor":22},{"not_picked":["Fission","Stack"],"picked":"Coolheaded","floor":23},{"not_picked":["Auto Shields+1","Leap"],"picked":"Go for the Eyes+1","floor":24},{"not_picked":["Consume","Conserve Battery+1"],"picked":"Cold Snap+1","floor":27},{"not_picked":["Barrage+1","Stack+1"],"picked":"FTL+1","floor":28},{"not_picked":["Coolheaded+1","Aggregate"],"picked":"Defragment+1","floor":29},{"not_picked":["Cold Snap+1","Compile Driver+1"],"picked":"Loop","floor":31},{"not_picked":["Seek","Buffer"],"picked":"Echo Form","floor":33},{"not_picked":["Fusion+1","Sweeping Beam+1"],"picked":"Cold Snap+1","floor":35},{"not_picked":["Storm","Hyperbeam+1"],"picked":"Coolheaded","floor":40},{"not_picked":["Gash+1","Streamline+1"],"picked":"Steam","floor":42},{"not_picked":["Streamline+1","Redo+1"],"picked":"Force Field+1","floor":44},{"not_picked":["Melter+1","Scrape+1"],"picked":"Stack","floor":45},{"not_picked":["Streamline+1","Steam+1"],"picked":"Defragment+1","floor":48},{"not_picked":["Rip and Tear+1","Hologram","Sweeping Beam+1"],"picked":"SKIP","floor":54}],"player_experience":4467485,"relics_obtained":[{"floor":6,"key":"Blood Vial"},{"floor":8,"key":"Molten Egg 2"},{"floor":9,"key":"Tiny Chest"},{"floor":14,"key":"Bronze Scales"},{"floor":24,"key":"Mango"},{"floor":29,"key":"Ancient Tea Set"},{"floor":31,"key":"Gremlin Horn"},{"floor":40,"key":"FossilizedHelix"},{"floor":43,"key":"Lantern"},{"floor":43,"key":"Kunai"},{"floor":44,"key":"Pen Nib"},{"floor":48,"key":"War Paint"},{"floor":54,"key":"DataDisk"}],"event_choices":[{"cards_removed":["Strike_B"],"damage_healed":0,"gold_gain":0,"player_choice":"Offered Basic","damage_taken":0,"max_hp_gain":0,"max_hp_loss":0,"event_name":"Bonfire Elementals","floor":3,"gold_loss":0},{"damage_healed":0,"gold_gain":0,"player_choice":"Ignored","damage_taken":0,"max_hp_gain":0,"max_hp_loss":0,"event_name":"N\u0027loth","floor":19,"gold_loss":0},{"damage_healed":0,"gold_gain":999,"player_choice":"Gold","damage_taken":0,"max_hp_gain":0,"max_hp_loss":0,"event_name":"MindBloom","floor":36,"gold_loss":0,"cards_obtained":["Normality","Normality"]},{"damage_healed":0,"gold_gain":0,"player_choice":"Max HP","damage_taken":0,"max_hp_gain":0,"max_hp_loss":4,"event_name":"Winding Halls","floor":38,"gold_loss":0},{"damage_healed":0,"gold_gain":0,"player_choice":"Ignored","damage_taken":0,"max_hp_gain":0,"max_hp_loss":0,"event_name":"Mysterious Sphere","floor":39,"gold_loss":0}],"is_beta":true,"boss_relics":[{"not_picked":["Busted Crown","Fusion Hammer"],"picked":"Sozu"},{"not_picked":["Eternal Feather","Lizard Tail"],"picked":"Pandora\u0027s Box"}],"items_purged_floors":[37,46,53],"is_endless":false,"potions_floor_spawned":[2,6,8,16,21,27,31,33,42,48],"ascension_level":1}