{"gold_per_floor":[115,35,35,53,53,81,81,115,127,139],"floor_reached":10,"playtime":348,"items_purged":[],"score":96,"play_id":"bdd90208-8909-4cc1-9385-fb1ea7e7ae09","local_time":"20190503114021","is_ascension_mode":true,"campfire_choices":[],"neow_cost":"NONE","seed_source_timestamp":1803324515979000,"circlet_count":0,"master_deck":["Strike_R","Strike_R","Strike_R","Defend_R","Defend_R","Defend_R","Defend_R","Bash","Spot Weakness","Pummel","Thunderclap","Rampage","Sword Boomerang","Armaments"],"relics":["Burning Blood","Smiling Mask","Ice Cream","Juzu Bracelet","MawBank","Bottled Flame"],"potions_floor_usage":[],"damage_taken":[{"damage":7,"enemies":"2 Louse","floor":1,"turns":3},{"damage":10,"enemies":"Small Slimes","floor":4,"turns":3},{"damage":30,"enemies":"Lagavulin","floor":6,"turns":6},{"damage":18,"enemies":"Gremlin Nob","floor":8,"turns":3},{"damage":14,"enemies":"Lagavulin","floor":10,"turns":5}],"seed_played":"-7552365681575612415","potions_obtained":[{"floor":4,"key":"Fire Potion"}],"is_trial":false,"path_per_floor":["M","$","?","M","?","E","?","E","T","E"],"character_chosen":"IRONCLAD","items_purchased":["Pummel"],"campfire_rested":0,"item_purchase_floors":[2],"current_hp_per_floor":[71,71,64,60,60,36,36,24,24,10],"gold":139,"neow_bonus":"RANDOM_COMMON_RELIC","is_prod":false,"is_daily":false,"chose_seed":false,"campfire_upgraded":0,"win_rate":0,"timestamp":1556898021,"path_taken":["M","$","?","M","?","E","?","E","T","E"],"build_version":"2019-01-23","purchased_purges":0,"victory":false,"max_hp_per_floor":[80,80,80,80,80,80,80,80,80,80],"card_choices":[{"not_picked":["Twin Strike","Warcry"],"picked":"Spot Weakness","floor":1},{"not_picked":["Iron Wave","Uppercut"],"picked":"Thunderclap","floor":4},{"not_picked":["Flex","Warcry"],"picked":"Sword Boomerang","floor":6},{"not_picked":["Twin Strike","Rupture"],"picked":"Armaments","floor":8}],"player_experience":139185,"relics_obtained":[{"floor":6,"key":"Juzu Bracelet"},{"floor":8,"key":"MawBank"},{"floor":9,"key":"Bottled Flame"}],"event_choices":[{"damage_healed":0,"gold_gain":0,"player_choice":"Success","damage_taken":7,"relics_obtained":["Ice Cream"],"max_hp_gain":0,"max_hp_loss":0,"event_name":"Scrap Ooze","floor":3,"gold_loss":0},{"damage_healed":0,"gold_gain":0,"cards_transformed":["Strike_R"],"player_choice":"Change","damage_taken":0,"max_hp_gain":0,"max_hp_loss":0,"event_name":"Living Wall","floor":5,"gold_loss":0,"cards_obtained":["Rampage"]},{"cards_removed":["Strike_R"],"damage_healed":0,"gold_gain":0,"player_choice":"Purged","damage_taken":0,"max_hp_gain":0,"max_hp_loss":0,"event_name":"Purifier","floor":7,"gold_loss":0}],"is_beta":false,"boss_relics":[],"items_purged_floors":[],"is_endless":false,"potions_floor_spawned":[4],"killed_by":"Lagavulin","ascension_level":6}