{"gold_per_floor":[119,119,119,132,142,142,152,152,152,162,337,349,349,380,380,380],"floor_reached":16,"playtime":456,"items_purged":[],"score":102,"play_id":"c5f62625-d7d9-473b-9805-2f073aa8408d","local_time":"20190514163352","is_ascension_mode":false,"campfire_choices":[{"data":"True Grit","floor":6,"key":"SMITH"},{"data":"Clothesline","floor":8,"key":"SMITH"},{"data":"Immolate","floor":13,"key":"SMITH"},{"floor":15,"key":"DIG"}],"neow_cost":"NONE","seed_source_timestamp":185938242201048,"circlet_count":0,"master_deck":["Strike_R","Strike_R","Strike_R","Strike_R+1","Strike_R","Defend_R","Defend_R","Defend_R+1","Defend_R","Bash+1","Shockwave","Rage","True Grit+1","Clothesline+1","Cleave","Doubt","Immolate+1"],"relics":["Burning Blood","Kunai","Shovel","Shuriken"],"potions_floor_usage":[16],"damage_taken":[{"damage":1,"enemies":"Jaw Worm","floor":1,"turns":4},{"damage":8,"enemies":"Small Slimes","floor":4,"turns":4},{"damage":4,"enemies":"Cultist","floor":5,"turns":3},{"damage":11,"enemies":"3 Louse","floor":7,"turns":5},{"damage":12,"enemies":"Large Slime","floor":10,"turns":8},{"damage":0,"enemies":"2 Fungi Beasts","floor":12,"turns":3},{"damage":22,"enemies":"3 Sentries","floor":14,"turns":5},{"damage":55,"enemies":"Hexaghost","floor":16,"turns":9}],"seed_played":"-8728539341993012051","potions_obtained":[{"floor":5,"key":"BloodPotion"},{"floor":12,"key":"SpeedPotion"}],"is_trial":false,"path_per_floor":["M","?","?","M","M","R","M","R","T","M","?","M","R","E","R","B"],"character_chosen":"IRONCLAD","items_purchased":[],"campfire_rested":0,"item_purchase_floors":[],"current_hp_per_floor":[80,85,68,66,68,68,63,63,63,57,57,63,63,47,47,0],"gold":380,"neow_bonus":"UPGRADE_CARD","is_prod":false,"is_daily":false,"chose_seed":false,"campfire_upgraded":3,"win_rate":0,"timestamp":1557866032,"path_taken":["M","?","?","M","M","R","M","R","T","M","?","?","R","E","R","BOSS"],"build_version":"2019-01-23","purchased_purges":0,"victory":false,"max_hp_per_floor":[80,85,85,85,85,85,85,85,85,85,85,85,85,85,85,85],"card_choices":[{"not_picked":["Perfected Strike","Sever Soul"],"picked":"Shockwave","floor":1},{"not_picked":["Sword Boomerang","Sever Soul"],"picked":"Rage","floor":4},{"not_picked":["Sever Soul","Havoc"],"picked":"True Grit","floor":5},{"not_picked":["Iron Wave","Headbutt"],"picked":"Clothesline","floor":7},{"not_picked":["Headbutt","Armaments"],"picked":"Cleave","floor":10},{"not_picked":["Body Slam","Thunderclap"],"picked":"Immolate","floor":12},{"not_picked":["Wild Strike","Carnage","Thunderclap"],"picked":"SKIP","floor":14}],"player_experience":113660,"relics_obtained":[{"floor":9,"key":"Kunai"},{"floor":14,"key":"Shovel"},{"floor":15,"key":"Shuriken"}],"event_choices":[{"damage_healed":0,"gold_gain":0,"player_choice":"Donut","damage_taken":0,"max_hp_gain":5,"max_hp_loss":0,"event_name":"Big Fish","floor":2,"gold_loss":0},{"damage_healed":0,"gold_gain":0,"player_choice":"Entered Light","damage_taken":17,"max_hp_gain":0,"max_hp_loss":0,"event_name":"Shining Light","floor":3,"gold_loss":0,"cards_upgraded":["Defend_R","Strike_R"]},{"damage_healed":0,"gold_gain":175,"player_choice":"AGREE","damage_taken":0,"max_hp_gain":0,"max_hp_loss":0,"event_name":"Liars Game","floor":11,"gold_loss":0,"cards_obtained":["Doubt"]}],"is_beta":false,"boss_relics":[],"items_purged_floors":[],"is_endless":false,"potions_floor_spawned":[5,12],"killed_by":"Hexaghost","ascension_level":0}