{"gold_per_floor":[117,132,207,52,52,87,87,117,144,160,160,160,182,182,182,283,283,295,140,153,166,85,85,85,101,101,101,127,127,147,147,147,247,247,258,258,26,26,26,56,0,0,0,0,11,42,90,106,106,106],"floor_reached":51,"playtime":1622,"items_purged":["Steam Power"],"score":777,"play_id":"6ebcf6e9-9261-406a-8fc2-bee2e7a2d3cf","local_time":"20190416135827","is_ascension_mode":false,"campfire_choices":[{"data":"Storm","floor":7,"key":"SMITH"},{"floor":12,"key":"REST"},{"floor":15,"key":"REST"},{"floor":23,"key":"REST"},{"data":"Creative AI","floor":27,"key":"SMITH"},{"floor":29,"key":"REST"},{"floor":32,"key":"REST"},{"data":"Heatsinks","floor":44,"key":"SMITH"},{"data":"Defragment","floor":49,"key":"SMITH"}],"neow_cost":"NONE","seed_source_timestamp":341480817337000,"circlet_count":0,"master_deck":["Zap","Dualcast","Leap","Storm+1","Capacitor","FTL","Sweeping Beam","Aggregate","Undo","White Noise","Leap","Storm","Multi-Cast","Consume","Undo","Rip and Tear","Storm","Defragment+1","Ball Lightning","Loop","Creative AI+1","Turbo+1","Biased Cognition","Conserve Battery","Heatsinks","Turbo","Heatsinks+1","Self Repair+1"],"relics":["Cracked Core","Juzu Bracelet","Bronze Scales","Centennial Puzzle","Odd Mushroom","CultistMask","Pandora\u0027s Box","Mummified Hand","Mango","Blood Vial","Enchiridion","Black Star","Strawberry","The Courier","Bottled Flame","Red Mask","Question Card","Vajra","Happy Flower","Unceasing Top"],"potions_floor_usage":[6,8,8,50],"damage_taken":[{"damage":0,"enemies":"Cultist","floor":1,"turns":3},{"damage":1,"enemies":"Jaw Worm","floor":2,"turns":5},{"damage":24,"enemies":"Lagavulin","floor":6,"turns":7},{"damage":23,"enemies":"3 Sentries","floor":8,"turns":8},{"damage":0,"enemies":"2 Louse","floor":10,"turns":2},{"damage":14,"enemies":"The Mushroom Lair","floor":13,"turns":3},{"damage":10,"enemies":"Slime Boss","floor":16,"turns":6},{"damage":14,"enemies":"3 Byrds","floor":18,"turns":3},{"damage":10,"enemies":"Spheric Guardian","floor":20,"turns":3},{"damage":21,"enemies":"Snake Plant","floor":21,"turns":3},{"damage":1,"enemies":"Chosen and Byrds","floor":25,"turns":3},{"damage":12,"enemies":"Book of Stabbing","floor":28,"turns":3},{"damage":20,"enemies":"Centurion and Healer","floor":30,"turns":3},{"damage":13,"enemies":"Collector","floor":33,"turns":5},{"damage":7,"enemies":"3 Shapes","floor":35,"turns":3},{"damage":4,"enemies":"Giant Head","floor":40,"turns":3},{"damage":0,"enemies":"Orb Walker","floor":45,"turns":1},{"damage":0,"enemies":"Reptomancer","floor":46,"turns":3},{"damage":1,"enemies":"2 Orb Walkers","floor":47,"turns":2},{"damage":0,"enemies":"Sphere and 2 Shapes","floor":48,"turns":2},{"damage":20,"enemies":"Donu and Deca","floor":50,"turns":2}],"seed_played":"-8254685981577292482","potions_obtained":[{"floor":0,"key":"SkillPotion"},{"floor":0,"key":"EssenceOfSteel"},{"floor":0,"key":"Regen Potion"},{"floor":10,"key":"GamblersBrew"},{"floor":13,"key":"FearPotion"},{"floor":21,"key":"FocusPotion"},{"floor":25,"key":"Fire Potion"},{"floor":35,"key":"Dexterity Potion"}],"is_trial":false,"path_per_floor":["M","M","?","$","?","E","R","E","T","M","?","R","?","?","R","B",null,"M","$","M","M","$","R","T","M","T","R","E","R","M","?","R","B",null,"M","?","$","?","$","E","?","$","T","R","M","E","?","M","R","B",null],"character_chosen":"DEFECT","items_purchased":["Capacitor","FTL","Sweeping Beam","Defragment","Loop","Heatsinks","Strawberry"],"campfire_rested":5,"item_purchase_floors":[4,4,4,19,22,37,37],"current_hp_per_floor":[75,74,63,63,63,53,53,30,30,30,30,52,38,38,60,50,75,61,61,51,30,30,52,52,51,65,65,53,79,61,45,71,60,89,82,82,89,89,89,87,87,87,87,87,89,91,92,94,94,86],"gold":106,"neow_bonus":"THREE_SMALL_POTIONS","is_prod":false,"is_daily":false,"chose_seed":false,"campfire_upgraded":4,"win_rate":0.0,"timestamp":1555437507,"path_taken":["M","M","?","$","?","E","R","E","T","M","?","R","?","?","R","BOSS","M","$","M","M","$","R","?","M","T","R","E","R","M","?","R","BOSS","M","?","$","?","?","E","?","$","T","R","M","E","?","M","R","BOSS"],"build_version":"2019-01-23","purchased_purges":1,"victory":true,"max_hp_per_floor":[75,75,75,75,75,75,75,75,75,75,75,75,75,75,75,75,75,75,75,75,75,75,75,75,75,89,89,89,89,89,89,89,89,89,89,89,96,96,96,96,96,96,96,96,96,96,96,96,96,96],"card_choices":[{"not_picked":["Lockon","Stack"],"picked":"Leap","floor":1},{"not_picked":["Redo","BootSequence"],"picked":"Storm","floor":2},{"not_picked":["Hologram","Consume"],"picked":"Undo","floor":6},{"not_picked":["Beam Cell","Compile Driver"],"picked":"White Noise","floor":8},{"not_picked":["Ball Lightning","Creative AI"],"picked":"Leap","floor":10},{"not_picked":["Cold Snap","Reinforced Body"],"picked":"Storm","floor":13},{"not_picked":["Chill","Go for the Eyes"],"picked":"Storm","floor":18},{"not_picked":["Compile Driver+1","Tempest","Hologram"],"picked":"SKIP","floor":20},{"not_picked":["Aggregate","Redo+1"],"picked":"Ball Lightning","floor":21},{"not_picked":["Tempest+1","Conserve Battery"],"picked":"Creative AI","floor":25},{"not_picked":["Blizzard","Reprogram","Hologram"],"picked":"SKIP","floor":28},{"not_picked":["Hologram","Genetic Algorithm+1"],"picked":"Turbo+1","floor":30},{"not_picked":["Core Surge","Creative AI"],"picked":"Biased Cognition","floor":33},{"not_picked":["Redo+1","Gash+1"],"picked":"Conserve Battery","floor":35},{"not_picked":["Glacier+1","Turbo"],"picked":"Heatsinks","floor":40},{"not_picked":["Recycle+1","Compile Driver+1","Barrage+1","Hologram"],"picked":"SKIP","floor":45},{"not_picked":["Streamline","Coolheaded+1","Hologram","Redo"],"picked":"SKIP","floor":46},{"not_picked":["Go for the Eyes","Sweeping Beam","Glacier"],"picked":"Self Repair+1","floor":48}],"player_experience":77861,"relics_obtained":[{"floor":6,"key":"Juzu Bracelet"},{"floor":8,"key":"Bronze Scales"},{"floor":9,"key":"Centennial Puzzle"},{"floor":13,"key":"Odd Mushroom"},{"floor":24,"key":"Mummified Hand"},{"floor":26,"key":"Mango"},{"floor":28,"key":"Blood Vial"},{"floor":31,"key":"Enchiridion"},{"floor":40,"key":"The Courier"},{"floor":40,"key":"Bottled Flame"},{"floor":43,"key":"Question Card"},{"floor":46,"key":"Vajra"},{"floor":46,"key":"Happy Flower"},{"floor":47,"key":"Unceasing Top"}],"event_choices":[{"damage_healed":0,"gold_gain":75,"player_choice":"Gather Gold","damage_taken":11,"max_hp_gain":0,"max_hp_loss":0,"event_name":"World of Goop","floor":3,"gold_loss":0},{"damage_healed":0,"gold_gain":0,"cards_transformed":["Strike_B"],"player_choice":"Transformed","damage_taken":0,"max_hp_gain":0,"max_hp_loss":0,"event_name":"Transmorgrifier","floor":5,"gold_loss":0,"cards_obtained":["Aggregate"]},{"damage_healed":0,"gold_gain":0,"player_choice":"Ignored","damage_taken":0,"max_hp_gain":0,"max_hp_loss":0,"event_name":"Golden Wing","floor":11,"gold_loss":0},{"damage_healed":0,"gold_gain":0,"player_choice":"Fought Mushrooms","damage_taken":0,"max_hp_gain":0,"max_hp_loss":0,"event_name":"Mushrooms","floor":13,"gold_loss":0},{"damage_healed":0,"gold_gain":0,"player_choice":"Trade","damage_taken":0,"relics_obtained":["CultistMask"],"max_hp_gain":0,"max_hp_loss":0,"event_name":"FaceTrader","floor":14,"gold_loss":0},{"damage_healed":0,"gold_gain":0,"player_choice":"Obtained Book","damage_taken":16,"max_hp_gain":0,"max_hp_loss":0,"event_name":"Cursed Tome","floor":31,"gold_loss":0},{"cards_removed":["Recycle"],"damage_healed":0,"gold_gain":0,"player_choice":"Purged","damage_taken":0,"max_hp_gain":0,"max_hp_loss":0,"event_name":"Purifier","floor":36,"gold_loss":0},{"damage_healed":0,"gold_gain":0,"cards_transformed":["Rebound"],"player_choice":"Transformed","damage_taken":0,"max_hp_gain":0,"max_hp_loss":0,"event_name":"Transmorgrifier","floor":38,"gold_loss":0,"cards_obtained":["Turbo"]},{"damage_healed":0,"gold_gain":0,"player_choice":"Paid","damage_taken":0,"relics_obtained":["Red Mask"],"max_hp_gain":0,"max_hp_loss":0,"event_name":"Tomb of Lord Red Mask","floor":41,"gold_loss":56},{"damage_healed":0,"gold_gain":0,"player_choice":"Fight","damage_taken":0,"max_hp_gain":0,"max_hp_loss":0,"event_name":"Mysterious Sphere","floor":47,"gold_loss":0}],"is_beta":false,"boss_relics":[{"not_picked":["Sozu","FrozenCore"],"picked":"Pandora\u0027s Box"},{"not_picked":["Orrery","Velvet Choker"],"picked":"Black Star"}],"items_purged_floors":[19],"is_endless":false,"potions_floor_spawned":[1,10,13,21,25,30,33,35,45],"ascension_level":0}