{"gold_per_floor":[20,38,38,52,72,102,177,177,200,228,228,228,228,246,246,246],"floor_reached":16,"playtime":378,"items_purged":[],"score":154,"play_id":"38229a0e-986e-4cb4-a2dd-de7a278860f2","local_time":"20190216012423","is_ascension_mode":true,"campfire_choices":[{"data":"Armaments","floor":11,"key":"SMITH"},{"data":"Anger","floor":13,"key":"SMITH"},{"data":"Carnage","floor":15,"key":"SMITH"}],"neow_cost":"NO_GOLD","seed_source_timestamp":128984142218021,"circlet_count":0,"master_deck":["Strike_R+1","Strike_R","Strike_R","Strike_R","Defend_R","Defend_R","Defend_R+1","Defend_R","Bash","Headbutt","Sword Boomerang","Cleave","Carnage+1","Armaments+1","Anger+1","Second Wind"],"relics":["Burning Blood","Nunchaku","Strawberry","PreservedInsect","Potion Belt"],"potions_floor_usage":[16,16],"damage_taken":[{"damage":15,"enemies":"Small Slimes","floor":1,"turns":4},{"damage":0,"enemies":"2 Louse","floor":2,"turns":2},{"damage":0,"enemies":"Cultist","floor":4,"turns":3},{"damage":13,"enemies":"Blue Slaver","floor":5,"turns":3},{"damage":21,"enemies":"Gremlin Nob","floor":6,"turns":4},{"damage":27,"enemies":"Lagavulin","floor":10,"turns":5},{"damage":0,"enemies":"Large Slime","floor":14,"turns":4},{"damage":53,"enemies":"The Guardian","floor":16,"turns":7}],"seed_played":"-5107260979418050807","potions_obtained":[{"floor":2,"key":"EssenceOfSteel"},{"floor":5,"key":"EssenceOfSteel"}],"is_trial":false,"path_per_floor":["M","M","?","M","M","E","?","?","T","E","R","?","R","M","R","B"],"character_chosen":"IRONCLAD","items_purchased":[],"campfire_rested":0,"item_purchase_floors":[],"current_hp_per_floor":[63,69,53,59,52,44,33,62,62,41,41,41,41,47,47,0],"gold":246,"neow_bonus":"ONE_RARE_RELIC","is_prod":false,"is_daily":false,"chose_seed":false,"campfire_upgraded":3,"win_rate":0,"timestamp":1550291063,"path_taken":["M","M","?","M","M","E","?","?","T","E","R","?","R","M","R","BOSS"],"build_version":"2019-01-23","purchased_purges":0,"victory":false,"max_hp_per_floor":[80,80,80,80,80,87,87,87,87,87,87,87,87,87,87,87],"card_choices":[{"not_picked":["Havoc","Shrug It Off"],"picked":"Headbutt","floor":1},{"not_picked":["Heavy Blade","Armaments"],"picked":"Sword Boomerang","floor":2},{"not_picked":["Sever Soul","Dropkick"],"picked":"Cleave","floor":4},{"not_picked":["Combust","Body Slam"],"picked":"Carnage","floor":5},{"not_picked":["Juggernaut","Clothesline"],"picked":"Armaments","floor":6},{"not_picked":["Dual Wield","Havoc"],"picked":"Anger","floor":10},{"not_picked":["Seeing Red","Hemokinesis"],"picked":"Second Wind","floor":14}],"player_experience":770610,"relics_obtained":[{"floor":6,"key":"Strawberry"},{"floor":9,"key":"PreservedInsect"},{"floor":10,"key":"Potion Belt"}],"event_choices":[{"damage_healed":0,"gold_gain":0,"player_choice":"Entered Light","damage_taken":16,"max_hp_gain":0,"max_hp_loss":0,"event_name":"Shining Light","floor":3,"gold_loss":0,"cards_upgraded":["Defend_R","Strike_R"]},{"damage_healed":0,"gold_gain":75,"player_choice":"Gather Gold","damage_taken":11,"max_hp_gain":0,"max_hp_loss":0,"event_name":"World of Goop","floor":7,"gold_loss":0},{"damage_healed":29,"gold_gain":0,"player_choice":"Banana","damage_taken":0,"max_hp_gain":0,"max_hp_loss":0,"event_name":"Big Fish","floor":8,"gold_loss":0},{"cards_removed":["Strike_R"],"damage_healed":0,"gold_gain":0,"player_choice":"Purged","damage_taken":0,"max_hp_gain":0,"max_hp_loss":0,"event_name":"Purifier","floor":12,"gold_loss":0}],"is_beta":false,"boss_relics":[],"items_purged_floors":[],"is_endless":false,"potions_floor_spawned":[2,5],"killed_by":"The Guardian","ascension_level":8}