{"gold_per_floor":[116,266,113,113,143,143,171,171,171,1,1,20,71,91,91,169,169,187,137,152,165,165,165,37,37],"floor_reached":25,"playtime":755,"items_purged":["Doubt","Regret"],"score":389,"play_id":"3142f7d8-8d82-400a-aa37-197380b3a1f4","local_time":"20190502005822","is_ascension_mode":true,"campfire_choices":[{"data":"Defragment","floor":6,"key":"SMITH"},{"data":"Ball Lightning","floor":8,"key":"SMITH"},{"data":"Zap","floor":11,"key":"SMITH"},{"data":"Self Repair","floor":15,"key":"SMITH"},{"data":"White Noise","floor":23,"key":"SMITH"}],"neow_cost":"NONE","seed_source_timestamp":1767965331462838,"circlet_count":0,"master_deck":["AscendersBane","Strike_B","Strike_B","Strike_B","Strike_B","Defend_B","Defend_B","Defend_B","Defend_B","Zap+1","Dualcast","Ball Lightning+1","Defragment+1","Barrage+1","Self Repair+1","Echo Form","Cold Snap+1","White Noise+1","Static Discharge","Defragment","Beam Cell+1"],"relics":["Cracked Core","NeowsBlessing","Molten Egg 2","Tiny Chest","Gremlin Horn","Mummified Hand","Ancient Tea Set","Philosopher\u0027s Stone","FossilizedHelix"],"potions_floor_usage":[16,20,25,25,25],"damage_taken":[{"damage":0,"enemies":"Cultist","floor":1,"turns":1},{"damage":0,"enemies":"3 Sentries","floor":7,"turns":1},{"damage":0,"enemies":"Jaw Worm","floor":12,"turns":1},{"damage":7,"enemies":"Small Slimes","floor":14,"turns":3},{"damage":27,"enemies":"Hexaghost","floor":16,"turns":9},{"damage":25,"enemies":"Shell Parasite","floor":18,"turns":4},{"damage":17,"enemies":"3 Byrds","floor":20,"turns":3},{"damage":11,"enemies":"Snecko","floor":21,"turns":4},{"damage":52,"enemies":"Slavers","floor":25,"turns":3}],"seed_played":"1675877549353027556","potions_obtained":[{"floor":12,"key":"SpeedPotion"},{"floor":14,"key":"Energy Potion"},{"floor":18,"key":"Explosive Potion"},{"floor":21,"key":"EntropicBrew"}],"is_trial":false,"path_per_floor":["M","?","$","?","?","R","E","R","T","$","R","M","T","M","R","B",null,"M","?","M","M","T","R","$","E"],"character_chosen":"DEFECT","items_purchased":["Defragment","Self Repair","Defragment","Beam Cell+1"],"campfire_rested":0,"item_purchase_floors":[3,10,24,24],"current_hp_per_floor":[64,64,64,46,46,46,46,46,46,46,46,46,46,46,46,29,61,56,56,49,48,48,48,48,0],"gold":37,"neow_bonus":"THREE_ENEMY_KILL","is_prod":false,"is_daily":false,"chose_seed":false,"campfire_upgraded":5,"win_rate":0,"timestamp":1556769502,"path_taken":["M","?","$","?","?","R","E","R","T","$","R","M","?","M","R","BOSS","M","?","?","M","?","R","$","E"],"build_version":"2019-01-23","purchased_purges":2,"victory":false,"max_hp_per_floor":[71,71,71,71,71,71,71,71,71,71,71,71,71,71,71,71,71,71,71,71,71,71,71,71,71],"card_choices":[{"not_picked":["Rebound","Conserve Battery"],"picked":"Ball Lightning","floor":1},{"not_picked":["Blizzard+1","Conserve Battery"],"picked":"Barrage+1","floor":7},{"not_picked":["Conserve Battery","Streamline+1","Scrape+1"],"picked":"SKIP","floor":12},{"not_picked":["Compile Driver+1","Streamline+1","Consume"],"picked":"SKIP","floor":14},{"not_picked":["Rainbow","Machine Learning"],"picked":"Echo Form","floor":16},{"not_picked":["Hologram","Stack"],"picked":"Cold Snap+1","floor":18},{"not_picked":["Hyperbeam+1","Gash+1"],"picked":"White Noise","floor":20},{"not_picked":["Redo","Reinforced Body"],"picked":"Static Discharge","floor":21}],"player_experience":1282495,"relics_obtained":[{"floor":7,"key":"Gremlin Horn"},{"floor":9,"key":"Mummified Hand"},{"floor":13,"key":"Ancient Tea Set"},{"floor":22,"key":"FossilizedHelix"}],"event_choices":[{"damage_healed":0,"gold_gain":150,"player_choice":"AGREE","damage_taken":0,"max_hp_gain":0,"max_hp_loss":0,"event_name":"Liars Game","floor":2,"gold_loss":0,"cards_obtained":["Doubt"]},{"damage_healed":0,"gold_gain":0,"player_choice":"Success","damage_taken":18,"relics_obtained":["Molten Egg 2"],"max_hp_gain":0,"max_hp_loss":0,"event_name":"Scrap Ooze","floor":4,"gold_loss":0},{"damage_healed":0,"gold_gain":0,"player_choice":"Box","damage_taken":0,"relics_obtained":["Tiny Chest"],"max_hp_gain":0,"max_hp_loss":0,"event_name":"Big Fish","floor":5,"gold_loss":0,"cards_obtained":["Regret"]},{"damage_healed":0,"gold_gain":0,"player_choice":"Bet on Murderer","damage_taken":0,"max_hp_gain":0,"max_hp_loss":0,"event_name":"The Joust","floor":19,"gold_loss":50}],"is_beta":false,"boss_relics":[{"not_picked":["Lizard Tail","Orrery"],"picked":"Philosopher\u0027s Stone"}],"items_purged_floors":[3,10],"is_endless":false,"potions_floor_spawned":[12,14,18,21],"killed_by":"Slavers","ascension_level":15}