{"gold_per_floor":[115,2,12,30,30,64,64,92,119,44,44,44,75,95,95,195,195,208,2,2,2,22,52,76,76,100,23,38,38,38,70,70,70],"floor_reached":33,"playtime":1369,"items_purged":[],"score":329,"play_id":"b372677b-6ff0-402c-95fb-8bddd73ce756","local_time":"20190427225147","is_ascension_mode":true,"campfire_choices":[{"data":"Self Repair","floor":7,"key":"SMITH"},{"data":"Echo Form","floor":12,"key":"SMITH"},{"data":"Biased Cognition","floor":15,"key":"SMITH"},{"data":"RitualDagger","floor":25,"key":"SMITH"},{"floor":29,"key":"REST"},{"data":"Beam Cell","floor":32,"key":"SMITH"}],"neow_cost":"NONE","seed_source_timestamp":1324176727519200,"circlet_count":0,"master_deck":["Strike_B","Strike_B","Strike_B","Strike_B","Defend_B","Defend_B","Defend_B","Defend_B","Zap","Dualcast","Sweeping Beam","Self Repair+1","Reinforced Body","Streamline","Biased Cognition+1","Leap","Auto Shields","Echo Form+1","Melter","Amplify","Self Repair","RitualDagger+1","Sweeping Beam","Conserve Battery+1","Double Energy+1","Beam Cell+1","BootSequence"],"relics":["Cracked Core","Happy Flower","NlothsMask","Ancient Tea Set","Vajra","Omamori","Lizard Tail","Sling","Letter Opener","DataDisk","Bag of Marbles","Anchor"],"potions_floor_usage":[8,8,31,33],"damage_taken":[{"damage":0,"enemies":"Small Slimes","floor":1,"turns":2},{"damage":1,"enemies":"Cultist","floor":3,"turns":3},{"damage":0,"enemies":"Jaw Worm","floor":4,"turns":3},{"damage":34,"enemies":"Lagavulin","floor":6,"turns":6},{"damage":5,"enemies":"3 Sentries","floor":8,"turns":9},{"damage":5,"enemies":"Gremlin Nob","floor":13,"turns":3},{"damage":2,"enemies":"Blue Slaver","floor":14,"turns":3},{"damage":41,"enemies":"Hexaghost","floor":16,"turns":9},{"damage":12,"enemies":"Spheric Guardian","floor":18,"turns":4},{"damage":19,"enemies":"Chosen","floor":22,"turns":5},{"damage":79,"enemies":"Gremlin Leader","floor":23,"turns":10},{"damage":29,"enemies":"Centurion and Healer","floor":28,"turns":6},{"damage":11,"enemies":"Slavers","floor":31,"turns":4},{"damage":73,"enemies":"Champ","floor":33,"turns":10}],"seed_played":"196424657959356458","potions_obtained":[{"floor":3,"key":"PowerPotion"},{"floor":4,"key":"SkillPotion"},{"floor":6,"key":"Swift Potion"},{"floor":13,"key":"Ancient Potion"},{"floor":16,"key":"Dexterity Potion"},{"floor":28,"key":"Energy Potion"}],"is_trial":false,"path_per_floor":["M","$","M","M","?","E","R","E","T","$","$","R","E","M","R","B",null,"M","$","?","?","M","E","T","R","T","$","M","R","?","E","R","B"],"character_chosen":"DEFECT","items_purchased":["Self Repair","Reinforced Body","Echo Form","Sling","Double Energy"],"campfire_rested":1,"item_purchase_floors":[2,2,10,19,27],"current_hp_per_floor":[75,75,75,75,75,48,48,53,53,53,53,53,48,56,56,25,75,73,73,73,67,62,49,49,49,49,49,30,52,52,68,68,0],"gold":70,"neow_bonus":"RANDOM_COMMON_RELIC","is_prod":false,"is_daily":false,"chose_seed":false,"campfire_upgraded":5,"win_rate":0,"timestamp":1556419907,"path_taken":["M","$","M","M","?","E","R","E","T","?","$","R","E","M","R","BOSS","M","$","?","?","M","E","?","R","T","?","?","R","?","E","R","BOSS"],"build_version":"2019-01-23","purchased_purges":0,"victory":false,"max_hp_per_floor":[75,75,75,75,75,75,75,75,75,75,75,75,75,75,75,75,75,75,75,75,75,75,75,75,75,75,75,75,75,75,75,75,75],"card_choices":[{"not_picked":["Scrape","Beam Cell"],"picked":"Sweeping Beam","floor":1},{"not_picked":["Chill","Ball Lightning"],"picked":"Streamline","floor":3},{"not_picked":["Leap","Rebound"],"picked":"Biased Cognition","floor":4},{"not_picked":["Reprogram","Chill"],"picked":"Leap","floor":6},{"not_picked":["Gash","Ball Lightning"],"picked":"Auto Shields","floor":8},{"not_picked":["Undo","Machine Learning"],"picked":"Melter","floor":13},{"not_picked":["Coolheaded","Barrage","Redo"],"picked":"SKIP","floor":14},{"not_picked":["Reboot","Core Surge"],"picked":"Amplify","floor":16},{"not_picked":["Scrape","Undo"],"picked":"Self Repair","floor":18},{"not_picked":["Fusion","Cold Snap"],"picked":"Sweeping Beam","floor":22},{"not_picked":["FTL+1","Redo"],"picked":"Conserve Battery+1","floor":23},{"not_picked":["Turbo","Redo"],"picked":"Beam Cell","floor":28},{"not_picked":["Double Energy+1","Aggregate"],"picked":"BootSequence","floor":31}],"player_experience":122675,"relics_obtained":[{"floor":6,"key":"Ancient Tea Set"},{"floor":8,"key":"Vajra"},{"floor":13,"key":"Omamori"},{"floor":23,"key":"DataDisk"},{"floor":26,"key":"Bag of Marbles"},{"floor":31,"key":"Anchor"}],"event_choices":[{"damage_healed":0,"gold_gain":0,"player_choice":"Trade","damage_taken":0,"relics_obtained":["NlothsMask"],"max_hp_gain":0,"max_hp_loss":0,"event_name":"FaceTrader","floor":5,"gold_loss":0},{"damage_healed":0,"gold_gain":0,"player_choice":"Stole Relic","damage_taken":0,"relics_obtained":["Letter Opener"],"max_hp_gain":0,"max_hp_loss":0,"event_name":"Addict","floor":20,"gold_loss":0,"cards_obtained":["Shame"]},{"damage_healed":0,"gold_gain":0,"player_choice":"Joined the Cult","damage_taken":6,"max_hp_gain":0,"max_hp_loss":0,"event_name":"Nest","floor":21,"gold_loss":0,"cards_obtained":["RitualDagger"]},{"damage_healed":0,"gold_gain":0,"player_choice":"Forge","damage_taken":0,"max_hp_gain":0,"max_hp_loss":0,"event_name":"Accursed Blacksmith","floor":30,"gold_loss":0,"cards_upgraded":["Double Energy"]}],"is_beta":false,"boss_relics":[{"not_picked":["White Beast Statue","FrozenCore"],"picked":"Lizard Tail"}],"items_purged_floors":[],"is_endless":false,"potions_floor_spawned":[3,4,6,13,16,22,28],"killed_by":"Champ","ascension_level":2}