{"gold_per_floor":[119,119,119,129,149,149,182,182,182,216,227,227,240,270,270,366,366,377,387,387,24,24,57,57,83,109,139,150,162,87,121,121,221,221,234,234,244,93,168,200,213,213,213,213,245,257,290,301,301,301,301,301,7,33,33],"floor_reached":56,"playtime":3032,"items_purged":[],"score":1572,"play_id":"6ff246f8-8f6e-43a3-8d45-e5a2f9ed0547","local_time":"20190417085228","is_ascension_mode":true,"campfire_choices":[{"data":"Perfected Strike","floor":6,"key":"SMITH"},{"data":"Corruption","floor":8,"key":"SMITH"},{"data":"Bash","floor":12,"key":"SMITH"},{"data":"Bludgeon","floor":15,"key":"SMITH"},{"data":"Offering","floor":24,"key":"SMITH"},{"data":"Perfected Strike","floor":32,"key":"SMITH"},{"floor":42,"key":"RECALL"},{"data":"Armaments","floor":44,"key":"SMITH"},{"data":"Perfected Strike","floor":49,"key":"SMITH"},{"data":"Double Tap","floor":52,"key":"SMITH"}],"neow_cost":"NONE","seed_source_timestamp":3158666192371166,"circlet_count":0,"master_deck":["Strike_R+1","Strike_R+1","Strike_R+1","Strike_R+1","Strike_R+1","Defend_R+1","Defend_R+1","Defend_R+1","Bash+1","Perfected Strike+1","Corruption+1","Impervious","Burning Pact","Warcry","Evolve","Flame Barrier","Dual Wield","Bludgeon+1","Offering+1","Power Through+1","Warcry+1","Anger","Twin Strike","Perfected Strike+1","Thunderclap","Pommel Strike+1","Perfected Strike+1","Double Tap+1","Limit Break","Shrug It Off","Disarm+1","Sentinel","Armaments+1","Twin Strike","Warcry+1","Reaper","Perfected Strike+1","Dropkick+1","Fiend Fire","Pommel Strike","Shrug It Off","Sword Boomerang","Rage"],"relics":["Burning Blood","Incense Burner","Turnip","Bird Faced Urn","Pantograph","Peace Pipe","Cursed Key","Brimstone","Blood Vial","MutagenicStrength","Bag of Marbles","Regal Pillow","Pen Nib","Gremlin Horn","Red Mask","Runic Pyramid","Omamori","Red Skull","Lantern","Bag of Preparation","Anchor"],"potions_floor_usage":[7,23,55,55],"damage_taken":[{"damage":6,"enemies":"Jaw Worm","floor":1,"turns":3},{"damage":1,"enemies":"Cultist","floor":4,"turns":3},{"damage":3,"enemies":"Small Slimes","floor":5,"turns":4},{"damage":31,"enemies":"Gremlin Nob","floor":7,"turns":4},{"damage":15,"enemies":"3 Sentries","floor":10,"turns":8},{"damage":10,"enemies":"Looter","floor":11,"turns":2},{"damage":13,"enemies":"Exordium Thugs","floor":13,"turns":4},{"damage":0,"enemies":"Lagavulin","floor":14,"turns":7},{"damage":0,"enemies":"Slime Boss","floor":16,"turns":8},{"damage":11,"enemies":"Shell Parasite","floor":18,"turns":4},{"damage":6,"enemies":"3 Byrds","floor":19,"turns":4},{"damage":6,"enemies":"Gremlin Leader","floor":23,"turns":4},{"damage":21,"enemies":"Slavers","floor":25,"turns":4},{"damage":12,"enemies":"Book of Stabbing","floor":27,"turns":2},{"damage":0,"enemies":"Snecko","floor":28,"turns":3},{"damage":6,"enemies":"Centurion and Healer","floor":29,"turns":3},{"damage":0,"enemies":"Masked Bandits","floor":31,"turns":1},{"damage":34,"enemies":"Champ","floor":33,"turns":4},{"damage":0,"enemies":"3 Darklings","floor":35,"turns":3},{"damage":0,"enemies":"Orb Walker","floor":37,"turns":2},{"damage":0,"enemies":"Nemesis","floor":40,"turns":1},{"damage":0,"enemies":"3 Darklings","floor":41,"turns":3},{"damage":0,"enemies":"Reptomancer","floor":45,"turns":4},{"damage":6,"enemies":"Transient","floor":46,"turns":5},{"damage":0,"enemies":"Nemesis","floor":47,"turns":3},{"damage":0,"enemies":"Sphere and 2 Shapes","floor":48,"turns":4},{"damage":47,"enemies":"Awakened One","floor":50,"turns":6},{"damage":12,"enemies":"Shield and Spear","floor":54,"turns":3},{"damage":62,"enemies":"The Heart","floor":55,"turns":4}],"seed_played":"8159414706468565839","potions_obtained":[{"floor":5,"key":"SteroidPotion"},{"floor":10,"key":"FairyPotion"},{"floor":13,"key":"SpeedPotion"},{"floor":14,"key":"FearPotion"},{"floor":18,"key":"Poison Potion"},{"floor":28,"key":"Strength Potion"},{"floor":29,"key":"Swift Potion"},{"floor":31,"key":"Weak Potion"},{"floor":41,"key":"Regen Potion"}],"is_trial":false,"path_per_floor":["M","?","?","M","M","R","E","R","T","E","M","R","M","E","R","B",null,"M","M","?","$","?","E","R","E","T","E","M","M","?","?","R","B",null,"M","?","M","$","?","E","M","R","T","R","E","M","E","M","R","B",null,"R","$","E","B",null],"character_chosen":"IRONCLAD","items_purchased":["Brimstone","Blood Vial","Anger","Sentinel","Armaments","Twin Strike","Ancient Potion","Bag of Preparation","Shrug It Off","Sword Boomerang"],"campfire_rested":0,"item_purchase_floors":[21,21,21,38,38,38,53,53,53,53],"current_hp_per_floor":[80,68,68,73,76,76,51,51,51,44,40,40,35,43,43,76,80,77,80,80,80,80,80,80,65,65,65,73,79,77,77,77,49,77,77,77,77,77,70,77,77,77,77,77,77,77,77,77,77,38,77,77,77,77,23],"gold":33,"neow_bonus":"REMOVE_CARD","is_prod":false,"is_daily":false,"chose_seed":false,"campfire_upgraded":9,"win_rate":0,"timestamp":1555505548,"path_taken":["M","?","?","M","M","R","E","R","T","E","M","R","M","E","R","BOSS","M","?","?","$","?","E","R","E","T","E","M","M","?","?","R","BOSS","M","?","M","?","?","E","M","R","T","R","E","M","E","?","R","BOSS","R","$","E","BOSS"],"build_version":"2019-04-04","purchased_purges":0,"victory":true,"max_hp_per_floor":[80,80,80,80,80,80,80,80,80,80,80,80,80,80,80,80,80,80,80,80,80,80,80,80,80,80,80,80,80,77,77,77,77,77,77,77,77,77,77,77,77,77,77,77,77,77,77,77,77,77,77,77,77,77,77],"card_choices":[{"not_picked":["Headbutt","Pummel"],"picked":"Perfected Strike","floor":1},{"not_picked":["Sword Boomerang","Pummel","Clothesline"],"picked":"SKIP","floor":4},{"not_picked":["Cleave","Heavy Blade"],"picked":"Burning Pact","floor":5},{"not_picked":["Fiend Fire","Corruption"],"picked":"Warcry","floor":7},{"not_picked":["Warcry","Body Slam"],"picked":"Evolve","floor":10},{"not_picked":["Dual Wield","Sword Boomerang"],"picked":"Flame Barrier","floor":11},{"not_picked":["Dropkick","Burning Pact"],"picked":"Dual Wield","floor":13},{"not_picked":["Cleave","Bloodletting"],"picked":"Bludgeon","floor":14},{"not_picked":["Feed","Fiend Fire"],"picked":"Offering","floor":16},{"not_picked":["Whirlwind","Headbutt"],"picked":"Power Through+1","floor":18},{"not_picked":["Seeing Red","Thunderclap"],"picked":"Warcry+1","floor":19},{"not_picked":["Pommel Strike","Body Slam+1"],"picked":"Twin Strike","floor":23},{"not_picked":["Feel No Pain","Shrug It Off"],"picked":"Perfected Strike","floor":25},{"not_picked":["Intimidate","Rampage"],"picked":"Thunderclap","floor":27},{"not_picked":["Clash+1","Sword Boomerang"],"picked":"Pommel Strike+1","floor":28},{"not_picked":["Seeing Red","Thunderclap"],"picked":"Perfected Strike","floor":29},{"not_picked":["Sever Soul","Rupture"],"picked":"Double Tap","floor":31},{"not_picked":["Brutality","Double Tap"],"picked":"Limit Break","floor":33},{"not_picked":["Anger+1","Wild Strike+1"],"picked":"Shrug It Off","floor":35},{"not_picked":["Armaments+1","Warcry+1"],"picked":"Disarm+1","floor":37},{"not_picked":["Spot Weakness+1","Searing Blow+1"],"picked":"Warcry+1","floor":40},{"not_picked":["Iron Wave+1","Clothesline+1"],"picked":"Reaper","floor":41},{"not_picked":["Anger","Intimidate"],"picked":"Perfected Strike","floor":45},{"not_picked":["Wild Strike","Clothesline+1"],"picked":"Dropkick+1","floor":46},{"not_picked":["Bloodletting","Sword Boomerang"],"picked":"Fiend Fire","floor":47},{"not_picked":["Headbutt+1","Inflame"],"picked":"Pommel Strike","floor":48},{"not_picked":["Headbutt","Pommel Strike+1"],"picked":"Rage","floor":54}],"player_experience":5367731,"relics_obtained":[{"floor":7,"key":"Turnip"},{"floor":9,"key":"Bird Faced Urn"},{"floor":10,"key":"Pantograph"},{"floor":14,"key":"Peace Pipe"},{"floor":23,"key":"Bag of Marbles"},{"floor":25,"key":"Regal Pillow"},{"floor":26,"key":"Pen Nib"},{"floor":27,"key":"Gremlin Horn"},{"floor":31,"key":"Red Mask"},{"floor":40,"key":"Omamori"},{"floor":45,"key":"Red Skull"},{"floor":47,"key":"Lantern"},{"floor":54,"key":"Anchor"}],"event_choices":[{"damage_healed":0,"gold_gain":0,"player_choice":"Success","damage_taken":12,"relics_obtained":["Incense Burner"],"max_hp_gain":0,"max_hp_loss":0,"event_name":"Scrap Ooze","floor":2,"gold_loss":0},{"damage_healed":0,"gold_gain":0,"player_choice":"2 cards matched","damage_taken":0,"max_hp_gain":0,"max_hp_loss":0,"event_name":"Match and Keep!","floor":3,"gold_loss":0,"cards_obtained":["Corruption","Impervious"]},{"damage_healed":0,"gold_gain":0,"player_choice":"Simplicity","damage_taken":0,"max_hp_gain":0,"max_hp_loss":0,"event_name":"Back to Basics","floor":20,"gold_loss":0,"cards_upgraded":["Strike_R","Strike_R","Strike_R","Strike_R","Strike_R","Defend_R","Defend_R","Defend_R"]},{"damage_healed":0,"gold_gain":0,"player_choice":"Inject Mutagens","damage_taken":0,"relics_obtained":["MutagenicStrength"],"max_hp_gain":0,"max_hp_loss":0,"event_name":"Drug Dealer","floor":22,"gold_loss":0},{"cards_removed":["Parasite"],"damage_healed":0,"gold_gain":0,"player_choice":"Gave Gold","damage_taken":0,"max_hp_gain":0,"max_hp_loss":0,"event_name":"Beggar","floor":30,"gold_loss":75},{"damage_healed":0,"gold_gain":0,"player_choice":"Fought Bandits","damage_taken":0,"max_hp_gain":0,"max_hp_loss":0,"event_name":"Masked Bandits","floor":31,"gold_loss":0},{"damage_healed":0,"gold_gain":0,"player_choice":"Forge","damage_taken":0,"max_hp_gain":0,"max_hp_loss":0,"event_name":"Accursed Blacksmith","floor":36,"gold_loss":0,"cards_upgraded":["Perfected Strike"]},{"damage_healed":0,"gold_gain":75,"player_choice":"Touch","damage_taken":7,"max_hp_gain":0,"max_hp_loss":0,"event_name":"FaceTrader","floor":39,"gold_loss":0}],"is_beta":true,"boss_relics":[{"not_picked":["Tiny House","Sozu"],"picked":"Cursed Key"},{"not_picked":["Velvet Choker","Astrolabe"],"picked":"Runic Pyramid"}],"items_purged_floors":[],"is_endless":false,"potions_floor_spawned":[5,10,13,14,16,18,28,29,31,33,35,37,41,46],"ascension_level":1}