{"gold_per_floor":[118,118,133,153,153,153,187,187,187,207,10,37,52,80,80,175,225,245,245,32,47,60,94,94,124,148,167,167,266,266,341,341,446,446,458,473,819,836,836,861,861,892,892,892,918,611,611,225,225,225,225,225,1,30,30],"floor_reached":56,"playtime":3104,"items_purged":["Strike_G","Strike_G","Strike_G"],"score":1442,"play_id":"53b41df4-978f-40e0-aa26-aa23dc53eeb4","local_time":"20190512060309","is_ascension_mode":true,"campfire_choices":[{"data":"Neutralize","floor":6,"key":"SMITH"},{"data":"Terror","floor":8,"key":"SMITH"},{"data":"Noxious Fumes","floor":15,"key":"SMITH"},{"data":"Catalyst","floor":24,"key":"SMITH"},{"data":"Malaise","floor":28,"key":"SMITH"},{"data":"Burst","floor":30,"key":"SMITH"},{"floor":32,"key":"REST"},{"floor":41,"key":"REST"},{"floor":47,"key":"RECALL"},{"floor":49,"key":"REST"},{"floor":52,"key":"REST"}],"neow_cost":"NONE","seed_source_timestamp":724599700210522,"circlet_count":0,"master_deck":["Defend_G","Defend_G","Defend_G","Defend_G","Defend_G","Strike_G","Strike_G","Survivor","Neutralize+1","Dagger Spray","Burst+1","Slice","Predator","Terror+1","Dodge and Roll","Calculated Gamble","Deadly Poison","Noxious Fumes+1","Dash","Venomology+1","Sucker Punch","Deflect","Malaise+1","Backflip","Leg Sweep","Catalyst+1","Corpse Explosion","Poisoned Stab+1","Bullet Time","Bouncing Flask","Noxious Fumes","Deflect","Backflip+1","Crippling Poison","Heel Hook+1","Master of Strategy","Apotheosis","Master of Strategy","Heel Hook","Well Laid Plans","Backflip","Outmaneuver","Catalyst+1"],"relics":["Ring of the Snake","NeowsBlessing","Ice Cream","Sundial","Lantern","Gambling Chip","Boot","Tiny House","Darkstone Periapt","Bottled Lightning","Fusion Hammer","Old Coin","Question Card","Ornamental Fan","Vajra","Juzu Bracelet","Toy Ornithopter","Potion Belt","Kunai"],"potions_floor_usage":[7,7,16,18,21,21,22,23,23,25,27,33,33,33,35,36,37,42,45,50,50,54,54,55,55,55,55,55,55,55,55,55],"damage_taken":[{"damage":0,"enemies":"Small Slimes","floor":1,"turns":1},{"damage":0,"enemies":"Cultist","floor":3,"turns":1},{"damage":0,"enemies":"2 Louse","floor":4,"turns":1},{"damage":0,"enemies":"3 Sentries","floor":7,"turns":4},{"damage":8,"enemies":"Exordium Thugs","floor":10,"turns":5},{"damage":1,"enemies":"Lagavulin","floor":12,"turns":6},{"damage":0,"enemies":"Blue Slaver","floor":13,"turns":3},{"damage":14,"enemies":"Gremlin Nob","floor":14,"turns":3},{"damage":12,"enemies":"The Guardian","floor":16,"turns":8},{"damage":14,"enemies":"Spheric Guardian","floor":18,"turns":4},{"damage":0,"enemies":"Chosen","floor":21,"turns":3},{"damage":0,"enemies":"Snecko","floor":22,"turns":4},{"damage":12,"enemies":"Slavers","floor":23,"turns":8},{"damage":10,"enemies":"Book of Stabbing","floor":25,"turns":7},{"damage":0,"enemies":"Snake Plant","floor":27,"turns":3},{"damage":0,"enemies":"Champ","floor":33,"turns":10},{"damage":0,"enemies":"Orb Walker","floor":35,"turns":3},{"damage":14,"enemies":"3 Darklings","floor":36,"turns":5},{"damage":0,"enemies":"2 Orb Walkers","floor":37,"turns":1},{"damage":0,"enemies":"Maw","floor":38,"turns":6},{"damage":19,"enemies":"Nemesis","floor":40,"turns":7},{"damage":12,"enemies":"Reptomancer","floor":42,"turns":8},{"damage":3,"enemies":"Giant Head","floor":45,"turns":8},{"damage":15,"enemies":"Time Eater","floor":50,"turns":8},{"damage":23,"enemies":"Shield and Spear","floor":54,"turns":7},{"damage":9,"enemies":"The Heart","floor":55,"turns":5}],"seed_played":"-1986930989539849449","potions_obtained":[{"floor":1,"key":"SteroidPotion"},{"floor":5,"key":"Regen Potion"},{"floor":5,"key":"AttackPotion"},{"floor":12,"key":"FearPotion"},{"floor":13,"key":"Dexterity Potion"},{"floor":16,"key":"Poison Potion"},{"floor":18,"key":"PowerPotion"},{"floor":25,"key":"Block Potion"},{"floor":33,"key":"Energy Potion"},{"floor":38,"key":"Dexterity Potion"},{"floor":54,"key":"Ancient Potion"}],"is_trial":false,"path_per_floor":["M","?","M","M","?","R","E","R","T","M","$","E","M","E","R","B",null,"M","?","$","M","M","E","R","E","T","M","R","?","R","?","R","B",null,"M","M","?","M","?","E","R","E","T","?","E","$","R","$","R","B",null,"R","$","E","B",null],"character_chosen":"THE_SILENT","items_purchased":["Lantern","Deadly Poison","Malaise","Toy Ornithopter","Well Laid Plans","Potion Belt","LiquidBronze","Regen Potion","Backflip","SkillPotion","Outmaneuver"],"campfire_rested":4,"item_purchase_floors":[11,11,20,46,48,48,48,48,48,53,53],"current_hp_per_floor":[70,70,70,70,70,70,70,70,70,62,62,61,61,47,47,35,75,61,61,61,61,61,64,64,54,54,54,54,54,54,47,69,69,75,75,61,61,61,61,42,64,52,52,42,39,39,39,39,61,71,75,75,75,57,66],"gold":30,"neow_bonus":"THREE_ENEMY_KILL","is_prod":false,"is_daily":false,"chose_seed":false,"campfire_upgraded":6,"win_rate":0,"timestamp":1557655389,"path_taken":["M","?","?","M","?","R","E","R","T","M","?","E","M","E","R","BOSS","M","?","$","M","M","E","R","E","T","M","R","?","R","?","R","BOSS","M","M","?","M","?","E","R","E","T","?","E","$","R","$","R","BOSS","R","$","E","BOSS"],"build_version":"2019-05-07","purchased_purges":3,"victory":true,"max_hp_per_floor":[70,70,70,70,70,70,70,70,70,70,70,70,70,70,70,70,75,75,75,75,75,75,75,75,75,75,75,75,75,75,75,75,75,75,75,75,75,75,75,75,75,75,75,75,75,75,75,75,75,75,75,75,75,75,75],"card_choices":[{"not_picked":["Acrobatics","Finisher"],"picked":"Dagger Spray","floor":1},{"not_picked":["Prepared","Dagger Spray"],"picked":"Terror","floor":3},{"not_picked":["Riddle With Holes","Slice"],"picked":"Dodge and Roll","floor":4},{"not_picked":["Poisoned Stab","Storm of Steel","Riddle With Holes"],"picked":"SKIP","floor":7},{"not_picked":["Blade Dance","Reflex"],"picked":"Calculated Gamble","floor":10},{"not_picked":["Poisoned Stab","Dagger Spray"],"picked":"Noxious Fumes","floor":12},{"not_picked":["Quick Slash","Dagger Throw","Dodge and Roll"],"picked":"SKIP","floor":13},{"not_picked":["Expertise","Dagger Spray"],"picked":"Dash","floor":14},{"not_picked":["Tools of the Trade","Unload"],"picked":"Venomology","floor":16},{"not_picked":["Dagger Spray","Eviscerate"],"picked":"Sucker Punch","floor":17},{"not_picked":["Dodge and Roll","Dagger Throw"],"picked":"Deflect","floor":18},{"not_picked":["Quick Slash+1","Poisoned Stab"],"picked":"Backflip","floor":21},{"not_picked":["Bane","PiercingWail"],"picked":"Leg Sweep","floor":22},{"not_picked":["Acrobatics+1","Eviscerate+1"],"picked":"Catalyst","floor":23},{"not_picked":["Sucker Punch+1","Dagger Throw"],"picked":"Corpse Explosion","floor":25},{"not_picked":["Slice","Dagger Throw"],"picked":"Poisoned Stab+1","floor":27},{"not_picked":["Night Terror","Phantasmal Killer"],"picked":"Bullet Time","floor":33},{"not_picked":["Setup+1","Predator+1"],"picked":"Bouncing Flask","floor":35},{"not_picked":["Cloak And Dagger+1","Poisoned Stab+1"],"picked":"Noxious Fumes","floor":36},{"not_picked":["Slice","Caltrops"],"picked":"Deflect","floor":37},{"not_picked":["Masterful Stab+1","Caltrops+1"],"picked":"Backflip+1","floor":38},{"not_picked":["Distraction+1","Infinite Blades"],"picked":"Crippling Poison","floor":40},{"not_picked":["Caltrops","Bouncing Flask","Dodge and Roll"],"picked":"Heel Hook+1","floor":42},{"not_picked":["Flash of Steel","Panacea","PanicButton"],"picked":"Master of Strategy","floor":44},{"not_picked":["Blind","Dramatic Entrance","Impatience"],"picked":"Apotheosis","floor":44},{"not_picked":["Good Instincts","Blind","Impatience"],"picked":"Master of Strategy","floor":44},{"not_picked":["Terror","Dagger Spray+1","Flying Knee"],"picked":"Heel Hook","floor":45},{"not_picked":["Dodge and Roll","Dagger Spray+1","Heel Hook+1"],"picked":"Catalyst+1","floor":54}],"player_experience":5731329,"relics_obtained":[{"floor":7,"key":"Ice Cream"},{"floor":9,"key":"Sundial"},{"floor":12,"key":"Gambling Chip"},{"floor":14,"key":"Boot"},{"floor":23,"key":"Darkstone Periapt"},{"floor":25,"key":"Bottled Lightning"},{"floor":37,"key":"Old Coin"},{"floor":40,"key":"Question Card"},{"floor":42,"key":"Ornamental Fan"},{"floor":43,"key":"Vajra"},{"floor":45,"key":"Juzu Bracelet"},{"floor":54,"key":"Kunai"}],"event_choices":[{"damage_healed":0,"gold_gain":0,"player_choice":"3 cards matched","damage_taken":0,"max_hp_gain":0,"max_hp_loss":0,"event_name":"Match and Keep!","floor":2,"gold_loss":0,"cards_obtained":["Burst","Slice","Predator"]},{"damage_healed":0,"gold_gain":0,"player_choice":"Got Potions","damage_taken":0,"max_hp_gain":0,"max_hp_loss":0,"event_name":"Lab","floor":5,"gold_loss":0},{"damage_healed":0,"gold_gain":0,"player_choice":"Ignored","damage_taken":0,"max_hp_gain":0,"max_hp_loss":0,"event_name":"Vampires","floor":19,"gold_loss":0},{"damage_healed":0,"gold_gain":99,"player_choice":"Stole From Cult","damage_taken":0,"max_hp_gain":0,"max_hp_loss":0,"event_name":"Nest","floor":29,"gold_loss":0},{"damage_healed":0,"gold_gain":75,"player_choice":"Touch","damage_taken":7,"max_hp_gain":0,"max_hp_loss":0,"event_name":"FaceTrader","floor":31,"gold_loss":0},{"damage_healed":0,"gold_gain":0,"player_choice":"Fight","damage_taken":0,"max_hp_gain":0,"max_hp_loss":0,"event_name":"Mysterious Sphere","floor":37,"gold_loss":0},{"damage_healed":0,"gold_gain":0,"player_choice":"Ignored","damage_taken":0,"max_hp_gain":0,"max_hp_loss":0,"event_name":"Tomb of Lord Red Mask","floor":39,"gold_loss":0},{"damage_healed":0,"gold_gain":0,"player_choice":"Memory 3","damage_taken":10,"max_hp_gain":0,"max_hp_loss":0,"event_name":"SensoryStone","floor":44,"gold_loss":0}],"is_beta":true,"boss_relics":[{"not_picked":["WristBlade","Sozu"],"picked":"Tiny House"},{"not_picked":["Calling Bell","Busted Crown"],"picked":"Fusion Hammer"}],"items_purged_floors":[20,46,53],"is_endless":false,"potions_floor_spawned":[1,12,13,16,18,25,33,38,42,45,54],"ascension_level":1}