{"gold_per_floor":[110,65,82,47,47,47,75,75,75,100,117,107,107,123,123,218,218,250,177,205,217],"floor_reached":21,"playtime":790,"items_purged":[],"score":310,"play_id":"f1421e3b-c75b-436e-ac8d-32085f6f25f1","local_time":"20190209221448","is_ascension_mode":true,"campfire_choices":[{"data":"Blur","floor":6,"key":"SMITH"},{"data":"Neutralize","floor":8,"key":"SMITH"},{"data":"Noxious Fumes","floor":15,"key":"SMITH"}],"neow_cost":"NONE","seed_source_timestamp":360077697138051,"circlet_count":0,"master_deck":["Defend_G","Defend_G","Defend_G","Defend_G","Defend_G","Strike_G+1","Strike_G+1","Strike_G","Strike_G","Strike_G","Survivor","Neutralize+1","Blur+1","PiercingWail","Well Laid Plans","Noxious Fumes+1","Corpse Explosion","Regret","Decay","Doubt","Deadly Poison","Bouncing Flask"],"relics":["Ring of the Snake","NeowsBlessing","Whetstone","Gremlin Horn","Ginger","Calling Bell","MawBank","Molten Egg 2","Thread and Needle","The Courier"],"potions_floor_usage":[10,10,12,16,21],"damage_taken":[{"damage":0,"enemies":"2 Louse","floor":1,"turns":1},{"damage":0,"enemies":"Small Slimes","floor":3,"turns":1},{"damage":0,"enemies":"3 Sentries","floor":7,"turns":2},{"damage":38,"enemies":"Gremlin Nob","floor":10,"turns":6},{"damage":0,"enemies":"Cultist","floor":11,"turns":4},{"damage":8,"enemies":"Exordium Thugs","floor":12,"turns":5},{"damage":1,"enemies":"2 Fungi Beasts","floor":14,"turns":4},{"damage":21,"enemies":"Hexaghost","floor":16,"turns":11},{"damage":18,"enemies":"Shell Parasite","floor":18,"turns":7},{"damage":4,"enemies":"Chosen","floor":20,"turns":6},{"damage":57,"enemies":"Shelled Parasite and Fungi","floor":21,"turns":5}],"seed_played":"-5810575822236573882","potions_obtained":[{"floor":1,"key":"Weak Potion"},{"floor":5,"key":"Strength Potion"},{"floor":5,"key":"Explosive Potion"},{"floor":11,"key":"Regen Potion"},{"floor":18,"key":"Explosive Potion"}],"is_trial":false,"path_per_floor":["M","$","M","?","?","R","E","R","T","E","M","M","T","M","R","B",null,"M","?","M","M"],"character_chosen":"THE_SILENT","items_purchased":["PiercingWail"],"campfire_rested":0,"item_purchase_floors":[2],"current_hp_per_floor":[63,63,63,70,70,70,70,70,70,32,32,38,38,37,37,16,57,39,39,35,0],"gold":217,"neow_bonus":"THREE_ENEMY_KILL","is_prod":false,"is_daily":false,"chose_seed":false,"campfire_upgraded":3,"win_rate":0,"timestamp":1549761288,"path_taken":["M","$","M","?","?","R","E","R","T","E","?","M","?","M","R","BOSS","M","?","M","M"],"build_version":"2019-01-23","purchased_purges":0,"victory":false,"max_hp_per_floor":[70,70,70,70,70,70,70,70,70,70,70,70,70,70,70,70,70,70,70,70,70],"card_choices":[{"not_picked":["Endless Agony","Bane"],"picked":"Blur","floor":1},{"not_picked":["Deflect","Bane"],"picked":"Well Laid Plans","floor":3},{"not_picked":["PiercingWail","Dagger Spray","Underhanded Strike"],"picked":"SKIP","floor":7},{"not_picked":["Acrobatics","Eviscerate","Endless Agony"],"picked":"SKIP","floor":10},{"not_picked":["Masterful Stab","Cloak And Dagger"],"picked":"Noxious Fumes","floor":11},{"not_picked":["PiercingWail","Underhanded Strike","Dodge and Roll"],"picked":"SKIP","floor":12},{"not_picked":["Endless Agony","Dagger Throw","Backflip"],"picked":"SKIP","floor":14},{"not_picked":["Die Die Die","Venomology"],"picked":"Corpse Explosion","floor":16},{"not_picked":["Reflex","Outmaneuver"],"picked":"Deadly Poison","floor":18},{"not_picked":["Acrobatics","Finisher+1"],"picked":"Bouncing Flask","floor":20}],"player_experience":747000,"relics_obtained":[{"floor":7,"key":"Whetstone"},{"floor":10,"key":"Gremlin Horn"},{"floor":13,"key":"Ginger"},{"floor":17,"key":"MawBank"},{"floor":17,"key":"Molten Egg 2"},{"floor":17,"key":"Thread and Needle"}],"event_choices":[{"damage_healed":17,"gold_gain":0,"player_choice":"Healed","damage_taken":0,"max_hp_gain":0,"max_hp_loss":0,"event_name":"The Cleric","floor":4,"gold_loss":35},{"damage_healed":0,"gold_gain":0,"player_choice":"Got Potions","damage_taken":0,"max_hp_gain":0,"max_hp_loss":0,"event_name":"Lab","floor":5,"gold_loss":0},{"damage_healed":0,"gold_gain":0,"player_choice":"Obtained Relic","damage_taken":0,"relics_obtained":["The Courier"],"max_hp_gain":0,"max_hp_loss":0,"event_name":"Addict","floor":19,"gold_loss":85}],"is_beta":false,"boss_relics":[{"not_picked":["Fusion Hammer","Empty Cage"],"picked":"Calling Bell"}],"items_purged_floors":[],"is_endless":false,"potions_floor_spawned":[1,11,18],"killed_by":"Shelled Parasite and Fungi","ascension_level":9}