{"gold_per_floor":[117,136,150,150,150,185,185,201,201,166,166,8,28,40,40,144,194,212,225,225,225,77,77,107,107,107,137,87,112,112,142,142,243,243,260,276,276,276,290,290,303,303,303,180,197,216,235,235,235,235,235,235,82,82],"floor_reached":54,"playtime":2864,"items_purged":["Survivor","Regret"],"score":1289,"play_id":"e8c63c55-cbfa-4aa2-80b9-f9887d0c4baf","local_time":"20190408011609","is_ascension_mode":true,"campfire_choices":[{"floor":7,"key":"REST"},{"data":"Blur","floor":11,"key":"SMITH"},{"data":"After Image","floor":15,"key":"SMITH"},{"data":"Footwork","floor":23,"key":"SMITH"},{"data":"After Image","floor":25,"key":"SMITH"},{"data":"Blade Dance","floor":32,"key":"SMITH"},{"floor":40,"key":"RECALL"},{"data":"Cloak And Dagger","floor":42,"key":"SMITH"},{"data":"Caltrops","floor":49,"key":"SMITH"},{"floor":52,"key":"REST"}],"neow_cost":"NONE","seed_source_timestamp":564197478907701,"circlet_count":0,"master_deck":["AscendersBane","Defend_G+1","Defend_G+1","Defend_G+1","Defend_G+1","Defend_G+1","Strike_G+1","Strike_G+1","Strike_G+1","Strike_G+1","Strike_G+1","Neutralize","Backflip+1","Dodge and Roll","Caltrops+1","Backstab+1","Blur+1","Dagger Spray+1","After Image+1","Escape Plan","Leg Sweep","After Image+1","Deflect","Masterful Stab","Terror+1","Footwork+1","Escape Plan","Blade Dance+1","Backstab","Burst","Cloak And Dagger+1","Footwork","Footwork","Noxious Fumes","Caltrops+1","Noxious Fumes+1"],"relics":["Ring of the Snake","Smiling Mask","Matryoshka","Letter Opener","Whetstone","Tiny House","Thread and Needle","Strawberry","Centennial Puzzle","Kunai","Bottled Lightning","Pen Nib","Incense Burner","Cursed Key","Bronze Scales"],"potions_floor_usage":[24,27],"damage_taken":[{"damage":0,"enemies":"2 Louse","floor":1,"turns":4},{"damage":0,"enemies":"Small Slimes","floor":2,"turns":5},{"damage":0,"enemies":"Cultist","floor":3,"turns":4},{"damage":36,"enemies":"3 Sentries","floor":6,"turns":10},{"damage":0,"enemies":"2 Fungi Beasts","floor":8,"turns":5},{"damage":0,"enemies":"Blue Slaver","floor":13,"turns":4},{"damage":12,"enemies":"Exordium Wildlife","floor":14,"turns":5},{"damage":17,"enemies":"The Guardian","floor":16,"turns":16},{"damage":0,"enemies":"3 Byrds","floor":18,"turns":3},{"damage":6,"enemies":"Spheric Guardian","floor":19,"turns":8},{"damage":8,"enemies":"Slavers","floor":24,"turns":9},{"damage":0,"enemies":"Gremlin Leader","floor":27,"turns":8},{"damage":0,"enemies":"Book of Stabbing","floor":29,"turns":6},{"damage":21,"enemies":"Slavers","floor":31,"turns":7},{"damage":0,"enemies":"Automaton","floor":33,"turns":14},{"damage":0,"enemies":"3 Darklings","floor":35,"turns":8},{"damage":0,"enemies":"3 Shapes","floor":36,"turns":7},{"damage":0,"enemies":"Maw","floor":39,"turns":9},{"damage":16,"enemies":"Transient","floor":41,"turns":5},{"damage":14,"enemies":"4 Shapes","floor":45,"turns":6},{"damage":6,"enemies":"Spire Growth","floor":46,"turns":6},{"damage":0,"enemies":"Maw","floor":47,"turns":8},{"damage":13,"enemies":"Awakened One","floor":50,"turns":21},{"damage":89,"enemies":"Shield and Spear","floor":54,"turns":8}],"seed_played":"-1508199127724790428","potions_obtained":[{"floor":1,"key":"SpeedPotion"},{"floor":3,"key":"Weak Potion"},{"floor":13,"key":"Regen Potion"},{"floor":24,"key":"SmokeBomb"},{"floor":27,"key":"Strength Potion"},{"floor":38,"key":"LiquidBronze"},{"floor":45,"key":"LiquidBronze"}],"is_trial":false,"path_per_floor":["M","M","M","?","?","E","R","M","T","?","R","$","M","M","R","B",null,"M","M","?","?","$","R","E","R","T","E","$","E","?","E","R","B",null,"M","M","?","?","M","R","M","R","T","$","M","M","M","$","R","B",null,"R","$","E"],"character_chosen":"THE_SILENT","items_purchased":["After Image","Footwork","Escape Plan","Noxious Fumes","Bronze Scales"],"campfire_rested":2,"item_purchase_floors":[12,22,22,44,53],"current_hp_per_floor":[63,63,63,56,56,20,41,41,41,58,58,58,58,46,46,29,65,65,59,59,59,59,59,73,73,73,73,73,73,73,52,52,52,75,75,75,75,75,75,75,59,59,59,59,45,39,39,39,39,26,68,82,82,0],"gold":82,"neow_bonus":"THREE_CARDS","is_prod":false,"is_daily":false,"chose_seed":false,"campfire_upgraded":7,"win_rate":0,"timestamp":1554696969,"path_taken":["M","M","M","?","?","E","R","M","T","?","R","$","M","M","R","BOSS","M","M","?","?","$","R","E","R","T","E","$","E","?","E","R","BOSS","M","M","?","?","M","R","M","R","T","$","M","?","M","$","R","BOSS","R","$","E"],"build_version":"2019-01-23","purchased_purges":2,"victory":false,"max_hp_per_floor":[70,70,70,70,70,70,70,70,70,70,70,70,70,70,70,70,75,75,75,75,75,75,75,82,82,82,82,82,82,82,82,82,82,82,82,82,82,82,82,82,82,82,82,82,82,82,82,82,82,82,82,82,82,82],"card_choices":[{"not_picked":["Deflect","Underhanded Strike"],"picked":"Backflip","floor":0},{"not_picked":["Slice","Accuracy"],"picked":"Dodge and Roll","floor":1},{"not_picked":["Underhanded Strike","Flying Knee"],"picked":"Caltrops","floor":2},{"not_picked":["Finisher","Endless Agony"],"picked":"Backstab","floor":3},{"not_picked":["Setup","Infinite Blades"],"picked":"Blur","floor":6},{"not_picked":["PiercingWail","Blade Dance"],"picked":"Dagger Spray","floor":8},{"not_picked":["PiercingWail","Dodge and Roll"],"picked":"Escape Plan","floor":13},{"not_picked":["Dagger Throw","Accuracy"],"picked":"Leg Sweep","floor":14},{"not_picked":["Night Terror","Phantasmal Killer"],"picked":"After Image","floor":16},{"not_picked":["Dagger Throw","Flying Knee"],"picked":"Deflect","floor":17},{"not_picked":["Poisoned Stab","Backflip+1"],"picked":"Masterful Stab","floor":18},{"not_picked":["Cloak And Dagger","Riddle With Holes"],"picked":"Terror+1","floor":19},{"not_picked":["Backflip","Crippling Poison","PiercingWail"],"picked":"SKIP","floor":24},{"not_picked":["Grand Finale","Deadly Poison"],"picked":"Blade Dance","floor":27},{"not_picked":["Prepared","Calculated Gamble+1"],"picked":"Backstab","floor":29},{"not_picked":["Eviscerate","Backflip","Dagger Spray"],"picked":"SKIP","floor":31},{"not_picked":["Malaise","Wraith Form v2"],"picked":"Burst","floor":33},{"not_picked":["Slice","Dodge and Roll"],"picked":"Cloak And Dagger","floor":35},{"not_picked":["Dagger Spray+1","Underhanded Strike"],"picked":"Footwork","floor":36},{"not_picked":["Dagger Spray","Deadly Poison","Slice"],"picked":"SKIP","floor":39},{"not_picked":["Accuracy","Cloak And Dagger"],"picked":"Footwork","floor":41},{"not_picked":["Dagger Throw","Underhanded Strike","Expertise+1"],"picked":"SKIP","floor":45},{"not_picked":["Reflex","Concentrate"],"picked":"Caltrops","floor":46},{"not_picked":["Eviscerate","Glass Knife"],"picked":"Noxious Fumes+1","floor":47}],"player_experience":1048129,"relics_obtained":[{"floor":6,"key":"Matryoshka"},{"floor":9,"key":"Letter Opener"},{"floor":9,"key":"Whetstone"},{"floor":24,"key":"Strawberry"},{"floor":26,"key":"Centennial Puzzle"},{"floor":26,"key":"Kunai"},{"floor":27,"key":"Bottled Lightning"},{"floor":29,"key":"Pen Nib"},{"floor":31,"key":"Incense Burner"}],"event_choices":[{"damage_healed":0,"gold_gain":0,"player_choice":"Success","damage_taken":7,"relics_obtained":["Smiling Mask"],"max_hp_gain":0,"max_hp_loss":0,"event_name":"Scrap Ooze","floor":4,"gold_loss":0},{"damage_healed":0,"gold_gain":0,"player_choice":"Grow","damage_taken":0,"max_hp_gain":0,"max_hp_loss":0,"event_name":"Living Wall","floor":5,"gold_loss":0,"cards_upgraded":["Caltrops"]},{"damage_healed":17,"gold_gain":0,"player_choice":"Healed","damage_taken":0,"max_hp_gain":0,"max_hp_loss":0,"event_name":"The Cleric","floor":10,"gold_loss":35},{"damage_healed":0,"gold_gain":0,"player_choice":"Opened","damage_taken":0,"relics_obtained":["Thread and Needle"],"max_hp_gain":0,"max_hp_loss":0,"event_name":"The Mausoleum","floor":20,"gold_loss":0},{"damage_healed":0,"gold_gain":0,"player_choice":"Simplicity","damage_taken":0,"max_hp_gain":0,"max_hp_loss":0,"event_name":"Back to Basics","floor":21,"gold_loss":0,"cards_upgraded":["Defend_G","Defend_G","Defend_G","Defend_G","Defend_G","Strike_G","Strike_G","Strike_G","Strike_G","Strike_G"]},{"damage_healed":0,"gold_gain":0,"player_choice":"Ignored","damage_taken":0,"max_hp_gain":0,"max_hp_loss":0,"event_name":"Vampires","floor":30,"gold_loss":0},{"damage_healed":0,"gold_gain":0,"player_choice":"Memory 1","damage_taken":0,"max_hp_gain":0,"max_hp_loss":0,"event_name":"SensoryStone","floor":37,"gold_loss":0},{"damage_healed":0,"gold_gain":0,"player_choice":"Got Potions","damage_taken":0,"max_hp_gain":0,"max_hp_loss":0,"event_name":"Lab","floor":38,"gold_loss":0}],"is_beta":false,"boss_relics":[{"not_picked":["Snecko Eye","Lizard Tail"],"picked":"Tiny House"},{"not_picked":["Calling Bell","Empty Cage"],"picked":"Cursed Key"}],"items_purged_floors":[28,44],"is_endless":false,"potions_floor_spawned":[1,3,13,14,24,27,31,41,45,47],"killed_by":"Shield and Spear","ascension_level":12}