{"gold_per_floor":[119,149,6,6,16,50,50,75,75,89,105,30,44,64,64,165,165,176,176],"floor_reached":19,"playtime":597,"items_purged":["Regret"],"score":332,"play_id":"99fa1320-764f-4135-bf1d-c2909d2358f7","local_time":"20190219184058","is_ascension_mode":true,"campfire_choices":[{"data":"Self Repair","floor":7,"key":"SMITH"},{"data":"Zap","floor":15,"key":"SMITH"}],"neow_cost":"NONE","seed_source_timestamp":450172256582879,"circlet_count":0,"master_deck":["Strike_B","Strike_B","Strike_B","Strike_B","Defend_B","Defend_B","Defend_B","Defend_B","Zap+1","Dualcast","Conserve Battery","Self Repair+1","Beam Cell","Sweeping Beam","Self Repair+1","Leap","Defragment+1","Storm+1","Buffer+1","Leap"],"relics":["Cracked Core","NeowsBlessing","Tiny Chest","PreservedInsect","Bag of Marbles","Potion Belt","Happy Flower","Frozen Egg 2","Inserter"],"potions_floor_usage":[8,16],"damage_taken":[{"damage":0,"enemies":"Jaw Worm","floor":1,"turns":1},{"damage":0,"enemies":"Small Slimes","floor":5,"turns":1},{"damage":0,"enemies":"3 Sentries","floor":6,"turns":1},{"damage":0,"enemies":"Gremlin Nob","floor":8,"turns":2},{"damage":0,"enemies":"Cultist","floor":10,"turns":3},{"damage":35,"enemies":"Lots of Slimes","floor":11,"turns":4},{"damage":23,"enemies":"Large Slime","floor":13,"turns":7},{"damage":4,"enemies":"Blue Slaver","floor":14,"turns":3},{"damage":60,"enemies":"Hexaghost","floor":16,"turns":11},{"damage":0,"enemies":"Spheric Guardian","floor":18,"turns":3},{"damage":74,"enemies":"Masked Bandits","floor":19,"turns":4}],"seed_played":"1205096792571447675","potions_obtained":[{"floor":5,"key":"Fire Potion"},{"floor":10,"key":"SpeedPotion"},{"floor":16,"key":"SteroidPotion"},{"floor":18,"key":"EssenceOfSteel"}],"is_trial":false,"path_per_floor":["M","?","$","?","M","E","R","E","T","M","M","$","M","M","R","B",null,"M","?"],"character_chosen":"DEFECT","items_purchased":["PreservedInsect"],"campfire_rested":0,"item_purchase_floors":[3],"current_hp_per_floor":[68,61,61,61,61,61,61,61,61,71,56,56,53,69,69,29,64,74,0],"gold":176,"neow_bonus":"THREE_ENEMY_KILL","is_prod":false,"is_daily":false,"chose_seed":false,"campfire_upgraded":2,"win_rate":0,"timestamp":1550612458,"path_taken":["M","?","$","?","M","E","R","E","T","M","M","$","M","M","R","BOSS","M","?"],"build_version":"2019-01-23","purchased_purges":1,"victory":false,"max_hp_per_floor":[75,75,75,75,75,75,75,75,75,75,75,75,75,75,75,75,75,75,75],"card_choices":[{"not_picked":["Beam Cell","Streamline"],"picked":"Conserve Battery","floor":1},{"not_picked":["Coolheaded","Doom and Gloom"],"picked":"Self Repair","floor":5},{"not_picked":["Go for the Eyes","Skim"],"picked":"Beam Cell","floor":6},{"not_picked":["Coolheaded","Melter"],"picked":"Sweeping Beam","floor":8},{"not_picked":["Gash","Chill"],"picked":"Self Repair+1","floor":10},{"not_picked":["Stack","Gash"],"picked":"Leap","floor":11},{"not_picked":["Genetic Algorithm","Coolheaded"],"picked":"Defragment+1","floor":13},{"not_picked":["Lockon","Stack"],"picked":"Storm+1","floor":14},{"not_picked":["Meteor Strike","Core Surge"],"picked":"Buffer+1","floor":16},{"not_picked":["Compile Driver","Stack"],"picked":"Leap","floor":18}],"player_experience":795406,"relics_obtained":[{"floor":6,"key":"Potion Belt"},{"floor":8,"key":"Happy Flower"},{"floor":9,"key":"Frozen Egg 2"}],"event_choices":[{"damage_healed":0,"gold_gain":0,"player_choice":"Success","damage_taken":7,"relics_obtained":["Tiny Chest"],"max_hp_gain":0,"max_hp_loss":0,"event_name":"Scrap Ooze","floor":2,"gold_loss":0},{"damage_healed":0,"gold_gain":0,"player_choice":"Box","damage_taken":0,"relics_obtained":["Bag of Marbles"],"max_hp_gain":0,"max_hp_loss":0,"event_name":"Big Fish","floor":4,"gold_loss":0,"cards_obtained":["Regret"]},{"damage_healed":0,"gold_gain":0,"player_choice":"Fought Bandits","damage_taken":0,"max_hp_gain":0,"max_hp_loss":0,"event_name":"Masked Bandits","floor":19,"gold_loss":0}],"is_beta":false,"boss_relics":[{"not_picked":["Black Star","Philosopher\u0027s Stone"],"picked":"Inserter"}],"items_purged_floors":[12],"is_endless":false,"potions_floor_spawned":[5,10,16,18],"killed_by":"Masked Bandits","ascension_level":9}