{"gold_per_floor":[114,125,142,216,230,257,277,307,307,337,355,305,364,393,393,491,491,491,491,189,189,189,189,189,189,189,189,189,189,189,189,189,189,189,189,189,189,189,189,189,189,189,189,189,189,189,189,189,189,189,189,189,13,13,13],"floor_reached":56,"playtime":4209,"items_purged":[],"score":1424,"play_id":"b0db45da-03f8-4e33-b56d-ad3ddc4bae2b","local_time":"20190323011845","is_ascension_mode":true,"campfire_choices":[{"data":"Creative AI","floor":15,"key":"SMITH"},{"data":"Amplify","floor":24,"key":"SMITH"},{"data":"Hello World","floor":30,"key":"SMITH"},{"data":"Hologram","floor":32,"key":"SMITH"},{"floor":40,"key":"RECALL"},{"data":"Deep Breath","floor":44,"key":"SMITH"},{"data":"Seek","floor":49,"key":"SMITH"},{"data":"Reboot","floor":52,"key":"SMITH"}],"neow_cost":"NONE","seed_source_timestamp":970260545501258,"circlet_count":0,"master_deck":["Zap","Dualcast","Doom and Gloom","Hello World+1","Self Repair","Conserve Battery","Sunder","Self Repair","Creative AI+1","Go for the Eyes","Amplify+1","Cold Snap","Reboot+1","Static Discharge+1","Conserve Battery","FTL","PanicButton","Ball Lightning+1","Coolheaded","Static Discharge+1","Hologram+1","Undo+1","Echo Form","Seek+1","Rainbow","BootSequence","Sweeping Beam+1","Barrage+1","Self Repair","Electrodynamics","Stack","Hologram+1","Capacitor+1","Aggregate","Panache","Deep Breath+1","Jack Of All Trades","Hologram+1","Stack+1","Capacitor"],"relics":["Cracked Core","Vajra","Matryoshka","Bag of Preparation","Ancient Tea Set","Sundial","Bird Faced Urn","Bottled Lightning","Incense Burner","Ectoplasm","Mummified Hand","Pen Nib","Molten Egg 2","Orichalcum","Cables","Smiling Mask","Pandora\u0027s Box","Anchor","StoneCalendar","Mango","Gremlin Horn","Centennial Puzzle","Lantern"],"potions_floor_usage":[5,8,13,16,23,33,54,55,55],"damage_taken":[{"damage":3,"enemies":"Jaw Worm","floor":1,"turns":3},{"damage":0,"enemies":"Small Slimes","floor":2,"turns":3},{"damage":0,"enemies":"Cultist","floor":3,"turns":3},{"damage":1,"enemies":"Gremlin Gang","floor":5,"turns":3},{"damage":13,"enemies":"3 Sentries","floor":6,"turns":8},{"damage":9,"enemies":"Lots of Slimes","floor":7,"turns":3},{"damage":9,"enemies":"Lagavulin","floor":8,"turns":7},{"damage":20,"enemies":"3 Sentries","floor":10,"turns":7},{"damage":8,"enemies":"Large Slime","floor":11,"turns":5},{"damage":30,"enemies":"Gremlin Nob","floor":13,"turns":5},{"damage":0,"enemies":"Lagavulin","floor":14,"turns":5},{"damage":6,"enemies":"Slime Boss","floor":16,"turns":8},{"damage":21,"enemies":"Shell Parasite","floor":18,"turns":4},{"damage":3,"enemies":"Chosen","floor":22,"turns":4},{"damage":11,"enemies":"Gremlin Leader","floor":23,"turns":6},{"damage":19,"enemies":"Book of Stabbing","floor":25,"turns":4},{"damage":0,"enemies":"3 Cultists","floor":27,"turns":4},{"damage":12,"enemies":"Gremlin Leader","floor":28,"turns":6},{"damage":2,"enemies":"Sentry and Sphere","floor":29,"turns":3},{"damage":26,"enemies":"Slavers","floor":31,"turns":4},{"damage":20,"enemies":"Automaton","floor":33,"turns":11},{"damage":0,"enemies":"3 Shapes","floor":35,"turns":3},{"damage":0,"enemies":"3 Darklings","floor":36,"turns":2},{"damage":0,"enemies":"Jaw Worm Horde","floor":37,"turns":3},{"damage":0,"enemies":"Maw","floor":38,"turns":8},{"damage":3,"enemies":"Reptomancer","floor":41,"turns":5},{"damage":3,"enemies":"Giant Head","floor":45,"turns":7},{"damage":0,"enemies":"Nemesis","floor":47,"turns":7},{"damage":0,"enemies":"3 Darklings","floor":48,"turns":2},{"damage":12,"enemies":"Awakened One","floor":50,"turns":12},{"damage":64,"enemies":"Shield and Spear","floor":54,"turns":4},{"damage":73,"enemies":"The Heart","floor":55,"turns":9}],"seed_played":"4055649034201279479","potions_obtained":[{"floor":1,"key":"Block Potion"},{"floor":6,"key":"SkillPotion"},{"floor":8,"key":"EssenceOfSteel"},{"floor":11,"key":"SkillPotion"},{"floor":13,"key":"Fruit Juice"},{"floor":16,"key":"Strength Potion"},{"floor":25,"key":"Energy Potion"},{"floor":27,"key":"Dexterity Potion"},{"floor":35,"key":"FearPotion"}],"is_trial":false,"path_per_floor":["M","M","M","?","M","E","M","E","T","E","M","?","?","E","R","B",null,"M","?","$","?","M","E","R","E","T","M","E","M","R","E","R","B",null,"M","M","M","M","?","R","E","?","T","R","E","T","E","M","R","B",null,"R","$","E","B",null],"character_chosen":"DEFECT","items_purchased":["Mummified Hand","Conserve Battery","Capacitor","Weak Potion","Dexterity Potion"],"campfire_rested":0,"item_purchase_floors":[20,20,53,53,53],"current_hp_per_floor":[72,72,72,72,75,69,67,72,72,66,75,75,74,80,80,80,80,80,80,80,80,80,80,80,79,79,80,80,80,80,80,80,80,80,80,80,80,80,80,80,80,70,70,70,94,94,94,94,94,94,94,94,94,80,74],"gold":13,"neow_bonus":"RANDOM_COMMON_RELIC","is_prod":false,"is_daily":false,"chose_seed":false,"campfire_upgraded":7,"win_rate":0,"timestamp":1553318325,"path_taken":["M","M","M","?","M","E","M","E","T","E","M","?","?","E","R","BOSS","M","?","$","?","?","E","R","E","T","M","E","M","R","E","R","BOSS","M","?","M","?","?","R","E","?","T","R","E","?","E","?","R","BOSS","R","$","E","BOSS"],"build_version":"2019-03-15","purchased_purges":0,"victory":true,"max_hp_per_floor":[75,75,75,75,75,75,75,75,75,75,75,75,80,80,80,80,80,80,80,80,80,80,80,80,80,80,80,80,80,80,80,80,80,80,80,80,80,80,80,80,80,80,80,80,94,94,94,94,94,94,94,94,94,94,94],"card_choices":[{"not_picked":["Chaos","Stack"],"picked":"Doom and Gloom","floor":1},{"not_picked":["Turbo","Beam Cell"],"picked":"Hello World","floor":2},{"not_picked":["Rebound","Gash"],"picked":"Self Repair","floor":3},{"not_picked":["Static Discharge","Compile Driver"],"picked":"Conserve Battery","floor":5},{"not_picked":["Streamline","Rebound"],"picked":"Sunder","floor":6},{"not_picked":["Go for the Eyes","Beam Cell"],"picked":"Self Repair","floor":7},{"not_picked":["Aggregate","Barrage"],"picked":"Creative AI","floor":8},{"not_picked":["Aggregate","Meteor Strike"],"picked":"Go for the Eyes","floor":10},{"not_picked":["Hello World","Rebound","Skim"],"picked":"SKIP","floor":11},{"not_picked":["Barrage","Leap"],"picked":"Amplify","floor":13},{"not_picked":["Ball Lightning","Recycle"],"picked":"Cold Snap","floor":14},{"not_picked":["Hyperbeam","Rainbow"],"picked":"Reboot","floor":16},{"not_picked":["Ball Lightning","Loop"],"picked":"Static Discharge+1","floor":18},{"not_picked":["Ball Lightning","Redo","Rebound"],"picked":"SKIP","floor":22},{"not_picked":["All For One","Blizzard"],"picked":"Ball Lightning+1","floor":23},{"not_picked":["Sunder","Redo","Hyperbeam"],"picked":"SKIP","floor":25},{"not_picked":["Rebound+1","Sweeping Beam+1"],"picked":"Coolheaded","floor":27},{"not_picked":["Scrape+1","Rainbow"],"picked":"Static Discharge+1","floor":28},{"not_picked":["Leap","Gash+1"],"picked":"Hologram","floor":29},{"not_picked":["Gash+1","Barrage+1"],"picked":"Undo+1","floor":31},{"not_picked":["Thunder Strike+1","Meteor Strike+1"],"picked":"Echo Form","floor":33},{"not_picked":["Hologram","Ball Lightning+1"],"picked":"Stack","floor":35},{"not_picked":["Static Discharge","Coolheaded"],"picked":"Hologram+1","floor":36},{"not_picked":["Rebound+1","BootSequence"],"picked":"Capacitor+1","floor":37},{"not_picked":["Skim+1","Sweeping Beam+1"],"picked":"Aggregate","floor":38},{"not_picked":["Darkness","Sweeping Beam+1","Melter+1"],"picked":"SKIP","floor":41},{"not_picked":["Jack Of All Trades","Impatience"],"picked":"Panache","floor":42},{"not_picked":["Dark Shackles","Discovery"],"picked":"Deep Breath","floor":42},{"not_picked":["Secret Weapon","Metamorphosis"],"picked":"Jack Of All Trades","floor":42},{"not_picked":["Rip and Tear+1","Gash+1"],"picked":"Hologram+1","floor":45},{"not_picked":["Sweeping Beam+1","Compile Driver+1"],"picked":"Stack+1","floor":47},{"not_picked":["Hologram+1","Barrage+1","Genetic Algorithm+1"],"picked":"SKIP","floor":48},{"not_picked":["Redo","Genetic Algorithm+1","Rebound+1"],"picked":"SKIP","floor":54}],"player_experience":4983435,"relics_obtained":[{"floor":6,"key":"Matryoshka"},{"floor":8,"key":"Bag of Preparation"},{"floor":9,"key":"Ancient Tea Set"},{"floor":9,"key":"Sundial"},{"floor":10,"key":"Bird Faced Urn"},{"floor":13,"key":"Bottled Lightning"},{"floor":14,"key":"Incense Burner"},{"floor":23,"key":"Pen Nib"},{"floor":25,"key":"Molten Egg 2"},{"floor":26,"key":"Orichalcum"},{"floor":28,"key":"Cables"},{"floor":31,"key":"Smiling Mask"},{"floor":41,"key":"Anchor"},{"floor":43,"key":"StoneCalendar"},{"floor":45,"key":"Mango"},{"floor":46,"key":"Gremlin Horn"},{"floor":47,"key":"Centennial Puzzle"},{"floor":54,"key":"Lantern"}],"event_choices":[{"damage_healed":0,"gold_gain":74,"player_choice":"Gained Gold","damage_taken":0,"max_hp_gain":0,"max_hp_loss":0,"event_name":"Golden Wing","floor":4,"gold_loss":0},{"cards_removed":["Strike_B"],"damage_healed":0,"gold_gain":0,"player_choice":"Card Removal","damage_taken":0,"max_hp_gain":0,"max_hp_loss":0,"event_name":"The Cleric","floor":12,"gold_loss":50},{"damage_healed":0,"gold_gain":30,"player_choice":"Searched \u00272\u0027 times","damage_taken":0,"max_hp_gain":0,"max_hp_loss":0,"event_name":"Dead Adventurer","floor":13,"gold_loss":0},{"damage_healed":0,"gold_gain":0,"player_choice":"Ignored","damage_taken":0,"max_hp_gain":0,"max_hp_loss":0,"event_name":"Ghosts","floor":19,"gold_loss":0},{"damage_healed":0,"gold_gain":0,"player_choice":"2 cards matched","damage_taken":0,"max_hp_gain":0,"max_hp_loss":0,"event_name":"Match and Keep!","floor":21,"gold_loss":0,"cards_obtained":["FTL","PanicButton"]},{"damage_healed":0,"gold_gain":0,"player_choice":"Ignored","damage_taken":0,"max_hp_gain":0,"max_hp_loss":0,"event_name":"Tomb of Lord Red Mask","floor":39,"gold_loss":0},{"damage_healed":0,"gold_gain":0,"player_choice":"Memory 3","damage_taken":10,"max_hp_gain":0,"max_hp_loss":0,"event_name":"SensoryStone","floor":42,"gold_loss":0}],"is_beta":true,"boss_relics":[{"not_picked":["Lizard Tail","Fusion Hammer"],"picked":"Ectoplasm"},{"not_picked":["Runic Pyramid","Eternal Feather"],"picked":"Pandora\u0027s Box"}],"items_purged_floors":[],"is_endless":false,"potions_floor_spawned":[1,6,8,11,13,16,25,27,28,29,35,36,41,47,48],"ascension_level":1}