{"gold_per_floor":[113,113,125,102,29,29,42,70,70,100,111,111,145,92,92,193,193,211,211,223,233,134,134,168,168,168,200,53,71,100,117,117,117],"floor_reached":33,"playtime":975,"items_purged":[],"score":423,"play_id":"68981719-2443-4819-829d-1d6e1508f075","local_time":"20190126233306","is_ascension_mode":true,"campfire_choices":[{"data":"Rampage","floor":6,"key":"SMITH"},{"data":"Anger","floor":12,"key":"SMITH"},{"data":"Havoc","floor":15,"key":"SMITH"},{"data":"Armaments","floor":23,"key":"SMITH"},{"floor":32,"key":"REST"}],"neow_cost":"NONE","seed_source_timestamp":350874070760996,"circlet_count":0,"master_deck":["Strike_R","Strike_R","Strike_R","Defend_R","Defend_R","Defend_R","Defend_R","Bash","Cleave","Cleave","Flex","Rampage+1","Headbutt","Anger+1","Anger","Power Through","Havoc+1","Double Tap","Inflame","Rupture","Corruption+1","Havoc+1","Combust","Armaments+1","Second Wind+1","Pain","Armaments+1","Immolate+1","Headbutt+1","Fire Breathing","Iron Wave+1"],"relics":["Burning Blood","Red Skull","Thread and Needle","Unceasing Top","Bird Faced Urn","Kunai","Cursed Key","Blood Vial","Bag of Marbles","Bottled Lightning","Molten Egg 2","Self Forming Clay"],"potions_floor_usage":[16,21,24,27,31],"damage_taken":[{"damage":8,"enemies":"Small Slimes","floor":1,"turns":5},{"damage":1,"enemies":"Cultist","floor":3,"turns":4},{"damage":0,"enemies":"2 Louse","floor":7,"turns":2},{"damage":40,"enemies":"Lagavulin","floor":8,"turns":4},{"damage":3,"enemies":"Exordium Wildlife","floor":11,"turns":3},{"damage":14,"enemies":"Gremlin Nob","floor":13,"turns":3},{"damage":17,"enemies":"The Guardian","floor":16,"turns":9},{"damage":0,"enemies":"Chosen","floor":18,"turns":4},{"damage":2,"enemies":"Shell Parasite","floor":20,"turns":4},{"damage":39,"enemies":"Centurion and Healer","floor":21,"turns":6},{"damage":10,"enemies":"Slavers","floor":24,"turns":3},{"damage":44,"enemies":"Gremlin Leader","floor":27,"turns":5},{"damage":1,"enemies":"3 Cultists","floor":29,"turns":3},{"damage":32,"enemies":"Slavers","floor":30,"turns":4},{"damage":18,"enemies":"Sentry and Sphere","floor":31,"turns":4},{"damage":54,"enemies":"Automaton","floor":33,"turns":6}],"seed_played":"-2709721692670495876","potions_obtained":[{"floor":3,"key":"Strength Potion"},{"floor":7,"key":"SteroidPotion"},{"floor":16,"key":"Explosive Potion"},{"floor":20,"key":"BloodPotion"},{"floor":30,"key":"GamblersBrew"}],"is_trial":false,"path_per_floor":["M","?","M","$","$","R","M","E","T","?","M","R","E","$","R","B",null,"M","?","M","M","$","R","E","?","T","E","$","M","E","M","R","B"],"character_chosen":"IRONCLAD","items_purchased":["Flex","Rampage","Havoc","Combust","Armaments","Immolate+1"],"campfire_rested":1,"item_purchase_floors":[4,5,14,22,22,28],"current_hp_per_floor":[70,70,75,75,75,75,80,46,46,46,49,49,41,41,41,30,68,74,74,80,60,60,60,62,62,62,30,30,41,21,15,39,0],"gold":117,"neow_bonus":"RANDOM_COMMON_RELIC","is_prod":false,"is_daily":false,"chose_seed":false,"campfire_upgraded":4,"win_rate":0,"timestamp":1548556386,"path_taken":["M","?","M","?","$","R","?","E","T","?","M","R","E","$","R","BOSS","M","?","M","?","$","R","E","?","T","E","?","M","E","M","R","BOSS"],"build_version":"2019-01-23","purchased_purges":0,"victory":false,"max_hp_per_floor":[80,80,80,80,80,80,80,80,80,80,80,80,80,80,80,80,80,80,80,80,80,80,80,80,80,80,80,80,80,80,80,80,80],"card_choices":[{"not_picked":["True Grit","Thunderclap"],"picked":"Cleave","floor":1},{"not_picked":["Combust","Clash"],"picked":"Cleave","floor":3},{"not_picked":["Sentinel","Armaments"],"picked":"Headbutt","floor":7},{"not_picked":["Armaments","Pommel Strike"],"picked":"Anger","floor":8},{"not_picked":["Clash","Perfected Strike"],"picked":"Anger","floor":11},{"not_picked":["Carnage","Brutality"],"picked":"Power Through","floor":13},{"not_picked":["Juggernaut","Dark Embrace"],"picked":"Double Tap","floor":16},{"not_picked":["Body Slam","Twin Strike"],"picked":"Inflame","floor":18},{"not_picked":["Body Slam+1","Disarm+1"],"picked":"Corruption+1","floor":20},{"not_picked":["Heavy Blade","Warcry"],"picked":"Havoc+1","floor":21},{"not_picked":["Spot Weakness","Clash"],"picked":"Second Wind+1","floor":24},{"not_picked":["Cleave","Wild Strike"],"picked":"Armaments+1","floor":27},{"not_picked":["Havoc","Barricade"],"picked":"Headbutt+1","floor":29},{"not_picked":["Heavy Blade+1","Dropkick+1"],"picked":"Fire Breathing","floor":30},{"not_picked":["Sword Boomerang+1","Blood for Blood+1"],"picked":"Iron Wave+1","floor":31}],"player_experience":680288,"relics_obtained":[{"floor":8,"key":"Thread and Needle"},{"floor":9,"key":"Unceasing Top"},{"floor":13,"key":"Kunai"},{"floor":24,"key":"Blood Vial"},{"floor":26,"key":"Bottled Lightning"},{"floor":27,"key":"Molten Egg 2"},{"floor":30,"key":"Self Forming Clay"}],"event_choices":[{"cards_removed":["Strike_R"],"damage_healed":0,"gold_gain":0,"player_choice":"Offered Basic","damage_taken":0,"max_hp_gain":0,"max_hp_loss":0,"event_name":"Bonfire Elementals","floor":2,"gold_loss":0},{"damage_healed":0,"gold_gain":30,"player_choice":"Searched \u00273\u0027 times","damage_taken":0,"relics_obtained":["Bird Faced Urn"],"max_hp_gain":0,"max_hp_loss":0,"event_name":"Dead Adventurer","floor":10,"gold_loss":0},{"damage_healed":0,"gold_gain":0,"cards_transformed":["Strike_R"],"player_choice":"Transformed","damage_taken":0,"max_hp_gain":0,"max_hp_loss":0,"event_name":"Transmorgrifier","floor":19,"gold_loss":0,"cards_obtained":["Rupture"]},{"damage_healed":0,"gold_gain":0,"player_choice":"Opened","damage_taken":0,"relics_obtained":["Bag of Marbles"],"max_hp_gain":0,"max_hp_loss":0,"event_name":"The Mausoleum","floor":25,"gold_loss":0}],"is_beta":false,"boss_relics":[{"not_picked":["Snecko Eye","Ectoplasm"],"picked":"Cursed Key"}],"items_purged_floors":[],"is_endless":false,"potions_floor_spawned":[3,7,16,20,30],"killed_by":"Automaton","ascension_level":7}