{"gold_per_floor":[113,113,37,96,171,171,207,225,249,34,75,95,95,118,118,209,272,285,304,35,35,60,93,93,107,177,190,190,190,206,241,241,241],"floor_reached":33,"playtime":952,"items_purged":[],"score":541,"play_id":"a32f80d8-c2bd-42e9-84d7-dfcd3e88443c","local_time":"20190425003017","is_ascension_mode":true,"campfire_choices":[{"data":"Zap","floor":6,"key":"SMITH"},{"data":"Storm","floor":15,"key":"SMITH"},{"data":"Storm","floor":24,"key":"SMITH"},{"floor":32,"key":"REST"}],"neow_cost":"NONE","seed_source_timestamp":1161240684495719,"circlet_count":0,"master_deck":["AscendersBane","Strike_B+1","Strike_B+1","Strike_B+1","Strike_B+1","Defend_B+1","Defend_B+1","Defend_B+1","Defend_B+1","Zap+1","Dualcast","Sunder","FTL","Leap","Coolheaded","Self Repair","Storm+1","Static Discharge","Biased Cognition","Storm+1","Coolheaded+1","Defragment","Thunder Strike","BootSequence","Writhe","Thunder Strike"],"relics":["Cracked Core","NeowsBlessing","Golden Idol","Strawberry","Orichalcum","Tiny Chest","Bird Faced Urn","Tiny House","Membership Card","Bag of Marbles","Boot","Letter Opener","Calipers","Singing Bowl","Darkstone Periapt"],"potions_floor_usage":[23,33],"damage_taken":[{"damage":0,"enemies":"Jaw Worm","floor":1,"turns":1},{"damage":0,"enemies":"Gremlin Nob","floor":7,"turns":1},{"damage":0,"enemies":"2 Louse","floor":8,"turns":1},{"damage":36,"enemies":"Lagavulin","floor":11,"turns":7},{"damage":5,"enemies":"Small Slimes","floor":12,"turns":3},{"damage":8,"enemies":"Exordium Wildlife","floor":14,"turns":4},{"damage":49,"enemies":"The Guardian","floor":16,"turns":13},{"damage":16,"enemies":"2 Thieves","floor":18,"turns":3},{"damage":14,"enemies":"3 Byrds","floor":19,"turns":4},{"damage":35,"enemies":"Book of Stabbing","floor":23,"turns":5},{"damage":8,"enemies":"Snecko","floor":25,"turns":3},{"damage":2,"enemies":"Sentry and Sphere","floor":27,"turns":3},{"damage":0,"enemies":"Snake Plant","floor":30,"turns":2},{"damage":49,"enemies":"Slavers","floor":31,"turns":4},{"damage":97,"enemies":"Collector","floor":33,"turns":8}],"seed_played":"7921312437518110433","potions_obtained":[{"floor":7,"key":"SneckoOil"},{"floor":8,"key":"FairyPotion"},{"floor":12,"key":"Weak Potion"},{"floor":23,"key":"PowerPotion"}],"is_trial":false,"path_per_floor":["M","?","$","?","?","R","E","M","T","$","E","M","?","M","R","B",null,"M","M","$","?","T","E","R","M","T","M","?","T","M","E","R","B"],"character_chosen":"DEFECT","items_purchased":["FTL","Coolheaded","Self Repair","Tiny Chest","Defragment","Membership Card"],"campfire_rested":1,"item_purchase_floors":[3,10,10,10,20,20],"current_hp_per_floor":[64,64,64,64,53,53,60,60,60,60,31,37,61,64,64,28,67,57,60,60,60,60,44,44,53,53,59,59,59,69,37,61,0],"gold":241,"neow_bonus":"THREE_ENEMY_KILL","is_prod":false,"is_daily":false,"chose_seed":false,"campfire_upgraded":3,"win_rate":0,"timestamp":1556163017,"path_taken":["M","?","$","?","?","R","E","M","T","$","E","M","?","M","R","BOSS","M","M","$","?","?","E","R","M","T","M","?","?","M","E","R","BOSS"],"build_version":"2019-01-23","purchased_purges":0,"victory":false,"max_hp_per_floor":[71,66,66,66,66,66,73,73,73,73,73,73,73,73,73,73,78,78,78,78,78,78,78,78,78,78,78,78,78,80,80,80,80],"card_choices":[{"not_picked":["Turbo","Stack"],"picked":"Sunder","floor":1},{"not_picked":["Darkness","Force Field"],"picked":"Leap","floor":7},{"not_picked":["Hello World","Undo","Compile Driver"],"picked":"SKIP","floor":8},{"not_picked":["Ball Lightning","White Noise"],"picked":"Storm","floor":11},{"not_picked":["Rebound","Scrape","Sweeping Beam"],"picked":"SKIP","floor":12},{"not_picked":["Barrage","Compile Driver"],"picked":"Static Discharge","floor":14},{"not_picked":["Fission","Rainbow"],"picked":"Biased Cognition","floor":16},{"not_picked":["Redo","Aggregate"],"picked":"Storm","floor":17},{"not_picked":["Double Energy","Genetic Algorithm","Ball Lightning"],"picked":"SKIP","floor":18},{"not_picked":["Barrage","Beam Cell"],"picked":"Coolheaded+1","floor":19},{"not_picked":["Gash","Beam Cell"],"picked":"Thunder Strike","floor":23},{"not_picked":["Leap","Sweeping Beam+1"],"picked":"BootSequence","floor":25},{"not_picked":["Gash","Hologram+1","Streamline+1"],"picked":"SKIP","floor":27},{"not_picked":["Steam","Rip and Tear","Scrape"],"picked":"Singing Bowl","floor":30},{"not_picked":["Doom and Gloom","Rebound+1"],"picked":"Thunder Strike","floor":31}],"player_experience":1215052,"relics_obtained":[{"floor":7,"key":"Strawberry"},{"floor":9,"key":"Orichalcum"},{"floor":11,"key":"Bird Faced Urn"},{"floor":22,"key":"Bag of Marbles"},{"floor":23,"key":"Boot"},{"floor":26,"key":"Letter Opener"},{"floor":29,"key":"Singing Bowl"},{"floor":31,"key":"Darkstone Periapt"}],"event_choices":[{"damage_healed":0,"gold_gain":0,"player_choice":"Lose Max HP","damage_taken":0,"relics_obtained":["Golden Idol"],"max_hp_gain":0,"max_hp_loss":5,"event_name":"Golden Idol","floor":2,"gold_loss":0},{"damage_healed":0,"gold_gain":59,"player_choice":"Gained Gold","damage_taken":0,"max_hp_gain":0,"max_hp_loss":0,"event_name":"Golden Wing","floor":4,"gold_loss":0},{"damage_healed":0,"gold_gain":75,"player_choice":"Gather Gold","damage_taken":11,"max_hp_gain":0,"max_hp_loss":0,"event_name":"World of Goop","floor":5,"gold_loss":0},{"damage_healed":24,"gold_gain":0,"player_choice":"Banana","damage_taken":0,"max_hp_gain":0,"max_hp_loss":0,"event_name":"Big Fish","floor":13,"gold_loss":0},{"damage_healed":0,"gold_gain":0,"player_choice":"Simplicity","damage_taken":0,"max_hp_gain":0,"max_hp_loss":0,"event_name":"Back to Basics","floor":21,"gold_loss":0,"cards_upgraded":["Strike_B","Strike_B","Strike_B","Strike_B","Defend_B","Defend_B","Defend_B"]},{"damage_healed":0,"gold_gain":0,"player_choice":"Opened","damage_taken":0,"relics_obtained":["Calipers"],"max_hp_gain":0,"max_hp_loss":0,"event_name":"The Mausoleum","floor":28,"gold_loss":0,"cards_obtained":["Writhe"]}],"is_beta":false,"boss_relics":[{"not_picked":["Velvet Choker","Ectoplasm"],"picked":"Tiny House"}],"items_purged_floors":[],"is_endless":false,"potions_floor_spawned":[7,8,12,16,18,23,30],"killed_by":"Collector","ascension_level":14}