{"gold_per_floor":[117,16,16,16,33,33,33,33,56,91,101,113,125,138,138,240,240,259,259,51,61,75,75,107,107,155,184,200,235,235,235,235,332,332,351,61,0,50,65,65,94,94,94,94,14,45,63,81,81,81],"floor_reached":51,"playtime":1400,"items_purged":[],"score":1066,"play_id":"c0e614ce-cdac-4863-9195-e4e977f169da","local_time":"20190115162555","is_ascension_mode":true,"campfire_choices":[{"floor":6,"key":"REST"},{"data":"Flechettes","floor":8,"key":"SMITH"},{"data":"Catalyst","floor":15,"key":"SMITH"},{"data":"Bouncing Flask","floor":23,"key":"SMITH"},{"floor":30,"key":"REST"},{"data":"Catalyst","floor":32,"key":"SMITH"},{"data":"Noxious Fumes","floor":40,"key":"SMITH"},{"data":"Envenom","floor":44,"key":"SMITH"},{"floor":49,"key":"REST"}],"neow_cost":"NONE","seed_source_timestamp":188425939953690,"circlet_count":0,"master_deck":["Defend_G+1","Defend_G","Defend_G+1","Defend_G","Defend_G","Survivor","Neutralize","Deflect","Bouncing Flask+1","Well Laid Plans","Flechettes+1","Dash","Poisoned Stab","Deadly Poison","Catalyst+1","Flying Knee","Doppelganger","Flying Knee+1","Catalyst+1","Prepared","Cloak And Dagger+1","Calculated Gamble","Bite","Bite+1","Bite","Bite","Bite","Catalyst+1","Poisoned Stab","Wraith Form v2","Corpse Explosion","Footwork+1","Noxious Fumes+1","Dash","Backstab+1","Cloak And Dagger+1","Envenom+1","Thinking Ahead","Catalyst","Bane+1","Poisoned Stab","PiercingWail+1"],"relics":["Ring of the Snake","NeowsBlessing","FaceOfCleric","Ancient Tea Set","Snake Skull","Runic Pyramid","Vajra","DollysMirror","Bronze Scales","Whetstone","Orichalcum","Sozu","Oddly Smooth Stone","Red Mask","Calipers","Omamori","Meat on the Bone","Paper Crane"],"potions_floor_usage":[16,21,24,27,27,28,29,33],"damage_taken":[{"damage":0,"enemies":"2 Louse","floor":1,"turns":1},{"damage":0,"enemies":"Cultist","floor":5,"turns":1},{"damage":0,"enemies":"Lagavulin","floor":10,"turns":1},{"damage":2,"enemies":"Jaw Worm","floor":11,"turns":3},{"damage":0,"enemies":"Exordium Wildlife","floor":12,"turns":3},{"damage":0,"enemies":"3 Louse","floor":13,"turns":3},{"damage":2,"enemies":"2 Fungi Beasts","floor":14,"turns":3},{"damage":18,"enemies":"Hexaghost","floor":16,"turns":6},{"damage":0,"enemies":"Chosen","floor":18,"turns":4},{"damage":4,"enemies":"Shell Parasite","floor":21,"turns":4},{"damage":10,"enemies":"Cultist and Chosen","floor":22,"turns":6},{"damage":4,"enemies":"Gremlin Leader","floor":24,"turns":4},{"damage":30,"enemies":"Book of Stabbing","floor":27,"turns":3},{"damage":11,"enemies":"Centurion and Healer","floor":28,"turns":5},{"damage":8,"enemies":"Slavers","floor":29,"turns":4},{"damage":16,"enemies":"Colosseum Slavers","floor":31,"turns":2},{"damage":21,"enemies":"Collector","floor":33,"turns":5},{"damage":5,"enemies":"3 Darklings","floor":35,"turns":4},{"damage":14,"enemies":"2 Orb Walkers","floor":38,"turns":2},{"damage":16,"enemies":"3 Shapes","floor":39,"turns":3},{"damage":12,"enemies":"Giant Head","floor":41,"turns":5},{"damage":24,"enemies":"Reptomancer","floor":46,"turns":3},{"damage":0,"enemies":"Transient","floor":47,"turns":5},{"damage":0,"enemies":"4 Shapes","floor":48,"turns":3},{"damage":4,"enemies":"Time Eater","floor":50,"turns":4}],"seed_played":"-7190489049790808635","potions_obtained":[{"floor":10,"key":"EssenceOfSteel"},{"floor":13,"key":"SteroidPotion"},{"floor":14,"key":"Dexterity Potion"},{"floor":16,"key":"SkillPotion"},{"floor":21,"key":"Fire Potion"},{"floor":24,"key":"Dexterity Potion"},{"floor":27,"key":"PowerPotion"},{"floor":28,"key":"FearPotion"}],"is_trial":false,"path_per_floor":["M","$","?","?","M","R","?","R","T","E","M","M","M","M","R","B",null,"M","?","$","M","M","R","E","?","T","E","M","E","R","?","R","B",null,"M","$","?","?","M","R","E","?","T","R","$","E","M","M","R","B",null],"character_chosen":"THE_SILENT","items_purchased":["Bouncing Flask","Well Laid Plans","DollysMirror","Noxious Fumes","Oddly Smooth Stone","Dash","Catalyst"],"campfire_rested":3,"item_purchase_floors":[2,2,20,36,36,36,45],"current_hp_per_floor":[70,70,63,49,49,70,70,70,70,71,70,71,72,71,71,54,76,77,77,77,74,65,65,62,62,62,37,29,24,48,40,40,31,85,83,83,83,70,60,60,49,49,49,49,49,42,47,48,75,75],"gold":81,"neow_bonus":"THREE_ENEMY_KILL","is_prod":false,"is_daily":false,"chose_seed":false,"campfire_upgraded":6,"win_rate":0,"timestamp":1547580355,"path_taken":["M","$","?","?","M","R","?","R","T","E","M","M","?","?","R","BOSS","M","?","$","M","M","R","E","?","T","E","M","E","R","?","R","BOSS","M","$","?","?","M","R","E","?","T","R","?","E","?","M","R","BOSS"],"build_version":"2019-01-10","purchased_purges":0,"victory":true,"max_hp_per_floor":[70,70,70,70,70,70,70,70,70,71,72,73,74,75,75,76,76,77,77,77,78,79,79,80,80,80,81,82,83,83,84,84,85,85,86,86,86,87,88,88,89,89,89,89,89,90,91,92,92,93],"card_choices":[{"not_picked":["Underhanded Strike","Choke"],"picked":"Deflect","floor":1},{"not_picked":["Bane","Setup"],"picked":"Flechettes","floor":5},{"not_picked":["PiercingWail","Acrobatics"],"picked":"Dash","floor":10},{"not_picked":["Crippling Poison","Phantasmal Killer"],"picked":"Poisoned Stab","floor":11},{"not_picked":["Tactician","Masterful Stab"],"picked":"Deadly Poison","floor":12},{"not_picked":["Bane","Cloak And Dagger"],"picked":"Catalyst","floor":13},{"not_picked":["Dagger Throw","Quick Slash"],"picked":"Flying Knee","floor":14},{"not_picked":["Grand Finale","Wraith Form v2"],"picked":"Doppelganger","floor":16},{"not_picked":["Blade Dance","Backflip"],"picked":"Flying Knee","floor":18},{"not_picked":["Dagger Throw","PiercingWail"],"picked":"Prepared","floor":21},{"not_picked":["Slice+1","Distraction"],"picked":"Cloak And Dagger+1","floor":22},{"not_picked":["Backflip","Accuracy"],"picked":"Calculated Gamble","floor":24},{"not_picked":["Slice","Reflex"],"picked":"Catalyst","floor":27},{"not_picked":["Corpse Explosion","Concentrate+1"],"picked":"Poisoned Stab","floor":28},{"not_picked":["Dagger Throw","Prepared"],"picked":"Wraith Form v2","floor":29},{"not_picked":["Phantasmal Killer","Venomology"],"picked":"Corpse Explosion","floor":33},{"not_picked":["Caltrops","Deflect"],"picked":"Footwork+1","floor":35},{"not_picked":["Accuracy","Flying Knee"],"picked":"Backstab+1","floor":38},{"not_picked":["Blur","PiercingWail+1"],"picked":"Cloak And Dagger+1","floor":39},{"not_picked":["All Out Attack+1","Bane"],"picked":"Envenom","floor":41},{"not_picked":["PanicButton","Impatience"],"picked":"Thinking Ahead","floor":42},{"not_picked":["Concentrate","Predator"],"picked":"Bane+1","floor":46},{"not_picked":["Well Laid Plans+1","Calculated Gamble"],"picked":"Poisoned Stab","floor":47},{"not_picked":["Bane","Dodge and Roll"],"picked":"PiercingWail+1","floor":48}],"player_experience":631787,"relics_obtained":[{"floor":9,"key":"Ancient Tea Set"},{"floor":10,"key":"Snake Skull"},{"floor":24,"key":"Blood Vial"},{"floor":26,"key":"Bronze Scales"},{"floor":27,"key":"Whetstone"},{"floor":29,"key":"Orichalcum"},{"floor":38,"key":"Calipers"},{"floor":41,"key":"Omamori"},{"floor":43,"key":"Meat on the Bone"},{"floor":46,"key":"Paper Crane"}],"event_choices":[{"cards_removed":["Strike_G"],"damage_healed":0,"gold_gain":0,"player_choice":"Card Removal","damage_taken":7,"max_hp_gain":0,"max_hp_loss":0,"event_name":"Golden Wing","floor":3,"gold_loss":0},{"damage_healed":0,"gold_gain":0,"player_choice":"Entered Light","damage_taken":14,"max_hp_gain":0,"max_hp_loss":0,"event_name":"Shining Light","floor":4,"gold_loss":0,"cards_upgraded":["Defend_G","Defend_G"]},{"damage_healed":0,"gold_gain":0,"player_choice":"Trade","damage_taken":0,"relics_obtained":["FaceOfCleric"],"max_hp_gain":0,"max_hp_loss":0,"event_name":"FaceTrader","floor":7,"gold_loss":0},{"damage_healed":0,"gold_gain":0,"player_choice":"Opened","damage_taken":0,"relics_obtained":["Vajra"],"max_hp_gain":0,"max_hp_loss":0,"event_name":"The Mausoleum","floor":19,"gold_loss":0},{"damage_healed":0,"gold_gain":0,"player_choice":"Became a vampire (Vial)","damage_taken":0,"max_hp_gain":0,"max_hp_loss":0,"event_name":"Vampires","floor":25,"relics_lost":["Blood Vial"],"gold_loss":0,"cards_obtained":["Bite","Bite","Bite","Bite","Bite"]},{"damage_healed":0,"gold_gain":0,"player_choice":"Fight","damage_taken":0,"max_hp_gain":0,"max_hp_loss":0,"event_name":"Colosseum","floor":31,"gold_loss":0},{"damage_healed":0,"gold_gain":0,"player_choice":"Fled From Nobs","damage_taken":0,"max_hp_gain":0,"max_hp_loss":0,"event_name":"Colosseum","floor":31,"gold_loss":0},{"damage_healed":0,"gold_gain":0,"player_choice":"Paid","damage_taken":0,"relics_obtained":["Red Mask"],"max_hp_gain":0,"max_hp_loss":0,"event_name":"Tomb of Lord Red Mask","floor":37,"gold_loss":61},{"damage_healed":0,"gold_gain":0,"player_choice":"Fight","damage_taken":0,"max_hp_gain":0,"max_hp_loss":0,"event_name":"Mysterious Sphere","floor":38,"gold_loss":0},{"damage_healed":0,"gold_gain":0,"player_choice":"Memory 1","damage_taken":0,"max_hp_gain":0,"max_hp_loss":0,"event_name":"SensoryStone","floor":42,"gold_loss":0}],"is_beta":false,"boss_relics":[{"not_picked":["WristBlade","Velvet Choker"],"picked":"Runic Pyramid"},{"not_picked":["Snecko Eye","Coffee Dripper"],"picked":"Sozu"}],"items_purged_floors":[],"is_endless":false,"potions_floor_spawned":[10,13,14,16,21,24,27,28,31,38,41,47,48],"ascension_level":4}