{"gold_per_floor":[11,26,26,1,76,104,84,84,84,101,101,129,77,92,92,189,189,203,203,215,215,227,227,256,256],"floor_reached":25,"playtime":728,"items_purged":[],"score":298,"play_id":"5e1bcfb1-080b-4a3a-9f2c-4ff100792cba","local_time":"20181229210033","is_ascension_mode":true,"campfire_choices":[{"floor":8,"key":"REST"},{"floor":15,"key":"REST"},{"floor":23,"key":"REST"}],"neow_cost":"NO_GOLD","seed_source_timestamp":693088802405252,"circlet_count":0,"master_deck":["Strike_R","Strike_R","Strike_R","Strike_R","Defend_R","Defend_R+1","Defend_R","Bash","Heavy Blade","Heavy Blade","Cleave+1","Heavy Blade","Flex","Iron Wave","Pummel","Feed","Thunderclap","Shrug It Off","Feed","Pummel","Headbutt+1","Clothesline","Sword Boomerang"],"relics":["Burning Blood","Oddly Smooth Stone","Ancient Tea Set","Singing Bowl","Magic Flower","White Beast Statue","Pantograph"],"potions_floor_usage":[6,6,6,6,12,12,16,22,25,25,25],"damage_taken":[{"damage":10,"enemies":"Small Slimes","floor":1,"turns":4},{"damage":3,"enemies":"2 Louse","floor":2,"turns":2},{"damage":10,"enemies":"3 Sentries","floor":6,"turns":3},{"damage":6,"enemies":"Cultist","floor":10,"turns":3},{"damage":30,"enemies":"Lagavulin","floor":12,"turns":6},{"damage":3,"enemies":"Blue Slaver","floor":14,"turns":4},{"damage":36,"enemies":"Slime Boss","floor":16,"turns":10},{"damage":61,"enemies":"3 Byrds","floor":18,"turns":6},{"damage":12,"enemies":"Chosen","floor":20,"turns":4},{"damage":28,"enemies":"Snecko","floor":22,"turns":4},{"damage":49,"enemies":"Gremlin Leader","floor":24,"turns":9},{"damage":25,"enemies":"Sentry and Sphere","floor":25,"turns":5}],"seed_played":"-7047632761417375334","potions_obtained":[{"floor":1,"key":"EntropicBrew"},{"floor":2,"key":"Strength Potion"},{"floor":7,"key":"EssenceOfSteel"},{"floor":14,"key":"Strength Potion"},{"floor":18,"key":"Dexterity Potion"},{"floor":20,"key":"Swift Potion"},{"floor":22,"key":"Fire Potion"},{"floor":24,"key":"GamblersBrew"}],"is_trial":false,"path_per_floor":["M","M","?","$","?","E","?","R","T","M","?","E","$","M","R","B",null,"M","?","M","?","M","R","E","M"],"character_chosen":"IRONCLAD","items_purchased":["Flex","Thunderclap"],"campfire_rested":3,"item_purchase_floors":[4,13],"current_hp_per_floor":[68,71,55,55,44,40,40,64,64,64,52,28,28,34,58,31,68,21,21,18,45,31,56,16,0],"gold":256,"neow_bonus":"TRANSFORM_TWO_CARDS","is_prod":false,"is_daily":false,"chose_seed":false,"campfire_upgraded":0,"win_rate":0,"timestamp":1546128033,"path_taken":["M","M","?","$","?","E","?","R","T","?","?","E","$","M","R","BOSS","M","?","M","?","M","R","E","M"],"build_version":"2018-12-20","purchased_purges":0,"victory":false,"max_hp_per_floor":[80,80,80,80,80,80,80,80,80,80,80,80,80,80,80,80,80,83,83,83,83,86,86,86,86],"card_choices":[{"not_picked":["Disarm","Clash"],"picked":"Cleave","floor":1},{"not_picked":["Seeing Red","Armaments"],"picked":"Heavy Blade","floor":2},{"not_picked":["Metallicize","Dropkick"],"picked":"Iron Wave","floor":6},{"not_picked":["Shrug It Off","Twin Strike"],"picked":"Pummel","floor":10},{"not_picked":["Wild Strike","Uppercut"],"picked":"Feed","floor":12},{"not_picked":["Heavy Blade","Disarm"],"picked":"Shrug It Off","floor":14},{"not_picked":["Barricade","Fiend Fire"],"picked":"Feed","floor":16},{"not_picked":["Carnage","Iron Wave"],"picked":"Pummel","floor":18},{"not_picked":["Perfected Strike","Armaments"],"picked":"Headbutt+1","floor":20},{"not_picked":["Sentinel","Wild Strike"],"picked":"Clothesline","floor":22},{"not_picked":["Havoc+1","Wild Strike"],"picked":"Sword Boomerang","floor":24}],"player_experience":565547,"relics_obtained":[{"floor":6,"key":"Oddly Smooth Stone"},{"floor":9,"key":"Ancient Tea Set"},{"floor":12,"key":"Magic Flower"},{"floor":24,"key":"Pantograph"}],"event_choices":[{"damage_healed":0,"gold_gain":0,"player_choice":"Entered Light","damage_taken":16,"max_hp_gain":0,"max_hp_loss":0,"event_name":"Shining Light","floor":3,"gold_loss":0,"cards_upgraded":["Defend_R","Cleave"]},{"damage_healed":0,"gold_gain":75,"player_choice":"Gather Gold","damage_taken":11,"max_hp_gain":0,"max_hp_loss":0,"event_name":"World of Goop","floor":5,"gold_loss":0},{"damage_healed":0,"gold_gain":0,"player_choice":"Bought 1 Potion","damage_taken":0,"max_hp_gain":0,"max_hp_loss":0,"event_name":"The Woman in Blue","floor":7,"gold_loss":0},{"damage_healed":0,"gold_gain":0,"player_choice":"Success","damage_taken":12,"relics_obtained":["Singing Bowl"],"max_hp_gain":0,"max_hp_loss":0,"event_name":"Scrap Ooze","floor":11,"gold_loss":0},{"damage_healed":0,"gold_gain":0,"player_choice":"Ignored","damage_taken":0,"max_hp_gain":0,"max_hp_loss":0,"event_name":"Beggar","floor":19,"gold_loss":0},{"damage_healed":27,"gold_gain":0,"player_choice":"Heal","damage_taken":0,"max_hp_gain":0,"max_hp_loss":0,"event_name":"The Library","floor":21,"gold_loss":0}],"is_beta":false,"boss_relics":[{"not_picked":["Runic Cube","Empty Cage"],"picked":"White Beast Statue"}],"items_purged_floors":[],"is_endless":false,"potions_floor_spawned":[1,2,14,18,20,22,24],"killed_by":"Sentry and Sphere","ascension_level":6}