{"path_per_floor":["M","M","M","?","$","E","R","?","T","?","R","E","M","M","R","B",null,"M","?","M","T","M","M"],"character_chosen":"IRONCLAD","items_purchased":["Perfected Strike","Clash"],"gold_per_floor":[116,131,143,143,45,75,75,75,98,98,98,131,144,157,157,252,252,263,291,305,305,318,331,331],"floor_reached":24,"campfire_rested":1,"playtime":1253,"item_purchase_floors":[5,5],"current_hp_per_floor":[80,80,80,80,80,78,78,78,78,78,78,46,36,33,57,51,80,80,39,33,33,42,13,0],"items_purged":[],"gold":331,"score":229,"play_id":"6edfe005-9a28-4076-92a8-e2d4134072ac","local_time":"20180608011141","is_prod":false,"is_daily":false,"chose_seed":false,"is_ascension_mode":true,"campfire_upgraded":2,"win_rate":0,"timestamp":1528431101,"campfire_choices":[{"data":"Burning Pact","floor":7,"key":"SMITH"},{"data":"Clash","floor":11,"key":"SMITH"},{"floor":15,"key":"REST"}],"path_taken":["M","M","?","?","?","E","R","?","T","?","R","E","M","M","R","BOSS","M","?","?","?","M","M","M"],"build_version":"2018-05-31","seed_source_timestamp":274505800990687,"purchased_purges":0,"victory":false,"master_deck":["Strike_R","Strike_R","Strike_R","Strike_R","Strike_R","Defend_R+1","Defend_R","Defend_R","Defend_R+1","Bash","Havoc+1","Perfected Strike","Power Through","Perfected Strike","Clash+1","Burning Pact+1","True Grit","Corruption","Perfected Strike","Immolate","Havoc","Sentinel","Shockwave+1","Armaments","Cleave"],"max_hp_per_floor":[80,80,80,80,80,80,80,80,80,80,80,80,80,80,80,80,80,80,80,80,80,80,80,80],"relics":["Black Blood","NeowsBlessing","War Paint","Bag of Preparation","Vajra","Red Mask","Omamori"],"card_choices":[{"not_picked":["Uppercut","Heavy Blade"],"picked":"Havoc","floor":1},{"not_picked":["Clash","Power Through"],"picked":"Perfected Strike","floor":2},{"not_picked":["Metallicize","Body Slam"],"picked":"Power Through","floor":3},{"not_picked":["Dual Wield","Sword Boomerang"],"picked":"Burning Pact","floor":6},{"not_picked":["Metallicize","Rupture"],"picked":"True Grit","floor":12},{"not_picked":["Shrug It Off","Pommel Strike"],"picked":"Corruption","floor":13},{"not_picked":["Sword Boomerang","Body Slam"],"picked":"Perfected Strike","floor":14},{"not_picked":["Reaper","Berserk"],"picked":"Immolate","floor":16},{"not_picked":["Armaments+1","Corruption"],"picked":"Havoc","floor":18},{"not_picked":["Uppercut","Searing Blow"],"picked":"Sentinel","floor":19},{"not_picked":["Twin Strike","Sword Boomerang+1"],"picked":"Shockwave+1","floor":20},{"not_picked":["Iron Wave","Shrug It Off"],"picked":"Armaments","floor":22},{"not_picked":["Rupture+1","Body Slam+1"],"picked":"Cleave","floor":23}],"player_experience":309685,"potions_floor_usage":[16,16,23,23,24],"damage_taken":[{"damage":0,"enemies":"Cultist","floor":1,"turns":1},{"damage":0,"enemies":"Small Slimes","floor":2,"turns":2},{"damage":0,"enemies":"Jaw Worm","floor":3,"turns":1},{"damage":8,"enemies":"Gremlin Nob","floor":6,"turns":3},{"damage":38,"enemies":"Lagavulin","floor":12,"turns":7},{"damage":16,"enemies":"Large Slime","floor":13,"turns":6},{"damage":9,"enemies":"Red Slaver","floor":14,"turns":5},{"damage":12,"enemies":"Slime Boss","floor":16,"turns":6},{"damage":0,"enemies":"Spheric Guardian","floor":18,"turns":3},{"damage":51,"enemies":"Masked Bandits","floor":19,"turns":5},{"damage":16,"enemies":"2 Thieves","floor":20,"turns":4},{"damage":1,"enemies":"Cultist and Chosen","floor":22,"turns":4},{"damage":39,"enemies":"Centurion and Healer","floor":23,"turns":6},{"damage":14,"enemies":"Snake Plant","floor":24,"turns":2}],"relics_obtained":[{"floor":6,"key":"War Paint"},{"floor":9,"key":"Bag of Preparation"},{"floor":12,"key":"Vajra"},{"floor":19,"key":"Red Mask"},{"floor":21,"key":"Omamori"}],"event_choices":[{"event_name":"Upgrade Shrine","player_choice":"Upgraded","floor":4,"damage_taken":0},{"event_name":"Purifier","player_choice":"Skipped","floor":8,"damage_taken":0},{"event_name":"The Cleric","player_choice":"Leave","floor":10,"damage_taken":0},{"event_name":"Masked Bandits","player_choice":"Fought over 263 gold","floor":19,"damage_taken":0}],"boss_relics":[{"not_picked":["Pandora\u0027s Box","Ectoplasm"],"picked":"Black Blood"}],"items_purged_floors":[],"potions_floor_spawned":[1,3,6,14,19,20],"seed_played":"7023706653986556168","killed_by":"Snake Plant","ascension_level":2,"potions_obtained":[{"floor":1,"key":"Weak Potion"},{"floor":3,"key":"Strength Potion"},{"floor":6,"key":"Strength Potion"},{"floor":14,"key":"EssenceOfSteel"},{"floor":19,"key":"SpeedPotion"},{"floor":20,"key":"Fire Potion"}],"is_trial":false}