{"gold_per_floor":[411,91,107,119,84,84,99,99,156,156,212,238,238,265,265,368,368,383,400,400,414,431,431,451,463,488,488],"floor_reached":27,"playtime":832,"items_purged":[],"score":326,"play_id":"03d2a88a-402d-41a9-83bd-4d27ed623236","local_time":"20190208040202","is_ascension_mode":true,"campfire_choices":[{"data":"Ball Lightning","floor":6,"key":"SMITH"},{"data":"Zap","floor":8,"key":"SMITH"},{"data":"Leap","floor":10,"key":"SMITH"},{"data":"Creative AI","floor":15,"key":"SMITH"},{"floor":23,"key":"REST"}],"neow_cost":"PERCENT_DAMAGE","seed_source_timestamp":208058950197743,"circlet_count":0,"master_deck":["Strike_B","Strike_B","Strike_B","Strike_B","Defend_B","Defend_B","Defend_B","Defend_B","Zap+1","Dualcast","FTL","Coolheaded","Ball Lightning+1","Hologram","Leap+1","Creative AI+1","Loop","Parasite","Electrodynamics","Amplify","Loop","Cold Snap+1","Consume","Melter+1","Hologram","Loop"],"relics":["Cracked Core","Old Coin","Gambling Chip","Tiny Chest","Art of War","Pear","Lantern","Sozu","NlothsMask"],"potions_floor_usage":[11,12,16,19],"damage_taken":[{"damage":3,"enemies":"2 Louse","floor":1,"turns":2},{"damage":0,"enemies":"Small Slimes","floor":3,"turns":3},{"damage":0,"enemies":"Cultist","floor":4,"turns":3},{"damage":10,"enemies":"3 Louse","floor":7,"turns":3},{"damage":16,"enemies":"3 Sentries","floor":11,"turns":6},{"damage":10,"enemies":"Gremlin Nob","floor":12,"turns":3},{"damage":11,"enemies":"3 Sentries","floor":14,"turns":7},{"damage":36,"enemies":"Hexaghost","floor":16,"turns":9},{"damage":11,"enemies":"3 Byrds","floor":18,"turns":3},{"damage":6,"enemies":"Shell Parasite","floor":19,"turns":5},{"damage":5,"enemies":"Snecko","floor":21,"turns":4},{"damage":28,"enemies":"Chosen and Byrds","floor":22,"turns":6},{"damage":21,"enemies":"Snake Plant","floor":24,"turns":3},{"damage":10,"enemies":"3 Cultists","floor":25,"turns":4},{"damage":11,"enemies":"Shelled Parasite and Fungi","floor":27,"turns":2}],"seed_played":"736510021600703108","potions_obtained":[{"floor":1,"key":"SpeedPotion"},{"floor":3,"key":"Energy Potion"},{"floor":11,"key":"SteroidPotion"},{"floor":12,"key":"Poison Potion"}],"is_trial":false,"path_per_floor":["M","$","M","M","?","R","M","R","T","R","?","E","?","E","R","B",null,"M","M","?","M","M","R","M","M","T","M"],"character_chosen":"DEFECT","items_purchased":["Gambling Chip","Coolheaded"],"campfire_rested":1,"item_purchase_floors":[2,2],"current_hp_per_floor":[47,47,47,47,65,65,55,55,55,55,39,39,60,49,49,13,67,56,50,50,45,17,42,21,11,11,0],"gold":488,"neow_bonus":"ONE_RARE_RELIC","is_prod":false,"is_daily":false,"chose_seed":false,"campfire_upgraded":4,"win_rate":0,"timestamp":1549609322,"path_taken":["M","$","M","M","?","R","M","R","T","R","?","E","?","E","R","BOSS","M","M","?","M","M","R","M","M","T","M"],"build_version":"2019-01-23","purchased_purges":0,"victory":false,"max_hp_per_floor":[75,75,75,75,75,75,75,75,75,75,75,85,85,85,85,85,85,85,85,85,85,85,85,85,85,85,85],"card_choices":[{"not_picked":["Streamline","Lockon"],"picked":"FTL","floor":1},{"not_picked":["Coolheaded","Sweeping Beam"],"picked":"Ball Lightning","floor":3},{"not_picked":["Cold Snap","Steam Power"],"picked":"Hologram","floor":4},{"not_picked":["Stack","Undo"],"picked":"Leap","floor":7},{"not_picked":["Auto Shields","Darkness"],"picked":"Creative AI","floor":11},{"not_picked":["Rebound","Chaos"],"picked":"Loop","floor":12},{"not_picked":["Compile Driver","Leap"],"picked":"Electrodynamics","floor":14},{"not_picked":["All For One","Biased Cognition"],"picked":"Amplify","floor":16},{"not_picked":["Doom and Gloom","Rip and Tear"],"picked":"Loop","floor":18},{"not_picked":["Redo+1","Streamline"],"picked":"Cold Snap+1","floor":19},{"not_picked":["Redo","Go for the Eyes"],"picked":"Consume","floor":21},{"not_picked":["Darkness","Multi-Cast"],"picked":"Melter+1","floor":22},{"not_picked":["Capacitor","Gash+1"],"picked":"Hologram","floor":24},{"not_picked":["Lockon","Stack"],"picked":"Loop","floor":25}],"player_experience":734913,"relics_obtained":[{"floor":9,"key":"Tiny Chest"},{"floor":12,"key":"Pear"},{"floor":14,"key":"Lantern"}],"event_choices":[{"damage_healed":18,"gold_gain":0,"player_choice":"Healed","damage_taken":0,"max_hp_gain":0,"max_hp_loss":0,"event_name":"The Cleric","floor":5,"gold_loss":35},{"damage_healed":0,"gold_gain":30,"player_choice":"Searched \u00273\u0027 times","damage_taken":0,"relics_obtained":["Art of War"],"max_hp_gain":0,"max_hp_loss":0,"event_name":"Dead Adventurer","floor":11,"gold_loss":0},{"damage_healed":21,"gold_gain":0,"player_choice":"Healed and dodged fight","damage_taken":0,"max_hp_gain":0,"max_hp_loss":0,"event_name":"Mushrooms","floor":13,"gold_loss":0,"cards_obtained":["Parasite"]},{"damage_healed":0,"gold_gain":0,"player_choice":"Trade","damage_taken":0,"relics_obtained":["NlothsMask"],"max_hp_gain":0,"max_hp_loss":0,"event_name":"FaceTrader","floor":20,"gold_loss":0}],"is_beta":false,"boss_relics":[{"not_picked":["White Beast Statue","Velvet Choker"],"picked":"Sozu"}],"items_purged_floors":[],"is_endless":false,"potions_floor_spawned":[1,3,11,12,18,21,24],"killed_by":"Shelled Parasite and Fungi","ascension_level":9}