{"gold_per_floor":[119,139,89,15,34,34,59,59,59,74,54,54,64,84,84,183,183,169,185,185],"floor_reached":20,"playtime":742,"items_purged":[],"score":255,"play_id":"6f79d9c1-1c6b-4d49-9cf0-1d23dd34cc8c","local_time":"20190311000521","is_ascension_mode":true,"campfire_choices":[{"data":"Hologram","floor":6,"key":"SMITH"},{"data":"Self Repair","floor":8,"key":"SMITH"},{"floor":12,"key":"REST"},{"data":"Auto Shields","floor":15,"key":"SMITH"}],"neow_cost":"TEN_PERCENT_HP_LOSS","seed_source_timestamp":2111214705011739,"circlet_count":0,"master_deck":["Strike_B","Strike_B","Strike_B","Strike_B","Defend_B","Defend_B","Defend_B","Defend_B","Zap","Dualcast","Gash","Hologram+1","Self Repair+1","All For One","FTL","Gash","Coolheaded","Auto Shields+1","Seek"],"relics":["Cracked Core","Mummified Hand","Matryoshka","Black Star"],"potions_floor_usage":[7,16],"damage_taken":[{"damage":1,"enemies":"Cultist","floor":1,"turns":4},{"damage":0,"enemies":"2 Louse","floor":2,"turns":1},{"damage":2,"enemies":"Jaw Worm","floor":5,"turns":3},{"damage":45,"enemies":"3 Sentries","floor":7,"turns":7},{"damage":7,"enemies":"Looter","floor":10,"turns":3},{"damage":3,"enemies":"Blue Slaver","floor":13,"turns":2},{"damage":12,"enemies":"Exordium Wildlife","floor":14,"turns":4},{"damage":35,"enemies":"Hexaghost","floor":16,"turns":9},{"damage":20,"enemies":"2 Thieves","floor":18,"turns":4},{"damage":45,"enemies":"3 Byrds","floor":19,"turns":6},{"damage":13,"enemies":"Snake Plant","floor":20,"turns":2}],"seed_played":"-6652768367878093368","potions_obtained":[{"floor":1,"key":"LiquidBronze"},{"floor":2,"key":"FocusPotion"},{"floor":16,"key":"Energy Potion"},{"floor":19,"key":"Fire Potion"}],"is_trial":false,"path_per_floor":["M","M","?","$","M","R","E","R","T","M","?","R","M","M","R","B",null,"M","M","M"],"character_chosen":"DEFECT","items_purchased":["Self Repair"],"campfire_rested":1,"item_purchase_floors":[4],"current_hp_per_floor":[67,67,67,67,68,68,30,30,30,33,33,53,50,48,48,23,57,47,12,0],"gold":185,"neow_bonus":"THREE_RARE_CARDS","is_prod":false,"is_daily":false,"chose_seed":false,"campfire_upgraded":3,"win_rate":0,"timestamp":1552273521,"path_taken":["M","M","?","$","M","R","E","R","T","M","?","R","M","?","R","BOSS","M","M","M"],"build_version":"2019-01-23","purchased_purges":0,"victory":false,"max_hp_per_floor":[68,68,68,68,68,68,68,68,68,68,68,68,68,68,68,68,68,68,68,68],"card_choices":[{"not_picked":["Fission","Seek"],"picked":"Meteor Strike","floor":0},{"not_picked":["Defragment","Reinforced Body"],"picked":"Gash","floor":1},{"not_picked":["Streamline","Barrage"],"picked":"Hologram","floor":2},{"not_picked":["Barrage","Rip and Tear"],"picked":"All For One","floor":5},{"not_picked":["Go for the Eyes","Redo"],"picked":"FTL","floor":7},{"not_picked":["Redo","Streamline"],"picked":"Gash","floor":10},{"not_picked":["Double Energy","Sweeping Beam"],"picked":"Coolheaded","floor":13},{"not_picked":["Streamline","Redo"],"picked":"Auto Shields","floor":14},{"not_picked":["Electrodynamics","Machine Learning"],"picked":"Seek","floor":16},{"not_picked":["Lockon","Redo","Ball Lightning+1"],"picked":"SKIP","floor":18},{"not_picked":["Double Energy","Coolheaded","Chaos"],"picked":"SKIP","floor":19}],"player_experience":903590,"relics_obtained":[{"floor":7,"key":"Mummified Hand"},{"floor":9,"key":"Matryoshka"}],"event_choices":[{"cards_removed":["Meteor Strike"],"damage_healed":0,"gold_gain":0,"player_choice":"Card Removal","damage_taken":0,"max_hp_gain":0,"max_hp_loss":0,"event_name":"The Cleric","floor":3,"gold_loss":50},{"damage_healed":0,"gold_gain":0,"player_choice":"Left Gold","damage_taken":0,"max_hp_gain":0,"max_hp_loss":0,"event_name":"World of Goop","floor":11,"gold_loss":20}],"is_beta":false,"boss_relics":[{"not_picked":["Velvet Choker","Philosopher\u0027s Stone"],"picked":"Black Star"}],"items_purged_floors":[],"is_endless":false,"potions_floor_spawned":[1,2,16,19],"killed_by":"Snake Plant","ascension_level":9}