{"gold_per_floor":[118,118,135,151,165,198,273,172,172,95,120,133,150,161,161,260,260,280,290,301,319,14,41,60,60,83,414,329,329,354,354,354,459,459,474,574,574,584,21,54,70,100,126,158,168,168,187,21,21,21,21,21,21,56,56],"floor_reached":56,"playtime":5858,"items_purged":["Strike_B","Defend_B","Strike_B"],"score":1459,"play_id":"600b4638-d309-43bf-86d7-39276c0c45fc","local_time":"20190506131014","is_ascension_mode":false,"campfire_choices":[{"data":"Hologram","floor":15,"key":"SMITH"},{"data":"Biased Cognition","floor":25,"key":"SMITH"},{"data":"Fission","floor":29,"key":"SMITH"},{"floor":32,"key":"REST"},{"floor":49,"key":"RECALL"},{"data":"Capacitor","floor":52,"key":"SMITH"}],"neow_cost":"NONE","seed_source_timestamp":693407986539867,"circlet_count":0,"master_deck":["Strike_B","Strike_B","Defend_B","Defend_B","Defend_B","Zap+1","Dualcast","Echo Form","Gash","Hologram+1","Ball Lightning","Biased Cognition+1","Cold Snap","Panacea","Capacitor+1","Glacier","Fission+1","Coolheaded","Coolheaded+1","Hologram+1","Glacier+1","Skim+1","Amplify","Fusion+1","Heatsinks+1","Madness","Madness","Consume+1","Fission+1","Conserve Battery+1","Turbo+1","Compile Driver+1","Fission+1","Biased Cognition","Master of Strategy","Capacitor+1"],"relics":["Cracked Core","Vajra","MawBank","Bottled Tornado","Runic Dome","Frozen Eye","Pantograph","Bag of Preparation","Old Coin","Letter Opener","Meat on the Bone","Black Star","FossilizedHelix","DollysMirror","Cables","Blood Vial","Pen Nib","Happy Flower","Blue Candle","Oddly Smooth Stone","Sundial","Anchor","Lantern"],"potions_floor_usage":[5,6,16,20,24,30,30,33,38,40,41,55,55],"damage_taken":[{"damage":5,"enemies":"2 Louse","floor":1,"turns":2},{"damage":0,"enemies":"Small Slimes","floor":3,"turns":2},{"damage":0,"enemies":"Cultist","floor":4,"turns":3},{"damage":0,"enemies":"Gremlin Gang","floor":5,"turns":2},{"damage":14,"enemies":"Gremlin Nob","floor":6,"turns":3},{"damage":6,"enemies":"3 Sentries","floor":11,"turns":5},{"damage":5,"enemies":"Looter","floor":12,"turns":3},{"damage":15,"enemies":"3 Louse","floor":13,"turns":3},{"damage":0,"enemies":"Large Slime","floor":14,"turns":4},{"damage":0,"enemies":"Hexaghost","floor":16,"turns":7},{"damage":5,"enemies":"Chosen","floor":18,"turns":5},{"damage":0,"enemies":"Spheric Guardian","floor":19,"turns":3},{"damage":0,"enemies":"3 Cultists","floor":20,"turns":5},{"damage":0,"enemies":"Snake Plant","floor":21,"turns":6},{"damage":10,"enemies":"Book of Stabbing","floor":23,"turns":7},{"damage":0,"enemies":"Cultist and Chosen","floor":24,"turns":8},{"damage":16,"enemies":"Gremlin Leader","floor":27,"turns":7},{"damage":22,"enemies":"Slavers","floor":30,"turns":3},{"damage":5,"enemies":"Collector","floor":33,"turns":8},{"damage":0,"enemies":"Orb Walker","floor":35,"turns":3},{"damage":0,"enemies":"Mind Bloom Boss Battle","floor":36,"turns":6},{"damage":11,"enemies":"3 Shapes","floor":38,"turns":7},{"damage":36,"enemies":"Reptomancer","floor":40,"turns":4},{"damage":0,"enemies":"Sphere and 2 Shapes","floor":41,"turns":4},{"damage":0,"enemies":"Nemesis","floor":42,"turns":11},{"damage":0,"enemies":"Giant Head","floor":44,"turns":7},{"damage":0,"enemies":"Transient","floor":45,"turns":5},{"damage":0,"enemies":"Maw","floor":47,"turns":6},{"damage":0,"enemies":"Awakened One","floor":50,"turns":9},{"damage":2,"enemies":"Shield and Spear","floor":54,"turns":8},{"damage":16,"enemies":"The Heart","floor":55,"turns":10}],"seed_played":"4536018540083876868","potions_obtained":[{"floor":0,"key":"FearPotion"},{"floor":0,"key":"FairyPotion"},{"floor":0,"key":"AttackPotion"},{"floor":3,"key":"SpeedPotion"},{"floor":6,"key":"Strength Potion"},{"floor":13,"key":"LiquidBronze"},{"floor":19,"key":"Strength Potion"},{"floor":21,"key":"LiquidBronze"},{"floor":30,"key":"PowerPotion"},{"floor":33,"key":"FocusPotion"},{"floor":35,"key":"SpeedPotion"},{"floor":38,"key":"Fruit Juice"},{"floor":40,"key":"Block Potion"},{"floor":42,"key":"SteroidPotion"}],"is_trial":false,"path_per_floor":["M","?","M","M","M","E","?","$","T","$","E","M","M","M","R","B",null,"M","M","M","M","$","E","M","R","T","E","?","R","E","?","R","B",null,"M","?","?","M","$","E","M","E","T","E","M","?","M","$","R","B",null,"R","$","E","B",null],"character_chosen":"DEFECT","items_purchased":["Cold Snap","Panacea","Frozen Eye","DollysMirror","Cables","Master of Strategy"],"campfire_rested":1,"item_purchase_floors":[8,10,22,39,39,48],"current_hp_per_floor":[70,70,70,70,70,56,49,49,49,49,43,38,23,23,23,23,75,70,70,70,70,70,60,60,60,60,44,44,44,22,22,44,64,75,75,75,66,60,60,36,50,52,52,54,56,56,58,58,58,80,80,80,80,78,64],"gold":56,"neow_bonus":"THREE_SMALL_POTIONS","is_prod":false,"is_daily":false,"chose_seed":false,"campfire_upgraded":4,"win_rate":0,"timestamp":1557144614,"path_taken":["M","?","M","M","M","E","?","$","T","$","E","M","?","M","R","BOSS","M","M","M","M","$","E","?","R","T","E","?","R","E","?","R","BOSS","M","?","?","M","$","E","M","E","T","E","M","?","M","$","R","BOSS","R","$","E","BOSS"],"build_version":"2019-04-23","purchased_purges":3,"victory":true,"max_hp_per_floor":[75,75,75,75,75,75,75,75,75,75,75,75,75,75,75,75,75,75,75,75,75,75,75,75,75,75,75,75,75,75,75,75,75,75,75,75,75,80,80,80,80,80,80,80,80,80,80,80,80,80,80,80,80,80,80],"card_choices":[{"not_picked":["Redo","Sunder"],"picked":"Echo Form","floor":1},{"not_picked":["Consume","Redo"],"picked":"Gash","floor":3},{"not_picked":["Sunder","Sweeping Beam"],"picked":"Hologram","floor":4},{"not_picked":["Go for the Eyes","Consume"],"picked":"Ball Lightning","floor":5},{"not_picked":["Go for the Eyes","Compile Driver"],"picked":"Biased Cognition","floor":6},{"not_picked":["Hello World","Undo"],"picked":"Capacitor","floor":11},{"not_picked":["Rebound","Tempest","Gash"],"picked":"SKIP","floor":12},{"not_picked":["Turbo","Consume"],"picked":"Glacier","floor":13},{"not_picked":["Redo","Darkness","Conserve Battery"],"picked":"SKIP","floor":14},{"not_picked":["Echo Form","Amplify"],"picked":"Fission","floor":16},{"not_picked":["Tempest","Rebound","Aggregate"],"picked":"SKIP","floor":18},{"not_picked":["Ball Lightning","Cold Snap+1"],"picked":"Coolheaded","floor":19},{"not_picked":["Reprogram","Redo+1"],"picked":"Coolheaded+1","floor":20},{"not_picked":["Barrage","Rebound"],"picked":"Hologram+1","floor":21},{"not_picked":["Rip and Tear","Streamline"],"picked":"Glacier+1","floor":23},{"not_picked":["Self Repair","Lockon","Thunder Strike"],"picked":"SKIP","floor":24},{"not_picked":["Conserve Battery","Coolheaded","Hologram+1"],"picked":"SKIP","floor":27},{"not_picked":["Go for the Eyes","Tempest"],"picked":"Skim+1","floor":30},{"not_picked":["Buffer","Machine Learning"],"picked":"Amplify","floor":33},{"not_picked":["Gash","Streamline+1"],"picked":"Fusion+1","floor":35},{"not_picked":["Doom and Gloom+1","Chill"],"picked":"Heatsinks+1","floor":36},{"not_picked":["Go for the Eyes","Reinforced Body"],"picked":"Consume+1","floor":38},{"not_picked":["Compile Driver+1","Coolheaded"],"picked":"Conserve Battery+1","floor":40},{"not_picked":["Sunder+1","Conserve Battery"],"picked":"Turbo+1","floor":41},{"not_picked":["Turbo","Chaos","Double Energy"],"picked":"SKIP","floor":42},{"not_picked":["FTL","Reprogram+1","Rebound"],"picked":"SKIP","floor":44},{"not_picked":["Self Repair+1","Turbo"],"picked":"Compile Driver+1","floor":45},{"not_picked":["Cold Snap+1","Skim"],"picked":"Biased Cognition","floor":47},{"not_picked":["Rainbow","Undo"],"picked":"Capacitor+1","floor":54}],"player_experience":1319511,"relics_obtained":[{"floor":6,"key":"Vajra"},{"floor":9,"key":"MawBank"},{"floor":11,"key":"Bottled Tornado"},{"floor":23,"key":"Pantograph"},{"floor":26,"key":"Bag of Preparation"},{"floor":27,"key":"Old Coin"},{"floor":30,"key":"Meat on the Bone"},{"floor":36,"key":"FossilizedHelix"},{"floor":40,"key":"Blood Vial"},{"floor":40,"key":"Pen Nib"},{"floor":42,"key":"Happy Flower"},{"floor":42,"key":"Blue Candle"},{"floor":44,"key":"Oddly Smooth Stone"},{"floor":44,"key":"Sundial"},{"floor":54,"key":"Anchor"},{"floor":54,"key":"Lantern"}],"event_choices":[{"damage_healed":0,"gold_gain":0,"player_choice":"Grow","damage_taken":0,"max_hp_gain":0,"max_hp_loss":0,"event_name":"Living Wall","floor":2,"gold_loss":0,"cards_upgraded":["Zap"]},{"damage_healed":0,"gold_gain":75,"player_choice":"Touch","damage_taken":7,"max_hp_gain":0,"max_hp_loss":0,"event_name":"FaceTrader","floor":7,"gold_loss":0},{"damage_healed":0,"gold_gain":0,"player_choice":"Obtained Relic","damage_taken":0,"relics_obtained":["Letter Opener"],"max_hp_gain":0,"max_hp_loss":0,"event_name":"Addict","floor":28,"gold_loss":85},{"damage_healed":0,"gold_gain":0,"player_choice":"Ignored","damage_taken":0,"max_hp_gain":0,"max_hp_loss":0,"event_name":"Cursed Tome","floor":31,"gold_loss":0},{"damage_healed":0,"gold_gain":0,"player_choice":"Fight","damage_taken":0,"max_hp_gain":0,"max_hp_loss":0,"event_name":"MindBloom","floor":36,"gold_loss":0},{"damage_healed":0,"gold_gain":0,"player_choice":"Embrace Madness","damage_taken":9,"max_hp_gain":0,"max_hp_loss":0,"event_name":"Winding Halls","floor":37,"gold_loss":0,"cards_obtained":["Madness","Madness"]},{"damage_healed":0,"gold_gain":0,"player_choice":"Copied","damage_taken":0,"max_hp_gain":0,"max_hp_loss":0,"event_name":"Duplicator","floor":46,"gold_loss":0,"cards_obtained":["Fission"]}],"is_beta":true,"boss_relics":[{"not_picked":["Velvet Choker","White Beast Statue"],"picked":"Runic Dome"},{"not_picked":["Snecko Eye","Cursed Key"],"picked":"Black Star"}],"items_purged_floors":[8,22,39],"is_endless":false,"potions_floor_spawned":[3,6,13,19,21,23,30,33,35,38,40,42],"ascension_level":0}