{"gold_per_floor":[115,23,23,36,48,79,97,107,155,171,171,189,189,189,189,265,315,327,427,526,526,543,543,571,588,588,613,180,180,191,191,191,191],"floor_reached":33,"playtime":1045,"items_purged":[],"score":454,"play_id":"8d94e720-229d-405b-8e79-0f2241c542da","local_time":"20190403234937","is_ascension_mode":true,"campfire_choices":[{"data":"Limit Break","floor":11,"key":"SMITH"},{"data":"Pummel","floor":13,"key":"SMITH"},{"data":"Armaments","floor":15,"key":"SMITH"},{"floor":23,"key":"REST"},{"floor":29,"key":"REST"},{"floor":32,"key":"REST"}],"neow_cost":"NONE","seed_source_timestamp":215203777726450,"circlet_count":0,"master_deck":["AscendersBane","Strike_R+1","Strike_R+1","Strike_R+1","Strike_R+1","Defend_R+1","Defend_R+1","Defend_R+1","Defend_R+1","Bash","Pummel+1","Flex","Heavy Blade","Limit Break+1","Armaments+1","Heavy Blade","Heavy Blade","Twin Strike+1","Thunderclap","Iron Wave","Impervious","Uppercut","Flex+1","Carnage+1","Dropkick","Shrug It Off+1"],"relics":["Burning Blood","NeowsBlessing","Red Skull","Bag of Marbles","Tiny House","Incense Burner","Singing Bowl","Toxic Egg 2","Pocketwatch","Lantern","Pantograph","OrangePellets","MutagenicStrength"],"potions_floor_usage":[6,19,19,25,33],"damage_taken":[{"damage":0,"enemies":"Jaw Worm","floor":1,"turns":1},{"damage":0,"enemies":"Cultist","floor":4,"turns":1},{"damage":0,"enemies":"Small Slimes","floor":5,"turns":1},{"damage":30,"enemies":"Lagavulin","floor":6,"turns":5},{"damage":19,"enemies":"Blue Slaver","floor":7,"turns":4},{"damage":4,"enemies":"Exordium Wildlife","floor":8,"turns":3},{"damage":15,"enemies":"Exordium Thugs","floor":10,"turns":5},{"damage":0,"enemies":"2 Fungi Beasts","floor":12,"turns":1},{"damage":33,"enemies":"Slime Boss","floor":16,"turns":8},{"damage":49,"enemies":"Shell Parasite","floor":18,"turns":8},{"damage":11,"enemies":"Colosseum Slavers","floor":19,"turns":3},{"damage":7,"enemies":"Colosseum Nobs","floor":19,"turns":3},{"damage":22,"enemies":"2 Thieves","floor":22,"turns":3},{"damage":22,"enemies":"Gremlin Leader","floor":24,"turns":4},{"damage":9,"enemies":"Centurion and Healer","floor":25,"turns":2},{"damage":8,"enemies":"3 Cultists","floor":30,"turns":4},{"damage":91,"enemies":"Champ","floor":33,"turns":7}],"seed_played":"-1373141164013187536","potions_obtained":[{"floor":1,"key":"Energy Potion"},{"floor":10,"key":"Regen Potion"},{"floor":12,"key":"Block Potion"},{"floor":17,"key":"SteroidPotion"},{"floor":19,"key":"EssenceOfSteel"},{"floor":24,"key":"AttackPotion"},{"floor":25,"key":"Energy Potion"}],"is_trial":false,"path_per_floor":["M","$","?","M","M","E","M","M","T","M","R","M","R","?","R","B",null,"M","?","?","?","M","R","E","M","T","T","$","R","M","?","R","B"],"character_chosen":"IRONCLAD","items_purchased":["Flex","Heavy Blade","Pantograph","OrangePellets"],"campfire_rested":3,"item_purchase_floors":[2,2,28,28],"current_hp_per_floor":[74,74,74,75,75,51,38,40,40,31,31,37,37,62,62,35,70,27,23,23,23,7,31,15,14,14,14,14,39,37,37,62,0],"gold":191,"neow_bonus":"THREE_ENEMY_KILL","is_prod":false,"is_daily":false,"chose_seed":false,"campfire_upgraded":3,"win_rate":0,"timestamp":1554346177,"path_taken":["M","$","?","M","?","E","M","M","T","M","R","?","R","?","R","BOSS","M","?","?","?","M","R","E","?","T","?","$","R","M","?","R","BOSS"],"build_version":"2019-01-23","purchased_purges":0,"victory":false,"max_hp_per_floor":[75,75,75,75,75,75,75,75,75,75,75,75,75,75,75,75,80,80,82,82,82,82,82,82,84,84,84,84,84,84,84,84,84],"card_choices":[{"not_picked":["Evolve","Flex"],"picked":"Pummel","floor":1},{"not_picked":["Clash","Rampage","Havoc"],"picked":"SKIP","floor":4},{"not_picked":["Power Through","Havoc"],"picked":"Armaments","floor":5},{"not_picked":["Dark Embrace","Clash"],"picked":"Heavy Blade","floor":6},{"not_picked":["Infernal Blade","Pommel Strike"],"picked":"Heavy Blade","floor":7},{"not_picked":["Hemokinesis","Body Slam"],"picked":"Twin Strike","floor":8},{"not_picked":["Fire Breathing","Perfected Strike"],"picked":"Thunderclap","floor":10},{"not_picked":["Headbutt","Fire Breathing"],"picked":"Iron Wave","floor":12},{"not_picked":["Bludgeon","Exhume"],"picked":"Impervious","floor":16},{"not_picked":["Evolve","Clash"],"picked":"Uppercut","floor":17},{"not_picked":["Pummel","Warcry"],"picked":"Flex+1","floor":18},{"not_picked":["Burning Pact","Searing Blow","Pommel Strike"],"picked":"Singing Bowl","floor":19},{"not_picked":["Sentinel","Thunderclap"],"picked":"Carnage+1","floor":22},{"not_picked":["Bloodletting","Havoc"],"picked":"Dropkick","floor":24},{"not_picked":["Cleave","Warcry+1","Anger"],"picked":"Singing Bowl","floor":25},{"not_picked":["Warcry+1","Headbutt"],"picked":"Shrug It Off+1","floor":30}],"player_experience":1033670,"relics_obtained":[{"floor":6,"key":"Red Skull"},{"floor":9,"key":"Bag of Marbles"},{"floor":19,"key":"Incense Burner"},{"floor":19,"key":"Singing Bowl"},{"floor":24,"key":"Toxic Egg 2"},{"floor":26,"key":"Pocketwatch"},{"floor":27,"key":"Lantern"}],"event_choices":[{"damage_healed":0,"gold_gain":0,"cards_transformed":["Strike_R"],"player_choice":"Transformed","damage_taken":0,"max_hp_gain":0,"max_hp_loss":0,"event_name":"Transmorgrifier","floor":3,"gold_loss":0,"cards_obtained":["Limit Break"]},{"damage_healed":25,"gold_gain":0,"player_choice":"Banana","damage_taken":0,"max_hp_gain":0,"max_hp_loss":0,"event_name":"Big Fish","floor":14,"gold_loss":0},{"damage_healed":0,"gold_gain":0,"player_choice":"Fight","damage_taken":0,"max_hp_gain":0,"max_hp_loss":0,"event_name":"Colosseum","floor":19,"gold_loss":0},{"damage_healed":0,"gold_gain":0,"player_choice":"Fought Nobs","damage_taken":0,"max_hp_gain":0,"max_hp_loss":0,"event_name":"Colosseum","floor":19,"gold_loss":0},{"damage_healed":0,"gold_gain":99,"player_choice":"Stole From Cult","damage_taken":0,"max_hp_gain":0,"max_hp_loss":0,"event_name":"Nest","floor":20,"gold_loss":0},{"damage_healed":0,"gold_gain":0,"player_choice":"Simplicity","damage_taken":0,"max_hp_gain":0,"max_hp_loss":0,"event_name":"Back to Basics","floor":21,"gold_loss":0,"cards_upgraded":["Strike_R","Strike_R","Strike_R","Strike_R","Defend_R","Defend_R","Defend_R","Defend_R"]},{"damage_healed":0,"gold_gain":0,"player_choice":"Inject Mutagens","damage_taken":0,"relics_obtained":["MutagenicStrength"],"max_hp_gain":0,"max_hp_loss":0,"event_name":"Drug Dealer","floor":31,"gold_loss":0}],"is_beta":false,"boss_relics":[{"not_picked":["Empty Cage","Astrolabe"],"picked":"Tiny House"}],"items_purged_floors":[],"is_endless":false,"potions_floor_spawned":[1,10,12,16,19,19,24,25],"killed_by":"Champ","ascension_level":14}