{"gold_per_floor":[112,129,129,129,40,75,75,87,158,185,196,209,0,27,27,27],"floor_reached":16,"playtime":989,"items_purged":["Strike_G"],"score":290,"play_id":"d5d30af4-ba14-43d9-bed1-46279ed180eb","local_time":"20190324172905","is_ascension_mode":true,"campfire_choices":[{"data":"Dagger Spray","floor":7,"key":"SMITH"},{"data":"Crippling Poison","floor":15,"key":"SMITH"}],"neow_cost":"NONE","seed_source_timestamp":53873751210131,"circlet_count":0,"master_deck":["AscendersBane","Defend_G","Defend_G","Defend_G","Defend_G","Defend_G","Strike_G","Strike_G","Strike_G","Strike_G","Survivor","Neutralize","Flying Knee","Dagger Spray+1","Caltrops","Dash","Cloak And Dagger","Crippling Poison+1","PiercingWail","Leg Sweep","Footwork","PiercingWail","Dodge and Roll"],"relics":["Ring of the Snake","NeowsBlessing","Regal Pillow","Darkstone Periapt","Letter Opener","Tough Bandages","Blood Vial"],"potions_floor_usage":[10,16,16],"damage_taken":[{"damage":0,"enemies":"Cultist","floor":1,"turns":1},{"damage":0,"enemies":"Jaw Worm","floor":2,"turns":1},{"damage":0,"enemies":"Lagavulin","floor":6,"turns":1},{"damage":0,"enemies":"2 Louse","floor":8,"turns":2},{"damage":20,"enemies":"Gremlin Nob","floor":10,"turns":4},{"damage":0,"enemies":"Blue Slaver","floor":11,"turns":5},{"damage":0,"enemies":"2 Fungi Beasts","floor":12,"turns":3},{"damage":16,"enemies":"3 Sentries","floor":14,"turns":8},{"damage":25,"enemies":"Hexaghost","floor":16,"turns":15}],"seed_played":"-6692711698327395715","potions_obtained":[{"floor":1,"key":"SteroidPotion"},{"floor":10,"key":"Weak Potion"},{"floor":11,"key":"Strength Potion"},{"floor":12,"key":"GhostInAJar"}],"is_trial":false,"path_per_floor":["M","M","?","?","$","E","R","M","T","E","M","M","$","E","R","B"],"character_chosen":"THE_SILENT","items_purchased":["Caltrops","Footwork","PiercingWail"],"campfire_rested":0,"item_purchase_floors":[5,13,13],"current_hp_per_floor":[59,59,33,55,55,55,55,55,55,35,35,35,35,19,19,0],"gold":27,"neow_bonus":"THREE_ENEMY_KILL","is_prod":false,"is_daily":false,"chose_seed":false,"campfire_upgraded":2,"win_rate":0,"timestamp":1553462945,"path_taken":["M","?","?","?","$","E","R","M","T","E","M","M","$","E","R","BOSS"],"build_version":"2019-01-23","purchased_purges":1,"victory":false,"max_hp_per_floor":[66,66,66,66,66,66,66,66,66,66,66,66,66,66,66,66],"card_choices":[{"not_picked":["Blur","Acrobatics"],"picked":"Flying Knee","floor":1},{"not_picked":["Slice","Dodge and Roll"],"picked":"Dagger Spray","floor":2},{"not_picked":["Blade Dance","Deadly Poison"],"picked":"Dash","floor":6},{"not_picked":["Masterful Stab","Infinite Blades"],"picked":"Cloak And Dagger","floor":8},{"not_picked":["Skewer","Dagger Throw"],"picked":"Crippling Poison","floor":10},{"not_picked":["Sucker Punch","Flechettes"],"picked":"PiercingWail","floor":11},{"not_picked":["Poisoned Stab","Accuracy"],"picked":"Leg Sweep","floor":12},{"not_picked":["Acrobatics","Predator"],"picked":"Dodge and Roll","floor":14}],"player_experience":1196646,"relics_obtained":[{"floor":6,"key":"Darkstone Periapt"},{"floor":9,"key":"Letter Opener"},{"floor":10,"key":"Tough Bandages"},{"floor":14,"key":"Blood Vial"}],"event_choices":[{"damage_healed":0,"gold_gain":0,"player_choice":"Success","damage_taken":26,"relics_obtained":["Regal Pillow"],"max_hp_gain":0,"max_hp_loss":0,"event_name":"Scrap Ooze","floor":3,"gold_loss":0},{"damage_healed":22,"gold_gain":0,"player_choice":"Banana","damage_taken":0,"max_hp_gain":0,"max_hp_loss":0,"event_name":"Big Fish","floor":4,"gold_loss":0}],"is_beta":false,"boss_relics":[],"items_purged_floors":[13],"is_endless":false,"potions_floor_spawned":[1,10,11,12],"killed_by":"Hexaghost","ascension_level":20}