{"gold_per_floor":[110,27,102,116,129,160,176,176,202,222,233,243,276,291,291,391,391,402,420,420,436,447,472,472,472,472,488,506,506],"floor_reached":29,"playtime":1279,"items_purged":[],"score":288,"play_id":"32aa6431-5803-4515-8d43-eedd0f7c8fbd","local_time":"20190331200251","is_ascension_mode":false,"campfire_choices":[{"data":"Perfected Strike","floor":8.0,"key":"SMITH"},{"floor":15.0,"key":"REST"},{"data":"Perfected Strike","floor":24,"key":"SMITH"}],"neow_cost":"NONE","seed_source_timestamp":0,"circlet_count":0,"master_deck":["Strike_R","Strike_R","Strike_R","Strike_R","Strike_R","Defend_R","Defend_R","Defend_R","Defend_R","Bash","Flex","Inflame","Shrug It Off","Perfected Strike+1","Sword Boomerang","Reckless Charge","Perfected Strike+1","Twin Strike","Twin Strike","Wild Strike","Seeing Red","Heavy Blade","Feed+1","Headbutt","Clothesline+1","Thunderclap+1","Intimidate","Iron Wave+1","Iron Wave+1","Dropkick+1"],"special_seed":0,"relics":["Burning Blood","Blood Vial","Bronze Scales","Strawberry","Sozu","Bottled Flame","Question Card","Regal Pillow"],"potions_floor_usage":[],"damage_taken":[{"damage":1.0,"enemies":"Cultist","floor":1.0,"turns":4.0},{"damage":10.0,"enemies":"Jaw Worm","floor":4.0,"turns":3.0},{"damage":6.0,"enemies":"2 Louse","floor":5.0,"turns":3.0},{"damage":40.0,"enemies":"Lagavulin","floor":6.0,"turns":8.0},{"damage":16.0,"enemies":"Large Slime","floor":7.0,"turns":3.0},{"damage":2.0,"enemies":"2 Fungi Beasts","floor":10.0,"turns":3.0},{"damage":18.0,"enemies":"Exordium Wildlife","floor":11.0,"turns":2.0},{"damage":8.0,"enemies":"Large Slime","floor":12.0,"turns":4.0},{"damage":14.0,"enemies":"Gremlin Nob","floor":13.0,"turns":3.0},{"damage":6.0,"enemies":"3 Louse","floor":14.0,"turns":2.0},{"damage":55.0,"enemies":"The Guardian","floor":16.0,"turns":8.0},{"damage":10,"enemies":"Shell Parasite","floor":18,"turns":3},{"damage":30,"enemies":"2 Thieves","floor":19,"turns":2},{"damage":16,"enemies":"Centurion and Healer","floor":21,"turns":5},{"damage":8,"enemies":"Snake Plant","floor":22,"turns":3},{"damage":38,"enemies":"Gremlin Leader","floor":23,"turns":6},{"damage":8,"enemies":"Cultist and Chosen","floor":27,"turns":4},{"damage":19,"enemies":"Sentry and Sphere","floor":28,"turns":4},{"damage":35,"enemies":"Book of Stabbing","floor":29,"turns":4}],"seed_played":"5739333489561499741","potions_obtained":[{"floor":6.0,"key":"AttackPotion"},{"floor":10.0,"key":"Ancient Potion"},{"floor":13.0,"key":"SkillPotion"}],"is_trial":false,"path_per_floor":["M","$","?","M","M","E","M","R","T","M","M","M","E","M","R","B",null,"M","M","?","M","M","E","R","?","T","M","M","E"],"character_chosen":"IRONCLAD","items_purchased":["Inflame","Shrug It Off"],"campfire_rested":1,"item_purchase_floors":[2,2],"current_hp_per_floor":[88,88,80,76,76,42,34,34,34,40,30,30,31,33,61,14,95,91,69,69,65,65,39,39,39,39,39,32,0],"gold":506,"neow_bonus":"TEN_PERCENT_HP_BONUS","is_prod":false,"is_daily":false,"chose_seed":false,"campfire_upgraded":2,"win_rate":0,"timestamp":1554076971,"path_taken":["M","?","?","M","M","E","?","R","T","M","M","M","E","M","R","BOSS","M","M","?","M","?","E","R","?","T","M","M","E"],"build_version":"2019-01-23","purchased_purges":0,"victory":false,"max_hp_per_floor":[88,88,88,88,88,88,88,88,88,88,88,88,95,95,95,95,95,95,95,95,99,99,103,103,103,103,103,107,107],"card_choices":[{"not_picked":["Warcry","Blood for Blood"],"picked":"Flex","floor":1.0},{"not_picked":["Iron Wave","Offering"],"picked":"Perfected Strike","floor":4.0},{"not_picked":["Cleave","Havoc"],"picked":"Sword Boomerang","floor":5.0},{"not_picked":["Ghostly Armor","Headbutt"],"picked":"Reckless Charge","floor":6.0},{"not_picked":["Blood for Blood","Clothesline"],"picked":"Perfected Strike","floor":7.0},{"not_picked":["Rage","Clash"],"picked":"Twin Strike","floor":10.0},{"not_picked":["Cleave","Reckless Charge"],"picked":"Twin Strike","floor":11.0},{"not_picked":["Twin Strike","Feed"],"picked":"Wild Strike","floor":12.0},{"not_picked":["Immolate","Iron Wave"],"picked":"Seeing Red","floor":13.0},{"not_picked":["Warcry","Shrug It Off"],"picked":"Heavy Blade","floor":14.0},{"not_picked":["Fiend Fire","Berserk"],"picked":"Feed","floor":16.0},{"not_picked":["Sever Soul","Burning Pact"],"picked":"Headbutt","floor":18},{"not_picked":["Iron Wave","Twin Strike"],"picked":"Clothesline+1","floor":19},{"not_picked":["Clash","Seeing Red"],"picked":"Thunderclap+1","floor":21},{"not_picked":["Headbutt","Anger"],"picked":"Intimidate","floor":22},{"not_picked":["Rage","Perfected Strike"],"picked":"Iron Wave+1","floor":23},{"not_picked":["Spot Weakness","Hemokinesis+1","Power Through"],"picked":"Iron Wave+1","floor":27},{"not_picked":["True Grit","Juggernaut","Clothesline"],"picked":"Dropkick+1","floor":28}],"player_experience":49821,"relics_obtained":[{"floor":6.0,"key":"Blood Vial"},{"floor":9.0,"key":"Bronze Scales"},{"floor":13.0,"key":"Strawberry"},{"floor":23,"key":"Bottled Flame"},{"floor":26,"key":"Regal Pillow"}],"event_choices":[{"damage_healed":0.0,"max_hp_gain":0.0,"max_hp_loss":0.0,"gold_gain":75.0,"event_name":"FaceTrader","player_choice":"Touch","floor":3.0,"gold_loss":0.0,"damage_taken":8.0},{"damage_healed":0,"gold_gain":0,"player_choice":"Forge","damage_taken":0,"max_hp_gain":0,"max_hp_loss":0,"event_name":"Accursed Blacksmith","floor":20,"gold_loss":0,"cards_upgraded":["Feed"]},{"damage_healed":0,"gold_gain":0,"player_choice":"Opened","damage_taken":0,"relics_obtained":["Question Card"],"max_hp_gain":0,"max_hp_loss":0,"event_name":"The Mausoleum","floor":25,"gold_loss":0}],"is_beta":false,"boss_relics":[{"not_picked":["Pandora\u0027s Box","Eternal Feather"],"picked":"Sozu"}],"items_purged_floors":[],"is_endless":false,"potions_floor_spawned":[6,10,13,22,27,28],"killed_by":"Book of Stabbing","ascension_level":0}