{"gold_per_floor":[110,36,211,227,302,327,61,90,90,90,90,90,122,137,137,214,214,231,131,131,23,40,40,52,52,52,52,52],"floor_reached":28,"playtime":612,"items_purged":["Doubt","Strike_B"],"score":423,"play_id":"84f150cd-3dba-45c3-9885-7259604ef3e6","local_time":"20190417142400","is_ascension_mode":true,"campfire_choices":[{"floor":12,"key":"REST"},{"data":"Gash","floor":15,"key":"SMITH"},{"data":"Hologram","floor":23,"key":"SMITH"},{"data":"Scrape","floor":25,"key":"SMITH"}],"neow_cost":"NONE","seed_source_timestamp":520362254212408,"circlet_count":0,"master_deck":["AscendersBane","Defend_B","Defend_B","Defend_B","Defend_B","Zap","Dualcast","Gash+1","FTL","Self Repair","Scrape+1","Gash+1","Scrape","Reboot","Auto Shields+1","Fusion+1","Fission+1","Hologram+1","FTL","Self Repair","Coolheaded","Beam Cell"],"relics":["Cracked Core","NeowsBlessing","Centennial Puzzle","Toolbox","Question Card","Shuriken","GremlinMask","Astrolabe","Orichalcum"],"potions_floor_usage":[16],"damage_taken":[{"damage":0,"enemies":"Cultist","floor":1,"turns":1},{"damage":0,"enemies":"Jaw Worm","floor":4,"turns":1},{"damage":0,"enemies":"3 Sentries","floor":6,"turns":1},{"damage":41,"enemies":"Lagavulin","floor":8,"turns":6},{"damage":0,"enemies":"Small Slimes","floor":13,"turns":2},{"damage":0,"enemies":"Red Slaver","floor":14,"turns":2},{"damage":31,"enemies":"Hexaghost","floor":16,"turns":6},{"damage":6,"enemies":"3 Byrds","floor":18,"turns":5},{"damage":17,"enemies":"2 Thieves","floor":22,"turns":3},{"damage":0,"enemies":"Centurion and Healer","floor":24,"turns":4},{"damage":65,"enemies":"Masked Bandits","floor":28,"turns":5}],"seed_played":"1352530144312358269","potions_obtained":[{"floor":4,"key":"FearPotion"},{"floor":8,"key":"Poison Potion"},{"floor":14,"key":"SteroidPotion"},{"floor":22,"key":"SpeedPotion"}],"is_trial":false,"path_per_floor":["M","$","?","M","?","E","$","E","T","?","?","R","M","M","R","B",null,"M","$","?","$","M","R","M","R","T","?","?"],"character_chosen":"DEFECT","items_purchased":["FTL","Toolbox","FTL","Self Repair"],"campfire_rested":1,"item_purchase_floors":[2,7,21,21],"current_hp_per_floor":[64,64,64,64,53,53,53,19,19,19,19,40,47,54,54,30,61,62,62,62,62,59,59,71,71,71,58,0],"gold":52,"neow_bonus":"THREE_ENEMY_KILL","is_prod":false,"is_daily":false,"chose_seed":false,"campfire_upgraded":3,"win_rate":0,"timestamp":1555521840,"path_taken":["M","$","?","M","?","E","$","E","T","?","?","R","M","?","R","BOSS","M","$","?","?","M","R","M","R","T","?","?"],"build_version":"2019-01-23","purchased_purges":2,"victory":false,"max_hp_per_floor":[71,71,71,71,71,71,71,71,71,71,71,71,71,71,71,71,71,71,71,71,71,71,71,71,71,71,76,76],"card_choices":[{"not_picked":["Steam","Streamline"],"picked":"Gash","floor":1},{"not_picked":["Redo","Barrage"],"picked":"Self Repair","floor":4},{"not_picked":["Genetic Algorithm","BootSequence","Heatsinks"],"picked":"SKIP","floor":6},{"not_picked":["Lockon","Double Energy"],"picked":"Scrape","floor":8},{"not_picked":["Stack","Rebound","Rainbow"],"picked":"Gash","floor":13},{"not_picked":["Compile Driver","Conserve Battery","Lockon"],"picked":"Scrape","floor":14},{"not_picked":["Electrodynamics","Buffer","Meteor Strike"],"picked":"Reboot","floor":16},{"not_picked":["Blizzard","Storm","Hello World"],"picked":"Hologram","floor":18},{"not_picked":["Fusion","Leap","Stack"],"picked":"Coolheaded","floor":22},{"not_picked":["Doom and Gloom","Barrage+1","Go for the Eyes"],"picked":"Beam Cell","floor":24}],"player_experience":1149188,"relics_obtained":[{"floor":6,"key":"Centennial Puzzle"},{"floor":8,"key":"Question Card"},{"floor":9,"key":"Shuriken"},{"floor":26,"key":"Orichalcum"}],"event_choices":[{"damage_healed":0,"gold_gain":175,"player_choice":"AGREE","damage_taken":0,"max_hp_gain":0,"max_hp_loss":0,"event_name":"Liars Game","floor":3,"gold_loss":0,"cards_obtained":["Doubt"]},{"damage_healed":0,"gold_gain":75,"player_choice":"Gather Gold","damage_taken":11,"max_hp_gain":0,"max_hp_loss":0,"event_name":"World of Goop","floor":5,"gold_loss":0},{"damage_healed":0,"gold_gain":0,"player_choice":"Grow","damage_taken":0,"max_hp_gain":0,"max_hp_loss":0,"event_name":"Living Wall","floor":10,"gold_loss":0,"cards_upgraded":["Gash"]},{"damage_healed":0,"gold_gain":0,"player_choice":"Trade","damage_taken":0,"relics_obtained":["GremlinMask"],"max_hp_gain":0,"max_hp_loss":0,"event_name":"FaceTrader","floor":11,"gold_loss":0},{"damage_healed":0,"gold_gain":0,"player_choice":"Ignored","damage_taken":0,"max_hp_gain":0,"max_hp_loss":0,"event_name":"N\u0027loth","floor":20,"gold_loss":0},{"damage_healed":0,"gold_gain":0,"player_choice":"Shed Blood","damage_taken":18,"max_hp_gain":5,"max_hp_loss":0,"event_name":"Forgotten Altar","floor":27,"gold_loss":0},{"damage_healed":0,"gold_gain":0,"player_choice":"Fought Bandits","damage_taken":0,"max_hp_gain":0,"max_hp_loss":0,"event_name":"Masked Bandits","floor":28,"gold_loss":0}],"is_beta":false,"boss_relics":[{"not_picked":["Coffee Dripper","Sozu"],"picked":"Astrolabe"}],"items_purged_floors":[7,19],"is_endless":false,"potions_floor_spawned":[4,8,14,22],"killed_by":"Masked Bandits","ascension_level":14}