{"gold_per_floor":[109,119,61,71,71,71,100,100,100,111,131,166,178,197,197,299,299,315,332,332,256,256,256,276,293,323,337,84,110,127,137,137,233,233,246,262,56,71,71,97,109,149,187,199,239,251,263,4,4,4,4,4,4,35,35],"floor_reached":56,"playtime":4337,"items_purged":["Strike_G","Strike_G","Strike_G","Strike_G"],"score":1519,"play_id":"9f7478cd-5776-4ef1-840e-6386955f5c15","local_time":"20190502210531","is_ascension_mode":false,"campfire_choices":[{"data":"Dash","floor":6,"key":"SMITH"},{"data":"Neutralize","floor":8,"key":"SMITH"},{"data":"Noxious Fumes","floor":15,"key":"SMITH"},{"data":"Venomology","floor":23,"key":"SMITH"},{"data":"Acrobatics","floor":32,"key":"SMITH"},{"data":"Expertise","floor":41,"key":"SMITH"},{"data":"Well Laid Plans","floor":44,"key":"SMITH"},{"data":"Acrobatics","floor":47,"key":"SMITH"},{"floor":49,"key":"RECALL"},{"data":"Caltrops","floor":52,"key":"SMITH"}],"neow_cost":"NONE","seed_source_timestamp":377830617529880,"circlet_count":0,"master_deck":["Defend_G+1","Defend_G","Defend_G","Defend_G","Strike_G","Survivor","Neutralize+1","Dash+1","Quick Slash","Acrobatics+1","Well Laid Plans+1","Backstab","Venomology+1","Noxious Fumes+1","After Image","Expertise+1","Acrobatics+1","After Image","Concentrate","Noxious Fumes+1","Escape Plan+1","Blur","Caltrops+1","Finesse","Leg Sweep+1","Caltrops+1","Acrobatics+1"],"relics":["Ring of the Snake","Letter Opener","Potion Belt","Bronze Scales","Smiling Mask","Art of War","Coffee Dripper","Tiny Chest","TheAbacus","Thread and Needle","WristBlade","Bag of Preparation","MawBank","Bottled Tornado","Pantograph","Bag of Marbles","Vajra","War Paint"],"potions_floor_usage":[12,16,18,19,24,25,27,27,27,29,33,33,38,40,40,40,42,50,54,55,55,55,55,55],"damage_taken":[{"damage":1,"enemies":"2 Louse","floor":1,"turns":3},{"damage":0,"enemies":"Cultist","floor":2,"turns":3},{"damage":0,"enemies":"Small Slimes","floor":4,"turns":2},{"damage":12,"enemies":"3 Sentries","floor":7,"turns":9},{"damage":0,"enemies":"Gremlin Gang","floor":10,"turns":4},{"damage":0,"enemies":"Looter","floor":11,"turns":2},{"damage":21,"enemies":"Gremlin Nob","floor":12,"turns":5},{"damage":1,"enemies":"Exordium Wildlife","floor":13,"turns":3},{"damage":0,"enemies":"Red Slaver","floor":14,"turns":3},{"damage":2,"enemies":"The Guardian","floor":16,"turns":10},{"damage":1,"enemies":"3 Byrds","floor":18,"turns":4},{"damage":0,"enemies":"Shell Parasite","floor":19,"turns":5},{"damage":0,"enemies":"Cultist and Chosen","floor":24,"turns":5},{"damage":0,"enemies":"Snecko","floor":25,"turns":5},{"damage":5,"enemies":"3 Cultists","floor":27,"turns":5},{"damage":0,"enemies":"Gremlin Leader","floor":29,"turns":6},{"damage":0,"enemies":"Sentry and Sphere","floor":30,"turns":5},{"damage":0,"enemies":"Snake Plant","floor":31,"turns":4},{"damage":0,"enemies":"Champ","floor":33,"turns":11},{"damage":0,"enemies":"Orb Walker","floor":35,"turns":4},{"damage":0,"enemies":"3 Shapes","floor":36,"turns":5},{"damage":0,"enemies":"Sphere and 2 Shapes","floor":38,"turns":5},{"damage":0,"enemies":"Reptomancer","floor":40,"turns":7},{"damage":0,"enemies":"Giant Head","floor":42,"turns":8},{"damage":0,"enemies":"Nemesis","floor":45,"turns":7},{"damage":0,"enemies":"Time Eater","floor":50,"turns":13},{"damage":0,"enemies":"Shield and Spear","floor":54,"turns":5},{"damage":0,"enemies":"The Heart","floor":55,"turns":9}],"seed_played":"-513612877459115133","potions_obtained":[{"floor":1,"key":"Fruit Juice"},{"floor":7,"key":"Swift Potion"},{"floor":11,"key":"AttackPotion"},{"floor":14,"key":"SpeedPotion"},{"floor":18,"key":"SteroidPotion"},{"floor":27,"key":"Energy Potion"},{"floor":40,"key":"FearPotion"},{"floor":45,"key":"Weak Potion"},{"floor":54,"key":"SpeedPotion"}],"is_trial":false,"path_per_floor":["M","M","?","M","?","R","E","R","T","M","M","E","M","M","R","B",null,"M","M","?","$","?","R","M","M","T","M","$","E","M","M","R","B",null,"M","M","$","M","?","E","R","E","T","R","E","T","R","$","R","B",null,"R","$","E","B",null],"character_chosen":"THE_SILENT","items_purchased":["Acrobatics","TheAbacus","Bag of Preparation","Vajra","GhostInAJar"],"campfire_rested":0,"item_purchase_floors":[21,28,37,48,48],"current_hp_per_floor":[69,69,69,69,66,66,54,54,54,54,54,33,32,32,32,30,70,69,69,69,69,69,69,69,69,69,69,69,69,69,69,69,69,75,75,75,75,75,75,75,75,75,75,75,75,75,75,75,75,75,75,75,75,75,75],"gold":35,"neow_bonus":"REMOVE_CARD","is_prod":false,"is_daily":false,"chose_seed":false,"campfire_upgraded":9,"win_rate":0,"timestamp":1556827531,"path_taken":["M","M","?","?","?","R","E","R","T","M","M","E","M","M","R","BOSS","M","M","?","$","?","R","M","M","T","?","$","E","M","M","R","BOSS","M","M","$","M","?","E","R","E","T","R","E","?","R","$","R","BOSS","R","$","E","BOSS"],"build_version":"2019-04-23","purchased_purges":4,"victory":true,"max_hp_per_floor":[70,70,70,70,70,70,70,70,70,70,70,70,70,70,70,70,70,70,70,70,70,70,70,70,70,70,75,75,75,75,75,75,75,75,75,75,75,75,75,75,75,75,75,75,75,75,75,75,75,75,75,75,75,75,75],"card_choices":[{"not_picked":["PiercingWail","Prepared"],"picked":"Dash","floor":1},{"not_picked":["Backflip","Sucker Punch"],"picked":"Quick Slash","floor":2},{"not_picked":["Slice","Finisher","Masterful Stab"],"picked":"SKIP","floor":4},{"not_picked":["Concentrate","Phantasmal Killer"],"picked":"Acrobatics","floor":7},{"not_picked":["Bane","Eviscerate"],"picked":"Well Laid Plans","floor":10},{"not_picked":["Acrobatics","Prepared","Endless Agony"],"picked":"SKIP","floor":11},{"not_picked":["Choke","Flying Knee"],"picked":"Backstab","floor":12},{"not_picked":["All Out Attack","Masterful Stab"],"picked":"Venomology","floor":13},{"not_picked":["Backflip","Bouncing Flask"],"picked":"Noxious Fumes","floor":14},{"not_picked":["Bullet Time","Wraith Form v2"],"picked":"After Image","floor":16},{"not_picked":["Prepared","Outmaneuver"],"picked":"Expertise","floor":18},{"not_picked":["Prepared","Eviscerate","Underhanded Strike"],"picked":"SKIP","floor":19},{"not_picked":["Dodge and Roll","Acrobatics","Finisher"],"picked":"SKIP","floor":24},{"not_picked":["Flying Knee+1","Footwork"],"picked":"Concentrate","floor":25},{"not_picked":["Deadly Poison","Blade Dance"],"picked":"Noxious Fumes+1","floor":27},{"not_picked":["Flying Knee","Dodge and Roll","Wraith Form v2"],"picked":"SKIP","floor":29},{"not_picked":["Poisoned Stab","Deflect+1"],"picked":"Escape Plan","floor":30},{"not_picked":["Riddle With Holes","Choke"],"picked":"Blur","floor":31},{"not_picked":["Cloak And Dagger","Deflect","Accuracy+1"],"picked":"SKIP","floor":35},{"not_picked":["Cloak And Dagger","Noxious Fumes+1"],"picked":"Caltrops","floor":36},{"not_picked":["Flying Knee+1","Prepared","Dash"],"picked":"SKIP","floor":38},{"not_picked":["PanicButton","Deep Breath"],"picked":"Finesse","floor":39},{"not_picked":["Glass Knife","Poisoned Stab"],"picked":"Leg Sweep+1","floor":40},{"not_picked":["Underhanded Strike+1","Flying Knee+1","Glass Knife"],"picked":"SKIP","floor":42},{"not_picked":["Sucker Punch+1","Deadly Poison+1"],"picked":"Caltrops+1","floor":45},{"not_picked":["Flechettes+1","Endless Agony"],"picked":"Acrobatics+1","floor":54}],"player_experience":1274693,"relics_obtained":[{"floor":7,"key":"Bronze Scales"},{"floor":9,"key":"Smiling Mask"},{"floor":12,"key":"Art of War"},{"floor":26,"key":"Tiny Chest"},{"floor":29,"key":"Thread and Needle"},{"floor":40,"key":"MawBank"},{"floor":42,"key":"Bottled Tornado"},{"floor":45,"key":"Pantograph"},{"floor":46,"key":"Bag of Marbles"},{"floor":54,"key":"War Paint"}],"event_choices":[{"damage_healed":0,"gold_gain":0,"player_choice":"Paid Gold","damage_taken":0,"relics_obtained":["Letter Opener"],"max_hp_gain":0,"max_hp_loss":0,"event_name":"WeMeetAgain","floor":3,"gold_loss":58},{"damage_healed":0,"gold_gain":0,"player_choice":"Success","damage_taken":3,"relics_obtained":["Potion Belt"],"max_hp_gain":0,"max_hp_loss":0,"event_name":"Scrap Ooze","floor":5,"gold_loss":0},{"damage_healed":0,"gold_gain":0,"player_choice":"Ignored","damage_taken":0,"max_hp_gain":0,"max_hp_loss":0,"event_name":"Ghosts","floor":20,"gold_loss":0},{"damage_healed":0,"gold_gain":0,"player_choice":"Copied","damage_taken":0,"max_hp_gain":0,"max_hp_loss":0,"event_name":"Duplicator","floor":22,"gold_loss":0,"cards_obtained":["After Image"]},{"damage_healed":0,"gold_gain":0,"player_choice":"Memory 1","damage_taken":0,"max_hp_gain":0,"max_hp_loss":0,"event_name":"SensoryStone","floor":39,"gold_loss":0}],"is_beta":true,"boss_relics":[{"not_picked":["Lizard Tail","Black Star"],"picked":"Coffee Dripper"},{"not_picked":["Snecko Eye","Calling Bell"],"picked":"WristBlade"}],"items_purged_floors":[21,28,37,48],"is_endless":false,"potions_floor_spawned":[1,7,11,14,18,27,31,40,45,54],"ascension_level":0}