{"gold_per_floor":[15,31,31,42,42,68,87,87,112,142,142,152,152,172,172,271,271,286,386,386,403,503,503,529,546,546,546,572,587,612,624,624,727,727,738,756,756,360,379,406,440,450,450,475,506,506,506,506,506,506,506,506,23,51,51],"floor_reached":56,"playtime":3557,"items_purged":["Normality"],"score":1542,"play_id":"da033a3d-e381-49ae-ab4c-2254ce588486","local_time":"20190513093353","is_ascension_mode":true,"campfire_choices":[{"data":"White Noise","floor":11,"key":"SMITH"},{"data":"Defragment","floor":13,"key":"SMITH"},{"data":"Creative AI","floor":15,"key":"SMITH"},{"data":"Machine Learning","floor":23,"key":"SMITH"},{"floor":27,"key":"REST"},{"data":"Buffer","floor":32,"key":"SMITH"},{"floor":46,"key":"RECALL"},{"floor":49,"key":"REST"},{"data":"Biased Cognition","floor":52,"key":"SMITH"}],"neow_cost":"NO_GOLD","seed_source_timestamp":823189773567258,"circlet_count":0,"master_deck":["Strike_B","Strike_B","Strike_B+1","Strike_B+1","Defend_B","Defend_B","Defend_B","Defend_B","Zap","Dualcast+1","Coolheaded","Chill+1","White Noise+1","Tempest+1","Coolheaded","FTL","Defragment+1","Creative AI+1","Machine Learning+1","Cold Snap","Hologram+1","Buffer+1","Conserve Battery","Go for the Eyes","Coolheaded","Storm+1","Force Field+1","Biased Cognition+1","Flash of Steel","Coolheaded","Leap+1","Go for the Eyes+1","Skim+1","Force Field+1","Storm+1"],"relics":["Cracked Core","WingedGreaves","Whetstone","Bag of Preparation","DataDisk","Cursed Key","Emotion Chip","Kunai","War Paint","Dream Catcher","Shuriken","Busted Crown","Chemical X","Juzu Bracelet","Potion Belt","Girya","Singing Bowl","Vajra","Spirit Poop","Bird Faced Urn","Centennial Puzzle","Oddly Smooth Stone"],"potions_floor_usage":[10,19,24,28,28,30,40,50,55,55,55,55],"damage_taken":[{"damage":0,"enemies":"Cultist","floor":1,"turns":4},{"damage":0,"enemies":"Small Slimes","floor":2,"turns":3},{"damage":3,"enemies":"2 Louse","floor":4,"turns":3},{"damage":7,"enemies":"Lagavulin","floor":6,"turns":7},{"damage":3,"enemies":"Looter","floor":7,"turns":3},{"damage":7,"enemies":"3 Sentries","floor":10,"turns":6},{"damage":0,"enemies":"Lots of Slimes","floor":12,"turns":3},{"damage":7,"enemies":"Blue Slaver","floor":14,"turns":2},{"damage":4,"enemies":"The Guardian","floor":16,"turns":11},{"damage":0,"enemies":"Spheric Guardian","floor":18,"turns":4},{"damage":1,"enemies":"Colosseum Slavers","floor":19,"turns":4},{"damage":27,"enemies":"Colosseum Nobs","floor":19,"turns":4},{"damage":1,"enemies":"Shell Parasite","floor":21,"turns":4},{"damage":22,"enemies":"Slavers","floor":24,"turns":2},{"damage":0,"enemies":"Shelled Parasite and Fungi","floor":25,"turns":4},{"damage":17,"enemies":"Book of Stabbing","floor":28,"turns":6},{"damage":12,"enemies":"Snake Plant","floor":29,"turns":5},{"damage":1,"enemies":"Slavers","floor":30,"turns":5},{"damage":0,"enemies":"Sentry and Sphere","floor":31,"turns":3},{"damage":0,"enemies":"Automaton","floor":33,"turns":14},{"damage":0,"enemies":"3 Shapes","floor":35,"turns":4},{"damage":0,"enemies":"Orb Walker","floor":36,"turns":3},{"damage":0,"enemies":"Maw","floor":39,"turns":6},{"damage":13,"enemies":"Reptomancer","floor":40,"turns":5},{"damage":0,"enemies":"Giant Head","floor":41,"turns":8},{"damage":0,"enemies":"Writhing Mass","floor":42,"turns":4},{"damage":12,"enemies":"Reptomancer","floor":44,"turns":5},{"damage":2,"enemies":"Nemesis","floor":45,"turns":7},{"damage":0,"enemies":"Donu and Deca","floor":50,"turns":8},{"damage":1,"enemies":"Shield and Spear","floor":54,"turns":4},{"damage":23,"enemies":"The Heart","floor":55,"turns":8}],"seed_played":"-7653843507413482890","potions_obtained":[{"floor":4,"key":"Fire Potion"},{"floor":6,"key":"Strength Potion"},{"floor":10,"key":"AttackPotion"},{"floor":16,"key":"GamblersBrew"},{"floor":19,"key":"FearPotion"},{"floor":24,"key":"Swift Potion"},{"floor":25,"key":"Block Potion"},{"floor":29,"key":"GamblersBrew"},{"floor":33,"key":"SpeedPotion"},{"floor":35,"key":"Fire Potion"},{"floor":39,"key":"Ancient Potion"},{"floor":41,"key":"Block Potion"},{"floor":54,"key":"Block Potion"}],"is_trial":false,"path_per_floor":["M","M","$","M","?","E","M","?","T","E","R","M","R","M","R","B",null,"M","?","?","M","?","R","E","M","T","R","E","M","E","M","R","B",null,"M","M","?","$","M","E","E","M","T","E","E","R","?","?","R","B",null,"R","$","E","B",null],"character_chosen":"DEFECT","items_purchased":["Chemical X","Flash of Steel","Coolheaded","Bird Faced Urn","SkillPotion","Centennial Puzzle"],"campfire_rested":2,"item_purchase_floors":[38,38,38,53,53,53],"current_hp_per_floor":[75,75,75,72,72,65,62,62,62,55,55,55,55,48,48,44,75,75,47,72,71,71,71,49,49,49,71,54,42,41,41,41,41,75,75,75,71,71,71,58,58,58,58,46,46,46,46,42,65,65,79,79,79,81,66],"gold":51,"neow_bonus":"ONE_RARE_RELIC","is_prod":false,"is_daily":false,"chose_seed":false,"campfire_upgraded":6,"win_rate":0,"timestamp":1557754433,"path_taken":["M","M","?","M","?","E","M","?","T","E","R","M","R","M","R","BOSS","M","?","?","M","?","R","E","M","T","R","E","M","E","M","R","BOSS","M","?","?","$","M","E","E","M","T","E","E","R","?","?","R","BOSS","R","$","E","BOSS"],"build_version":"2019-05-07","purchased_purges":1,"victory":true,"max_hp_per_floor":[75,75,75,75,75,75,75,75,75,75,75,75,75,75,75,75,75,75,75,75,75,75,75,75,75,75,75,75,75,75,75,75,75,75,75,75,71,71,71,71,71,71,71,71,73,73,73,79,79,79,79,79,79,81,81],"card_choices":[{"not_picked":["Undo","Turbo"],"picked":"Coolheaded","floor":1},{"not_picked":["Beam Cell","Undo"],"picked":"Chill","floor":2},{"not_picked":["Hologram","Static Discharge"],"picked":"White Noise","floor":4},{"not_picked":["Rebound","Beam Cell"],"picked":"Tempest","floor":6},{"not_picked":["FTL","Loop"],"picked":"Coolheaded","floor":7},{"not_picked":["Skim","Tempest"],"picked":"FTL","floor":10},{"not_picked":["Glacier","Ball Lightning"],"picked":"Defragment","floor":12},{"not_picked":["Redo","Recycle"],"picked":"Creative AI","floor":14},{"not_picked":["Meteor Strike","Reboot"],"picked":"Machine Learning","floor":16},{"not_picked":["Ball Lightning","Aggregate"],"picked":"Cold Snap","floor":18},{"not_picked":["Barrage","Turbo"],"picked":"Hologram+1","floor":19},{"not_picked":["Rip and Tear","Hologram"],"picked":"Buffer","floor":21},{"not_picked":["Redo","Coolheaded"],"picked":"Conserve Battery","floor":24},{"not_picked":["Skim","Turbo"],"picked":"Go for the Eyes","floor":25},{"not_picked":["Doom and Gloom","Hello World"],"picked":"Coolheaded","floor":28},{"not_picked":["Cold Snap","Compile Driver","Reprogram"],"picked":"SKIP","floor":29},{"not_picked":["Ball Lightning","Conserve Battery"],"picked":"Storm+1","floor":30},{"not_picked":["Melter","Hello World+1"],"picked":"Force Field+1","floor":31},{"not_picked":["Creative AI","Buffer"],"picked":"Biased Cognition","floor":33},{"not_picked":["Scrape"],"picked":"SKIP","floor":35},{"not_picked":["Cold Snap+1"],"picked":"SKIP","floor":36},{"not_picked":[],"picked":"Leap+1","floor":39},{"not_picked":["Scrape"],"picked":"SKIP","floor":40},{"not_picked":[],"picked":"Go for the Eyes+1","floor":41},{"not_picked":[],"picked":"Skim+1","floor":42},{"not_picked":[],"picked":"Force Field+1","floor":44},{"not_picked":["Ball Lightning"],"picked":"Singing Bowl","floor":45},{"not_picked":["Dramatic Entrance"],"picked":"Singing Bowl","floor":48},{"not_picked":["Violence"],"picked":"Singing Bowl","floor":48},{"not_picked":["Mind Blast"],"picked":"Singing Bowl","floor":48},{"not_picked":[],"picked":"Storm+1","floor":49},{"not_picked":["Auto Shields"],"picked":"Singing Bowl","floor":54}],"player_experience":5739329,"relics_obtained":[{"floor":6,"key":"Whetstone"},{"floor":9,"key":"Bag of Preparation"},{"floor":10,"key":"DataDisk"},{"floor":19,"key":"Emotion Chip"},{"floor":19,"key":"Kunai"},{"floor":24,"key":"War Paint"},{"floor":28,"key":"Dream Catcher"},{"floor":30,"key":"Shuriken"},{"floor":40,"key":"Juzu Bracelet"},{"floor":41,"key":"Potion Belt"},{"floor":43,"key":"Girya"},{"floor":44,"key":"Singing Bowl"},{"floor":45,"key":"Vajra"},{"floor":54,"key":"Oddly Smooth Stone"}],"event_choices":[{"damage_healed":0,"gold_gain":0,"player_choice":"Leave","damage_taken":0,"max_hp_gain":0,"max_hp_loss":0,"event_name":"The Cleric","floor":5,"gold_loss":0},{"damage_healed":0,"gold_gain":0,"player_choice":"Grow","damage_taken":0,"max_hp_gain":0,"max_hp_loss":0,"event_name":"Living Wall","floor":8,"gold_loss":0,"cards_upgraded":["Tempest"]},{"damage_healed":0,"gold_gain":0,"player_choice":"Fight","damage_taken":0,"max_hp_gain":0,"max_hp_loss":0,"event_name":"Colosseum","floor":19,"gold_loss":0},{"damage_healed":0,"gold_gain":0,"player_choice":"Fought Nobs","damage_taken":0,"max_hp_gain":0,"max_hp_loss":0,"event_name":"Colosseum","floor":19,"gold_loss":0},{"damage_healed":25,"gold_gain":0,"player_choice":"Heal","damage_taken":0,"max_hp_gain":0,"max_hp_loss":0,"event_name":"The Library","floor":20,"gold_loss":0},{"damage_healed":0,"gold_gain":100,"player_choice":"Pray","damage_taken":0,"max_hp_gain":0,"max_hp_loss":0,"event_name":"Golden Shrine","floor":22,"gold_loss":0},{"damage_healed":0,"gold_gain":0,"player_choice":"Max HP","damage_taken":0,"max_hp_gain":0,"max_hp_loss":4,"event_name":"Winding Halls","floor":37,"gold_loss":0},{"cards_removed":["Regret"],"damage_healed":0,"gold_gain":0,"player_choice":"Offered Curse","damage_taken":0,"relics_obtained":["Spirit Poop"],"max_hp_gain":0,"max_hp_loss":0,"event_name":"Bonfire Elementals","floor":47,"gold_loss":0},{"damage_healed":0,"gold_gain":0,"player_choice":"Memory 3","damage_taken":10,"max_hp_gain":0,"max_hp_loss":0,"event_name":"SensoryStone","floor":48,"gold_loss":0}],"is_beta":true,"boss_relics":[{"not_picked":["Fusion Hammer","Pandora\u0027s Box"],"picked":"Cursed Key"},{"not_picked":["Orrery","Lizard Tail"],"picked":"Busted Crown"}],"items_purged_floors":[38],"is_endless":false,"potions_floor_spawned":[4,6,10,16,19,24,25,29,33,35,39,41,54],"ascension_level":1}