{"gold_per_floor":[111,111,286,286,310,310,310,349,430,465,479,479,500,527,527,655,655,669,669,768,789,789,830,830,843,843,843,874,305,329,365,365,489,489,510,523,523,542,567,602,602,643,695,731,752,776,776,776,776,776,776,776,4,40,40],"floor_reached":56,"playtime":3375,"items_purged":["Strike_G+1","Strike_G+1"],"score":1687,"play_id":"a92fb3f3-35d3-407e-916f-87d64ede209e","local_time":"20190331183851","is_ascension_mode":true,"campfire_choices":[{"data":"Quick Slash","floor":6,"key":"SMITH"},{"data":"Deadly Poison","floor":15,"key":"SMITH"},{"floor":24,"key":"REST"},{"floor":27,"key":"REST"},{"floor":32,"key":"REST"},{"floor":41,"key":"REST"},{"floor":47,"key":"RECALL"},{"floor":49,"key":"REST"},{"floor":52,"key":"REST"}],"neow_cost":"NONE","seed_source_timestamp":1724713527789754,"circlet_count":0,"master_deck":["Defend_G+1","Defend_G+1","Defend_G+1","Defend_G+1","Defend_G+1","Strike_G+1","Strike_G+1","Survivor","Neutralize+1","Quick Slash+1","Calculated Gamble","All Out Attack","Blur","Dagger Spray","Deadly Poison+1","Doppelganger+1","Footwork+1","Leg Sweep+1","Deflect","Quick Slash+1","Blur+1","Infinite Blades+1","Infinite Blades+1","Backflip","After Image+1","Sucker Punch+1","Infinite Blades+1","PiercingWail+1","Finisher+1","Backstab+1","Adrenaline","Terror+1","Caltrops+1","Mayhem+1","Escape Plan+1","Acrobatics+1","Accuracy+1"],"relics":["Ring of the Snake","NeowsBlessing","Golden Idol","Frozen Egg 2","Kunai","Centennial Puzzle","Fusion Hammer","Ancient Tea Set","Matryoshka","Bronze Scales","Tiny Chest","Blood Vial","Strawberry","Runic Dome","War Paint","FossilizedHelix","Lantern","Orichalcum","Toxic Egg 2","Omamori","Juzu Bracelet","WarpedTongs","Dodecahedron","Bag of Preparation","Gremlin Horn"],"potions_floor_usage":[10,29,31,55,55,55],"damage_taken":[{"damage":0,"enemies":"Jaw Worm","floor":1,"turns":1},{"damage":0,"enemies":"Small Slimes","floor":5,"turns":1},{"damage":0,"enemies":"Gremlin Nob","floor":8,"turns":1},{"damage":19,"enemies":"Lagavulin","floor":10,"turns":7},{"damage":0,"enemies":"Cultist","floor":11,"turns":4},{"damage":0,"enemies":"Blue Slaver","floor":13,"turns":4},{"damage":12,"enemies":"The Guardian","floor":16,"turns":12},{"damage":0,"enemies":"Shell Parasite","floor":18,"turns":6},{"damage":17,"enemies":"2 Thieves","floor":21,"turns":4},{"damage":0,"enemies":"Gremlin Leader","floor":23,"turns":9},{"damage":15,"enemies":"Snake Plant","floor":25,"turns":4},{"damage":0,"enemies":"Book of Stabbing","floor":28,"turns":7},{"damage":10,"enemies":"Sentry and Sphere","floor":30,"turns":4},{"damage":15,"enemies":"Gremlin Leader","floor":31,"turns":5},{"damage":0,"enemies":"Collector","floor":33,"turns":12},{"damage":0,"enemies":"3 Shapes","floor":35,"turns":5},{"damage":11,"enemies":"3 Darklings","floor":36,"turns":5},{"damage":13,"enemies":"Jaw Worm Horde","floor":38,"turns":5},{"damage":13,"enemies":"4 Shapes","floor":39,"turns":5},{"damage":5,"enemies":"Reptomancer","floor":40,"turns":6},{"damage":0,"enemies":"Nemesis","floor":42,"turns":11},{"damage":0,"enemies":"Giant Head","floor":44,"turns":8},{"damage":0,"enemies":"Sphere and 2 Shapes","floor":45,"turns":5},{"damage":14,"enemies":"Time Eater","floor":50,"turns":12},{"damage":0,"enemies":"Shield and Spear","floor":54,"turns":8},{"damage":0,"enemies":"The Heart","floor":55,"turns":9}],"seed_played":"-8570628174364893458","potions_obtained":[{"floor":5,"key":"Ancient Potion"},{"floor":8,"key":"SteroidPotion"},{"floor":10,"key":"FairyPotion"},{"floor":18,"key":"Dexterity Potion"},{"floor":30,"key":"PowerPotion"},{"floor":31,"key":"Ancient Potion"},{"floor":40,"key":"Block Potion"}],"is_trial":false,"path_per_floor":["M","?","?","?","M","R","?","E","T","E","M","?","M","T","R","B",null,"M","?","?","M","?","E","R","M","T","R","E","$","M","E","R","B",null,"M","M","?","M","M","E","R","E","T","E","M","T","R","?","R","B",null,"R","$","E","B",null],"character_chosen":"THE_SILENT","items_purchased":["Infinite Blades+1","Fruit Juice","Tiny Chest","Blood Vial","AttackPotion","Dodecahedron","Bag of Preparation","Mayhem+1","Escape Plan+1","Acrobatics+1"],"campfire_rested":6,"item_purchase_floors":[29,29,29,29,29,53,53,53,53,53],"current_hp_per_floor":[70,53,53,39,39,39,39,39,39,20,20,13,13,13,13,1,70,70,70,70,53,53,53,70,55,55,70,70,75,65,59,82,82,82,82,71,71,60,49,46,70,72,72,74,76,76,76,76,82,68,82,82,82,82,82],"gold":40,"neow_bonus":"THREE_ENEMY_KILL","is_prod":false,"is_daily":false,"chose_seed":false,"campfire_upgraded":2,"win_rate":0,"timestamp":1554071931,"path_taken":["M","?","?","?","?","R","?","E","T","E","M","?","?","?","R","BOSS","M","?","?","M","?","E","R","M","T","R","E","$","M","E","R","BOSS","M","M","?","M","?","E","R","E","T","E","?","?","R","?","R","BOSS","R","$","E","BOSS"],"build_version":"2019-03-15","purchased_purges":2,"victory":true,"max_hp_per_floor":[70,70,70,70,70,70,70,70,70,70,70,70,70,70,70,70,70,70,70,70,70,70,70,70,70,70,70,70,75,75,82,82,82,82,82,82,82,82,82,82,82,82,82,82,82,82,82,82,82,82,82,82,82,82,82],"card_choices":[{"not_picked":["Blade Dance","Tactician"],"picked":"Quick Slash","floor":1},{"not_picked":["Slice","Quick Slash"],"picked":"Calculated Gamble","floor":5},{"not_picked":["Poisoned Stab","Choke"],"picked":"All Out Attack","floor":8},{"not_picked":["Accuracy+1","Storm of Steel"],"picked":"Blur","floor":10},{"not_picked":["Bane","Dagger Throw"],"picked":"Dagger Spray","floor":11},{"not_picked":["Flechettes","Tactician"],"picked":"Deadly Poison","floor":13},{"not_picked":["Glass Knife","Grand Finale"],"picked":"Doppelganger","floor":16},{"not_picked":["Poisoned Stab","Acrobatics"],"picked":"Footwork+1","floor":18},{"not_picked":["Quick Slash+1","Underhanded Strike"],"picked":"Deflect","floor":21},{"not_picked":["Sucker Punch+1","Expertise"],"picked":"Quick Slash+1","floor":23},{"not_picked":["Cloak And Dagger","Skewer"],"picked":"Blur+1","floor":25},{"not_picked":["Setup","Slice","Phantasmal Killer"],"picked":"SKIP","floor":28},{"not_picked":["Caltrops+1","PiercingWail"],"picked":"Infinite Blades+1","floor":30},{"not_picked":["Dagger Throw","Bane"],"picked":"Backflip","floor":31},{"not_picked":["Phantasmal Killer","Storm of Steel"],"picked":"After Image+1","floor":33},{"not_picked":["Underhanded Strike","Deadly Poison"],"picked":"Sucker Punch+1","floor":35},{"not_picked":["Prepared","Outmaneuver"],"picked":"Infinite Blades+1","floor":36},{"not_picked":["Deadly Poison","Calculated Gamble"],"picked":"PiercingWail+1","floor":38},{"not_picked":["Quick Slash+1","Dagger Spray"],"picked":"Finisher+1","floor":39},{"not_picked":["Sucker Punch","Expertise+1"],"picked":"Backstab+1","floor":40},{"not_picked":["Heel Hook+1","Bouncing Flask"],"picked":"Adrenaline","floor":42},{"not_picked":["Outmaneuver+1","Slice+1"],"picked":"Terror","floor":44},{"not_picked":["Skewer+1","Footwork+1"],"picked":"Caltrops+1","floor":45},{"not_picked":["Deflect+1","Dodge and Roll+1"],"picked":"Accuracy+1","floor":54}],"player_experience":5105038,"relics_obtained":[{"floor":8,"key":"Frozen Egg 2"},{"floor":10,"key":"Kunai"},{"floor":14,"key":"Centennial Puzzle"},{"floor":23,"key":"Ancient Tea Set"},{"floor":26,"key":"Matryoshka"},{"floor":28,"key":"Bronze Scales"},{"floor":31,"key":"Strawberry"},{"floor":40,"key":"War Paint"},{"floor":42,"key":"FossilizedHelix"},{"floor":43,"key":"Lantern"},{"floor":43,"key":"Orichalcum"},{"floor":44,"key":"Toxic Egg 2"},{"floor":46,"key":"Omamori"},{"floor":46,"key":"Juzu Bracelet"},{"floor":54,"key":"Gremlin Horn"}],"event_choices":[{"damage_healed":0,"gold_gain":0,"player_choice":"Take Damage","damage_taken":17,"relics_obtained":["Golden Idol"],"max_hp_gain":0,"max_hp_loss":0,"event_name":"Golden Idol","floor":2,"gold_loss":0},{"damage_healed":0,"gold_gain":175,"player_choice":"AGREE","damage_taken":0,"max_hp_gain":0,"max_hp_loss":0,"event_name":"Liars Game","floor":3,"gold_loss":0,"cards_obtained":["Doubt"]},{"damage_healed":0,"gold_gain":0,"player_choice":"Entered Light","damage_taken":14,"max_hp_gain":0,"max_hp_loss":0,"event_name":"Shining Light","floor":4,"gold_loss":0,"cards_upgraded":["Neutralize","Defend_G"]},{"cards_removed":["Doubt"],"damage_healed":0,"gold_gain":0,"player_choice":"Forget","damage_taken":0,"max_hp_gain":0,"max_hp_loss":0,"event_name":"Living Wall","floor":7,"gold_loss":0},{"damage_healed":0,"gold_gain":0,"player_choice":"Damaged","damage_taken":7,"max_hp_gain":0,"max_hp_loss":0,"event_name":"Wheel of Change","floor":12,"gold_loss":0},{"damage_healed":0,"gold_gain":0,"player_choice":"Read","damage_taken":0,"max_hp_gain":0,"max_hp_loss":0,"event_name":"The Library","floor":19,"gold_loss":0,"cards_obtained":["Leg Sweep"]},{"damage_healed":0,"gold_gain":99,"player_choice":"Stole From Cult","damage_taken":0,"max_hp_gain":0,"max_hp_loss":0,"event_name":"Nest","floor":20,"gold_loss":0},{"damage_healed":0,"gold_gain":0,"player_choice":"Simplicity","damage_taken":0,"max_hp_gain":0,"max_hp_loss":0,"event_name":"Back to Basics","floor":22,"gold_loss":0,"cards_upgraded":["Defend_G","Defend_G","Defend_G","Defend_G","Strike_G","Strike_G","Strike_G","Strike_G","Strike_G"]},{"cards_removed":["Strike_G"],"damage_healed":0,"gold_gain":0,"player_choice":"Purged","damage_taken":0,"max_hp_gain":0,"max_hp_loss":0,"event_name":"Purifier","floor":37,"gold_loss":0},{"damage_healed":0,"gold_gain":0,"player_choice":"Rummage","damage_taken":0,"relics_obtained":["WarpedTongs"],"max_hp_gain":0,"max_hp_loss":0,"event_name":"Accursed Blacksmith","floor":48,"gold_loss":0,"cards_obtained":["Pain"]}],"is_beta":true,"boss_relics":[{"not_picked":["Tiny House","Lizard Tail"],"picked":"Fusion Hammer"},{"not_picked":["Sozu","Eternal Feather"],"picked":"Runic Dome"}],"items_purged_floors":[29,53],"is_endless":false,"potions_floor_spawned":[5,8,10,18,21,28,30,31,35,40,42,44],"ascension_level":1}