{"gold_per_floor":[112,124,124,124,144,183,183,208,208,273,286,301,301],"floor_reached":13,"playtime":382,"items_purged":[],"score":152,"play_id":"70b7b15f-8493-456b-9ce8-962cb784ceea","local_time":"20190404000203","is_ascension_mode":true,"campfire_choices":[{"data":"Dash","floor":7,"key":"SMITH"}],"neow_cost":"NONE","seed_source_timestamp":216613533889422,"circlet_count":0,"master_deck":["AscendersBane","Defend_G","Defend_G","Defend_G","Defend_G","Defend_G","Strike_G","Strike_G","Strike_G","Strike_G","Strike_G","Survivor","Neutralize","Blur","Deadly Poison","Leg Sweep","Dash+1","Deadly Poison","Flying Knee","Glass Knife"],"relics":["Ring of the Snake","NeowsBlessing","PreservedInsect","Golden Idol","Orichalcum","Bag of Preparation","Bottled Lightning","Tiny Chest"],"potions_floor_usage":[6,13],"damage_taken":[{"damage":0,"enemies":"Cultist","floor":1,"turns":1},{"damage":0,"enemies":"2 Louse","floor":2,"turns":1},{"damage":0,"enemies":"Jaw Worm","floor":5,"turns":1},{"damage":26,"enemies":"Gremlin Nob","floor":6,"turns":5},{"damage":24,"enemies":"3 Sentries","floor":10,"turns":12},{"damage":0,"enemies":"Looter","floor":11,"turns":3},{"damage":5,"enemies":"3 Louse","floor":12,"turns":4},{"damage":11,"enemies":"Lagavulin","floor":13,"turns":3}],"seed_played":"6190534064992215563","potions_obtained":[{"floor":2,"key":"Fire Potion"},{"floor":5,"key":"Weak Potion"}],"is_trial":false,"path_per_floor":["M","M","T","?","M","E","R","T","T","E","M","M","E"],"character_chosen":"THE_SILENT","items_purchased":[],"campfire_rested":0,"item_purchase_floors":[],"current_hp_per_floor":[63,63,63,63,63,37,37,37,37,13,13,8,0],"gold":301,"neow_bonus":"THREE_ENEMY_KILL","is_prod":false,"is_daily":false,"chose_seed":false,"campfire_upgraded":1,"win_rate":0,"timestamp":1554346923,"path_taken":["M","?","?","?","M","E","R","?","T","E","M","M","E"],"build_version":"2019-01-23","purchased_purges":0,"victory":false,"max_hp_per_floor":[70,70,70,65,65,65,65,65,65,65,65,65,65],"card_choices":[{"not_picked":["Dagger Throw","Heel Hook"],"picked":"Blur","floor":1},{"not_picked":["Outmaneuver","Deflect"],"picked":"Deadly Poison","floor":2},{"not_picked":["Infinite Blades","Backflip"],"picked":"Leg Sweep","floor":5},{"not_picked":["Predator","Underhanded Strike"],"picked":"Dash","floor":6},{"not_picked":["Cloak And Dagger","Backflip"],"picked":"Deadly Poison","floor":10},{"not_picked":["Blade Dance","Underhanded Strike"],"picked":"Flying Knee","floor":11},{"not_picked":["Prepared","Flechettes"],"picked":"Glass Knife","floor":12}],"player_experience":1035043,"relics_obtained":[{"floor":3,"key":"PreservedInsect"},{"floor":6,"key":"Orichalcum"},{"floor":8,"key":"Bag of Preparation"},{"floor":9,"key":"Bottled Lightning"},{"floor":10,"key":"Tiny Chest"}],"event_choices":[{"damage_healed":0,"gold_gain":0,"player_choice":"Lose Max HP","damage_taken":0,"relics_obtained":["Golden Idol"],"max_hp_gain":0,"max_hp_loss":5,"event_name":"Golden Idol","floor":4,"gold_loss":0}],"is_beta":false,"boss_relics":[],"items_purged_floors":[],"is_endless":false,"potions_floor_spawned":[2,5],"killed_by":"Lagavulin","ascension_level":12}