{"gold_per_floor":[109,124,54,54,19,19,19,19,19,19,31,64,64,88,88,186,186,200,200,219,219],"floor_reached":21,"playtime":564,"items_purged":[],"score":210,"play_id":"835b66b9-b981-448a-a2b7-073b931de161","local_time":"20181228143317","is_ascension_mode":true,"campfire_choices":[{"data":"Blade Dance","floor":6,"key":"SMITH"},{"data":"Noxious Fumes","floor":8,"key":"SMITH"},{"data":"Neutralize","floor":10,"key":"SMITH"},{"floor":13,"key":"REST"},{"floor":15,"key":"REST"}],"neow_cost":"NONE","seed_source_timestamp":583612175381815,"circlet_count":0,"master_deck":["Defend_G","Defend_G","Defend_G","Defend_G","Defend_G","Strike_G","Strike_G","Strike_G","Strike_G","Strike_G","Survivor","Neutralize+1","Blade Dance+1","Dagger Spray","Noxious Fumes+1","Noxious Fumes","Blade Dance","Blade Dance","A Thousand Cuts","Noxious Fumes","Discovery","Expertise"],"relics":["Ring of the Snake","NeowsBlessing","Ancient Tea Set","Question Card","Omamori","Odd Mushroom","Cursed Key"],"potions_floor_usage":[18],"damage_taken":[{"damage":0,"enemies":"2 Louse","floor":1,"turns":1},{"damage":0,"enemies":"Small Slimes","floor":2,"turns":1},{"damage":0,"enemies":"Cultist","floor":11,"turns":1},{"damage":32,"enemies":"3 Sentries","floor":12,"turns":6},{"damage":25,"enemies":"The Mushroom Lair","floor":14,"turns":4},{"damage":40,"enemies":"The Guardian","floor":16,"turns":11},{"damage":22,"enemies":"2 Thieves","floor":18,"turns":4},{"damage":13,"enemies":"Chosen","floor":20,"turns":5},{"damage":27,"enemies":"Snecko","floor":21,"turns":5}],"seed_played":"-210037604616576743","potions_obtained":[{"floor":2,"key":"GamblersBrew"},{"floor":11,"key":"Poison Potion"},{"floor":12,"key":"LiquidBronze"},{"floor":16,"key":"LiquidBronze"}],"is_trial":false,"path_per_floor":["M","M","$","?","?","R","$","R","T","R","M","E","R","?","R","B",null,"M","?","M","M"],"character_chosen":"THE_SILENT","items_purchased":["Noxious Fumes"],"campfire_rested":2,"item_purchase_floors":[3],"current_hp_per_floor":[70,70,70,67,70,70,70,70,70,70,70,38,59,34,55,15,70,48,34,21,0],"gold":219,"neow_bonus":"THREE_ENEMY_KILL","is_prod":false,"is_daily":false,"chose_seed":false,"campfire_upgraded":3,"win_rate":0,"timestamp":1546018397,"path_taken":["M","M","$","?","?","R","$","R","T","R","M","E","R","?","R","BOSS","M","?","?","M"],"build_version":"2018-12-20","purchased_purges":0,"victory":false,"max_hp_per_floor":[70,70,70,70,70,70,70,70,70,70,70,70,70,70,70,70,70,70,70,70,70],"card_choices":[{"not_picked":["Outmaneuver","Setup"],"picked":"Blade Dance","floor":1},{"not_picked":["Deflect","Sucker Punch"],"picked":"Dagger Spray","floor":2},{"not_picked":["Dodge and Roll","Deflect","Corpse Explosion"],"picked":"Noxious Fumes","floor":11},{"not_picked":["Escape Plan","Outmaneuver","Sucker Punch"],"picked":"Blade Dance","floor":12},{"not_picked":["Acrobatics","Bane","Eviscerate"],"picked":"Blade Dance","floor":14},{"not_picked":["Bullet Time","Grand Finale","Phantasmal Killer"],"picked":"A Thousand Cuts","floor":16},{"not_picked":["Outmaneuver","Bane","Concentrate"],"picked":"Noxious Fumes","floor":18},{"not_picked":["Deflect","Poisoned Stab","Tactician"],"picked":"Expertise","floor":20}],"player_experience":552591,"relics_obtained":[{"floor":9,"key":"Question Card"},{"floor":12,"key":"Omamori"},{"floor":14,"key":"Odd Mushroom"}],"event_choices":[{"damage_healed":0,"gold_gain":0,"player_choice":"Success","damage_taken":3,"relics_obtained":["Ancient Tea Set"],"max_hp_gain":0,"max_hp_loss":0,"event_name":"Scrap Ooze","floor":4,"gold_loss":0},{"damage_healed":17,"gold_gain":0,"player_choice":"Healed","damage_taken":0,"max_hp_gain":0,"max_hp_loss":0,"event_name":"The Cleric","floor":5,"gold_loss":35},{"damage_healed":0,"gold_gain":0,"player_choice":"Fought Mushrooms","damage_taken":0,"max_hp_gain":0,"max_hp_loss":0,"event_name":"Mushrooms","floor":14,"gold_loss":0},{"damage_healed":0,"gold_gain":0,"player_choice":"CARD ","damage_taken":14,"max_hp_gain":0,"max_hp_loss":0,"event_name":"Knowing Skull","floor":19,"potions_obtained":[],"gold_loss":0,"cards_obtained":["Discovery"]}],"is_beta":false,"boss_relics":[{"not_picked":["Snecko Eye","Sozu"],"picked":"Cursed Key"}],"items_purged_floors":[],"is_endless":false,"potions_floor_spawned":[2,11,12,16],"killed_by":"Snecko","ascension_level":4}