{"gold_per_floor":[117,117,131,149,149,149,160,195,195,43,57,84,144,164,164,262,262,280,291,306,60,60,60,0,16,41,72,89,89,105,123,123,223,223,235,290,305,252,263,263,298,317,317,329,305,317,317,334,334,334,334,334,56,81,81],"floor_reached":55,"playtime":2010,"items_purged":["Strike_R"],"score":1071,"play_id":"320ebe7c-4810-44cf-8f7a-105431bdf819","local_time":"20190507114653","is_ascension_mode":true,"campfire_choices":[{"data":"Inflame","floor":6,"key":"SMITH"},{"data":"Heavy Blade","floor":15,"key":"SMITH"},{"floor":23,"key":"RECALL"},{"floor":32,"key":"REST"},{"floor":40,"key":"REST"},{"floor":49,"key":"REST"},{"floor":52,"key":"REST"}],"neow_cost":"NONE","seed_source_timestamp":161300443306800,"circlet_count":0,"master_deck":["Strike_R","Strike_R","Strike_R","Defend_R","Defend_R","Defend_R","Defend_R","Bash","Offering","Thunderclap","Inflame+1","Battle Trance","Thunderclap","Heavy Blade+1","Heavy Blade","Double Tap","Anger","Twin Strike","Limit Break","Whirlwind","Cleave+1","Flame Barrier","Shrug It Off","Necronomicurse","Rampage","Inflame","Metallicize","Shrug It Off","Flex","Thunderclap","Flex+1","Flex+1","Shrug It Off+1","Pommel Strike","Shrug It Off+1","Metallicize"],"relics":["Burning Blood","Bag of Preparation","Champion Belt","Sundial","Vajra","Juzu Bracelet","Paper Frog","Fusion Hammer","Gremlin Horn","MutagenicStrength","Bag of Marbles","Necronomicon","Busted Crown","Dead Branch","PreservedInsect","Toxic Egg 2","Bronze Scales","Shuriken"],"potions_floor_usage":[13,42,42,50],"damage_taken":[{"damage":8,"enemies":"Jaw Worm","floor":1,"turns":2},{"damage":6,"enemies":"2 Louse","floor":3,"turns":3},{"damage":1,"enemies":"Cultist","floor":4,"turns":3},{"damage":7,"enemies":"Looter","floor":7,"turns":2},{"damage":25,"enemies":"Lagavulin","floor":8,"turns":6},{"damage":10,"enemies":"Large Slime","floor":11,"turns":3},{"damage":6,"enemies":"Gremlin Nob","floor":12,"turns":2},{"damage":11,"enemies":"3 Sentries","floor":13,"turns":3},{"damage":0,"enemies":"Gremlin Gang","floor":14,"turns":1},{"damage":33,"enemies":"The Guardian","floor":16,"turns":7},{"damage":0,"enemies":"Spheric Guardian","floor":18,"turns":2},{"damage":10,"enemies":"Shell Parasite","floor":19,"turns":3},{"damage":0,"enemies":"Snecko","floor":20,"turns":2},{"damage":21,"enemies":"Shelled Parasite and Fungi","floor":25,"turns":2},{"damage":0,"enemies":"Gremlin Leader","floor":27,"turns":3},{"damage":0,"enemies":"Chosen and Byrds","floor":28,"turns":4},{"damage":0,"enemies":"Snecko","floor":30,"turns":1},{"damage":0,"enemies":"Snake Plant","floor":31,"turns":1},{"damage":21,"enemies":"Collector","floor":33,"turns":3},{"damage":10,"enemies":"3 Shapes","floor":35,"turns":1},{"damage":6,"enemies":"2 Orb Walkers","floor":36,"turns":1},{"damage":0,"enemies":"3 Darklings","floor":37,"turns":1},{"damage":3,"enemies":"Sphere and 2 Shapes","floor":39,"turns":3},{"damage":6,"enemies":"Reptomancer","floor":41,"turns":1},{"damage":7,"enemies":"Writhing Mass","floor":42,"turns":3},{"damage":25,"enemies":"Maw","floor":44,"turns":3},{"damage":0,"enemies":"3 Darklings","floor":46,"turns":1},{"damage":6,"enemies":"Sphere and 2 Shapes","floor":48,"turns":1},{"damage":65,"enemies":"Awakened One","floor":50,"turns":5},{"damage":38,"enemies":"Shield and Spear","floor":54,"turns":3},{"damage":76,"enemies":"The Heart","floor":55,"turns":3}],"seed_played":"8423107152484164874","potions_obtained":[{"floor":3,"key":"Strength Potion"},{"floor":4,"key":"GamblersBrew"},{"floor":7,"key":"GamblersBrew"},{"floor":8,"key":"Block Potion"},{"floor":19,"key":"Strength Potion"},{"floor":28,"key":"EssenceOfSteel"},{"floor":30,"key":"BloodPotion"},{"floor":37,"key":"Block Potion"}],"is_trial":false,"path_per_floor":["M","?","M","M","?","R","M","E","T","$","M","E","?","M","R","B",null,"M","M","M","$","?","R","?","M","T","E","M","?","M","M","R","B",null,"M","?","M","$","M","R","E","M","T","M","$","M","?","M","R","B",null,"R","$","E","B"],"character_chosen":"IRONCLAD","items_purchased":["Vajra","Gremlin Horn","Flex","Shrug It Off+1","Bronze Scales","Shrug It Off+1"],"campfire_rested":4,"item_purchase_floors":[10,21,38,45,53,53],"current_hp_per_floor":[70,63,63,68,73,73,72,53,53,53,49,49,44,50,50,23,70,76,72,78,78,78,78,78,63,63,69,75,59,65,71,85,70,81,77,77,83,83,85,85,85,84,84,65,65,71,71,71,85,26,70,85,85,53,0],"gold":81,"neow_bonus":"ONE_RANDOM_RARE_CARD","is_prod":false,"is_daily":false,"chose_seed":false,"campfire_upgraded":2,"win_rate":0,"timestamp":1557244013,"path_taken":["M","?","M","M","?","R","M","E","T","$","M","E","?","M","R","BOSS","M","M","M","$","?","R","?","M","T","E","M","?","M","M","R","BOSS","M","?","M","$","M","R","E","M","T","M","$","M","?","M","R","BOSS","R","$","E","BOSS"],"build_version":"2019-01-23","purchased_purges":1,"victory":false,"max_hp_per_floor":[80,80,80,80,85,85,85,85,85,85,85,85,85,85,85,85,85,85,85,85,85,85,85,85,85,85,85,85,85,85,85,85,85,85,85,85,85,85,85,85,85,85,85,85,85,85,85,85,85,85,85,85,85,85,85],"card_choices":[{"not_picked":["Anger","Whirlwind"],"picked":"Thunderclap","floor":1},{"not_picked":["Armaments","Body Slam"],"picked":"Inflame","floor":3},{"not_picked":["Dual Wield","Searing Blow"],"picked":"Battle Trance","floor":4},{"not_picked":["Clothesline","Searing Blow"],"picked":"Thunderclap","floor":7},{"not_picked":["Warcry","Metallicize"],"picked":"Heavy Blade","floor":8},{"not_picked":["Clash","Clothesline"],"picked":"Heavy Blade","floor":11},{"not_picked":["Metallicize","Dark Embrace"],"picked":"Double Tap","floor":12},{"not_picked":["True Grit","Warcry"],"picked":"Anger","floor":13},{"not_picked":["Battle Trance","Havoc"],"picked":"Twin Strike","floor":14},{"not_picked":["Brutality","Immolate"],"picked":"Limit Break","floor":16},{"not_picked":["Anger+1","Armaments"],"picked":"Whirlwind","floor":18},{"not_picked":["Evolve","Bloodletting","True Grit"],"picked":"SKIP","floor":19},{"not_picked":["Hemokinesis","Twin Strike+1"],"picked":"Cleave+1","floor":20},{"not_picked":["Sword Boomerang+1","Battle Trance"],"picked":"Flame Barrier","floor":25},{"not_picked":["Pommel Strike","Rupture"],"picked":"Shrug It Off","floor":27},{"not_picked":["Body Slam","Armaments","Bludgeon"],"picked":"SKIP","floor":28},{"not_picked":["Perfected Strike","Feel No Pain"],"picked":"Rampage","floor":30},{"not_picked":["Clothesline+1","Wild Strike"],"picked":"Inflame","floor":31},{"not_picked":["Uppercut+1"],"picked":"SKIP","floor":35},{"not_picked":[],"picked":"Metallicize","floor":36},{"not_picked":[],"picked":"Shrug It Off","floor":37},{"not_picked":[],"picked":"Thunderclap","floor":39},{"not_picked":["Offering"],"picked":"SKIP","floor":41},{"not_picked":[],"picked":"Flex+1","floor":42},{"not_picked":[],"picked":"Flex+1","floor":44},{"not_picked":["Burning Pact+1"],"picked":"SKIP","floor":46},{"not_picked":[],"picked":"Pommel Strike","floor":48},{"not_picked":[],"picked":"Metallicize","floor":54}],"player_experience":163291,"relics_obtained":[{"floor":8,"key":"Champion Belt"},{"floor":9,"key":"Sundial"},{"floor":12,"key":"Juzu Bracelet"},{"floor":13,"key":"Paper Frog"},{"floor":27,"key":"Bag of Marbles"},{"floor":29,"key":"Necronomicon"},{"floor":36,"key":"Dead Branch"},{"floor":41,"key":"PreservedInsect"},{"floor":43,"key":"Toxic Egg 2"},{"floor":54,"key":"Shuriken"}],"event_choices":[{"damage_healed":0,"gold_gain":0,"player_choice":"Success","damage_taken":7,"relics_obtained":["Bag of Preparation"],"max_hp_gain":0,"max_hp_loss":0,"event_name":"Scrap Ooze","floor":2,"gold_loss":0},{"damage_healed":0,"gold_gain":0,"player_choice":"Donut","damage_taken":0,"max_hp_gain":5,"max_hp_loss":0,"event_name":"Big Fish","floor":5,"gold_loss":0},{"damage_healed":0,"gold_gain":0,"player_choice":"Searched \u00271\u0027 times","damage_taken":0,"max_hp_gain":0,"max_hp_loss":0,"event_name":"Dead Adventurer","floor":13,"gold_loss":0},{"damage_healed":0,"gold_gain":0,"player_choice":"Inject Mutagens","damage_taken":0,"relics_obtained":["MutagenicStrength"],"max_hp_gain":0,"max_hp_loss":0,"event_name":"Drug Dealer","floor":22,"gold_loss":0},{"damage_healed":0,"gold_gain":0,"player_choice":"Paid Fearfully","damage_taken":0,"max_hp_gain":0,"max_hp_loss":0,"event_name":"Masked Bandits","floor":24,"gold_loss":60},{"damage_healed":0,"gold_gain":0,"player_choice":"Obtained Book","damage_taken":16,"max_hp_gain":0,"max_hp_loss":0,"event_name":"Cursed Tome","floor":29,"gold_loss":0},{"damage_healed":0,"gold_gain":0,"player_choice":"Fight","damage_taken":0,"max_hp_gain":0,"max_hp_loss":0,"event_name":"Mysterious Sphere","floor":36,"gold_loss":0},{"cards_removed":["Strike_R"],"damage_healed":0,"gold_gain":0,"player_choice":"Offered Basic","damage_taken":0,"max_hp_gain":0,"max_hp_loss":0,"event_name":"Bonfire Elementals","floor":47,"gold_loss":0}],"is_beta":false,"boss_relics":[{"not_picked":["White Beast Statue","Velvet Choker"],"picked":"Fusion Hammer"},{"not_picked":["Runic Cube","Coffee Dripper"],"picked":"Busted Crown"}],"items_purged_floors":[53],"is_endless":false,"potions_floor_spawned":[3,4,7,8,19,28,30,37,39,41],"killed_by":"The Heart","ascension_level":6}