{"gold_per_floor":[109,109,13,13,13,51,51,82,82,126,52,70,94,128,128,247,247,247,247,150,150,150,150,150,150,150,150,150,150,150,150,150,150,150,150,52,52,52,52,52,52,52,52,52,0,0,0,0,0,0,0,0,0,0,0],"floor_reached":56,"playtime":2870,"items_purged":[],"score":1476,"play_id":"f1eb7000-1915-4687-88c9-1ff31c27a3c7","local_time":"20190404155552","is_ascension_mode":true,"campfire_choices":[{"data":"Perfected Strike","floor":7,"key":"SMITH"},{"data":"Corruption","floor":15,"key":"SMITH"},{"data":"Berserk","floor":23,"key":"SMITH"},{"data":"Bludgeon","floor":28,"key":"SMITH"},{"data":"Perfected Strike","floor":32,"key":"SMITH"},{"floor":47,"key":"RECALL"},{"data":"Dark Embrace","floor":49,"key":"SMITH"},{"data":"Shockwave","floor":52,"key":"SMITH"}],"neow_cost":"NONE","seed_source_timestamp":2061034405068884,"circlet_count":0,"master_deck":["Strike_R","Strike_R","Strike_R","Strike_R","Strike_R","Defend_R","Defend_R","Defend_R","Bash","Perfected Strike+1","Shrug It Off","Shockwave+1","Whirlwind","Pommel Strike","Flame Barrier+1","Corruption+1","Bludgeon+1","Sentinel","Evolve","Sentinel+1","Headbutt","Pommel Strike","Pommel Strike","Battle Trance","Perfected Strike+1","Rage","Dark Embrace+1","Rage+1","Sentinel+1","Shrug It Off","Intimidate","Rage+1","Rage+1","Twin Strike","Twin Strike","Headbutt+1"],"relics":["Burning Blood","NeowsBlessing","Singing Bowl","Bloody Idol","Dodecahedron","Self Forming Clay","Pen Nib","Pantograph","PreservedInsect","Ectoplasm","Meat on the Bone","Paper Frog","Red Mask","Ancient Tea Set","Centennial Puzzle","Runic Dome","Torii","Boot","Anchor","War Paint","Du-Vu Doll"],"potions_floor_usage":[18,24,25,55,55,55,55,55],"damage_taken":[{"damage":0,"enemies":"Jaw Worm","floor":1,"turns":1},{"damage":0,"enemies":"Gremlin Nob","floor":6,"turns":1},{"damage":0,"enemies":"3 Sentries","floor":8,"turns":1},{"damage":14,"enemies":"Gremlin Nob","floor":10,"turns":4},{"damage":0,"enemies":"Cultist","floor":12,"turns":2},{"damage":5,"enemies":"Small Slimes","floor":13,"turns":3},{"damage":8,"enemies":"3 Sentries","floor":14,"turns":7},{"damage":58,"enemies":"Hexaghost","floor":16,"turns":10},{"damage":12,"enemies":"Shell Parasite","floor":18,"turns":3},{"damage":8,"enemies":"Spheric Guardian","floor":19,"turns":4},{"damage":30,"enemies":"Snake Plant","floor":21,"turns":6},{"damage":37,"enemies":"Gremlin Leader","floor":24,"turns":6},{"damage":12,"enemies":"Masked Bandits","floor":25,"turns":5},{"damage":10,"enemies":"3 Cultists","floor":27,"turns":4},{"damage":10,"enemies":"Slavers","floor":30,"turns":3},{"damage":0,"enemies":"Centurion and Healer","floor":31,"turns":5},{"damage":70,"enemies":"Automaton","floor":33,"turns":7},{"damage":7,"enemies":"3 Shapes","floor":35,"turns":3},{"damage":30,"enemies":"Mind Bloom Boss Battle","floor":37,"turns":4},{"damage":11,"enemies":"Orb Walker","floor":38,"turns":2},{"damage":12,"enemies":"Jaw Worm Horde","floor":41,"turns":5},{"damage":37,"enemies":"Giant Head","floor":42,"turns":7},{"damage":21,"enemies":"Reptomancer","floor":44,"turns":7},{"damage":0,"enemies":"Giant Head","floor":48,"turns":5},{"damage":26,"enemies":"Time Eater","floor":50,"turns":6},{"damage":2,"enemies":"Shield and Spear","floor":54,"turns":2},{"damage":84,"enemies":"The Heart","floor":55,"turns":8}],"seed_played":"-4274172247396220530","potions_obtained":[{"floor":6,"key":"Explosive Potion"},{"floor":10,"key":"Explosive Potion"},{"floor":14,"key":"Weak Potion"},{"floor":18,"key":"Regen Potion"},{"floor":19,"key":"Regen Potion"},{"floor":24,"key":"SkillPotion"},{"floor":27,"key":"Weak Potion"}],"is_trial":false,"path_per_floor":["M","?","$","?","$","E","R","E","T","E","$","M","M","E","R","B",null,"M","M","?","M","?","R","E","?","T","M","R","?","E","M","R","B",null,"M","$","?","M","?","?","M","E","T","E","$","?","R","E","R","B",null,"R","$","E","B",null],"character_chosen":"IRONCLAD","items_purchased":["Shrug It Off","Shockwave","Corruption","EntropicBrew","Twin Strike"],"campfire_rested":0,"item_purchase_floors":[3,3,11,36,45],"current_hp_per_floor":[80,68,68,48,48,54,54,60,60,52,52,58,59,57,57,28,80,74,74,74,52,52,52,33,39,39,47,47,47,55,61,61,32,84,83,83,60,55,55,55,51,32,32,29,29,75,75,75,75,55,75,75,75,75,62],"gold":0,"neow_bonus":"THREE_ENEMY_KILL","is_prod":false,"is_daily":false,"chose_seed":false,"campfire_upgraded":7,"win_rate":0,"timestamp":1554407752,"path_taken":["M","?","$","?","$","E","R","E","T","E","?","M","?","E","R","BOSS","M","M","?","?","?","R","E","?","T","?","R","?","E","M","R","BOSS","M","$","?","M","?","?","?","E","T","E","?","?","R","E","R","BOSS","R","$","E","BOSS"],"build_version":"2019-03-15","purchased_purges":0,"victory":true,"max_hp_per_floor":[80,80,80,80,80,80,80,80,80,80,80,80,80,80,80,80,80,80,82,82,84,84,84,84,84,84,84,84,84,84,84,84,84,84,84,84,84,84,84,84,86,86,86,86,86,75,75,75,75,75,75,75,75,75,75],"card_choices":[{"not_picked":["Rage","Anger"],"picked":"Perfected Strike","floor":1},{"not_picked":["Reckless Charge","Body Slam"],"picked":"Whirlwind","floor":6},{"not_picked":["Flex","True Grit"],"picked":"Pommel Strike","floor":8},{"not_picked":["Rampage","Pummel"],"picked":"Flame Barrier","floor":10},{"not_picked":["Cleave","Inflame"],"picked":"Bludgeon","floor":12},{"not_picked":["Sever Soul","Anger"],"picked":"Sentinel","floor":13},{"not_picked":["Shockwave","Whirlwind"],"picked":"Evolve","floor":14},{"not_picked":["Fiend Fire","Reaper"],"picked":"Berserk","floor":16},{"not_picked":["Burning Pact","Warcry+1"],"picked":"Sentinel+1","floor":18},{"not_picked":["Anger","Sever Soul","Intimidate"],"picked":"Singing Bowl","floor":19},{"not_picked":["Cleave","Sword Boomerang","Corruption"],"picked":"Singing Bowl","floor":21},{"not_picked":["Body Slam","Reckless Charge"],"picked":"Headbutt","floor":24},{"not_picked":["Hemokinesis","Dual Wield"],"picked":"Pommel Strike","floor":25},{"not_picked":["Fire Breathing","Bloodletting+1"],"picked":"Pommel Strike","floor":27},{"not_picked":["Burning Pact","Iron Wave"],"picked":"Perfected Strike","floor":30},{"not_picked":["Cleave","Anger"],"picked":"Rage","floor":31},{"not_picked":["Immolate","Exhume"],"picked":"Dark Embrace","floor":33},{"not_picked":["Warcry","Havoc"],"picked":"Rage","floor":35},{"not_picked":["Anger","Seeing Red"],"picked":"Sentinel+1","floor":37},{"not_picked":["Warcry+1","Havoc"],"picked":"Shrug It Off","floor":38},{"not_picked":["Clash+1","Body Slam","Juggernaut"],"picked":"Singing Bowl","floor":41},{"not_picked":["Headbutt","Havoc"],"picked":"Rage+1","floor":42},{"not_picked":["Double Tap","Cleave"],"picked":"Rage+1","floor":44},{"not_picked":["Clash+1","Bloodletting"],"picked":"Twin Strike","floor":48},{"not_picked":["Flex+1","Reckless Charge+1"],"picked":"Headbutt+1","floor":54}],"player_experience":5146761,"relics_obtained":[{"floor":6,"key":"Dodecahedron"},{"floor":8,"key":"Self Forming Clay"},{"floor":9,"key":"Pen Nib"},{"floor":10,"key":"Pantograph"},{"floor":14,"key":"PreservedInsect"},{"floor":24,"key":"Paper Frog"},{"floor":25,"key":"Red Mask"},{"floor":26,"key":"Ancient Tea Set"},{"floor":30,"key":"Centennial Puzzle"},{"floor":37,"key":"Torii"},{"floor":42,"key":"Boot"},{"floor":44,"key":"Anchor"},{"floor":48,"key":"War Paint"},{"floor":54,"key":"Du-Vu Doll"}],"event_choices":[{"damage_healed":0,"gold_gain":0,"player_choice":"Success","damage_taken":12,"relics_obtained":["Singing Bowl"],"max_hp_gain":0,"max_hp_loss":0,"event_name":"Scrap Ooze","floor":2,"gold_loss":0},{"damage_healed":0,"gold_gain":0,"player_choice":"Take Damage","damage_taken":20,"relics_obtained":["Golden Idol"],"max_hp_gain":0,"max_hp_loss":0,"event_name":"Golden Idol","floor":4,"gold_loss":0},{"damage_healed":0,"gold_gain":0,"player_choice":"Paid Gold","damage_taken":0,"relics_obtained":["Meat on the Bone"],"max_hp_gain":0,"max_hp_loss":0,"event_name":"WeMeetAgain","floor":20,"gold_loss":97},{"damage_healed":0,"gold_gain":0,"player_choice":"Gave Idol","damage_taken":0,"relics_obtained":["Bloody Idol"],"max_hp_gain":0,"max_hp_loss":0,"event_name":"Forgotten Altar","floor":22,"relics_lost":["Golden Idol"],"gold_loss":0},{"damage_healed":0,"gold_gain":0,"player_choice":"Fought Bandits","damage_taken":0,"max_hp_gain":0,"max_hp_loss":0,"event_name":"Masked Bandits","floor":25,"gold_loss":0},{"damage_healed":0,"gold_gain":0,"player_choice":"Read","damage_taken":0,"max_hp_gain":0,"max_hp_loss":0,"event_name":"The Library","floor":29,"gold_loss":0,"cards_obtained":["Battle Trance"]},{"damage_healed":0,"gold_gain":0,"player_choice":"Fight","damage_taken":0,"max_hp_gain":0,"max_hp_loss":0,"event_name":"MindBloom","floor":37,"gold_loss":0},{"cards_removed":["Berserk"],"damage_healed":0,"gold_gain":0,"player_choice":"Removed Power","damage_taken":0,"max_hp_gain":0,"max_hp_loss":0,"event_name":"Falling","floor":39,"gold_loss":0},{"damage_healed":0,"gold_gain":0,"cards_transformed":["Defend_R"],"player_choice":"Transformed","damage_taken":0,"max_hp_gain":0,"max_hp_loss":0,"event_name":"Transmorgrifier","floor":40,"gold_loss":0,"cards_obtained":["Intimidate"]},{"damage_healed":75,"gold_gain":0,"player_choice":"Heal","damage_taken":0,"max_hp_gain":0,"max_hp_loss":11,"event_name":"The Moai Head","floor":46,"gold_loss":0}],"is_beta":true,"boss_relics":[{"not_picked":["Empty Cage","Black Star"],"picked":"Ectoplasm"},{"not_picked":["Cursed Key","Coffee Dripper"],"picked":"Runic Dome"}],"items_purged_floors":[],"is_endless":false,"potions_floor_spawned":[6,10,14,18,19,24,27,30,35,42,44],"ascension_level":1}