{"gold_per_floor":[109,109,109,123,134,134,166,166,245,245,45,45,72,147,147,242,242,258,288,176,50,65,65],"floor_reached":23,"playtime":1003,"items_purged":[],"score":334,"play_id":"fed129b8-cb46-4a05-8117-a652987c67c0","local_time":"20180713154001","is_ascension_mode":true,"campfire_choices":[{"floor":6,"key":"REST"},{"floor":10,"key":"REST"},{"data":"Blade Dance","floor":12,"key":"SMITH"},{"data":"Finisher","floor":15,"key":"SMITH"}],"neow_cost":"CURSE","seed_source_timestamp":56209129706043,"circlet_count":0,"master_deck":["Defend_G","Defend_G","Defend_G","Defend_G","Strike_G","Strike_G","Strike_G","Strike_G","Strike_G","Survivor","Neutralize","Pain","Flying Knee+1","Acrobatics","Backstab","Blade Dance+1","Finisher+1","Pain","Blur","Envenom","Decay","Parasite","Injury","Acrobatics","Dash+1","Footwork","Accuracy","Cloak And Dagger","Outmaneuver+1"],"relics":["Ring of the Snake","Du-Vu Doll","Regal Pillow","Pear","Bottled Lightning","DollysMirror","Pantograph","Calling Bell","Centennial Puzzle","Molten Egg 2","Bird Faced Urn","Tiny Chest"],"potions_floor_usage":[7,13,16],"damage_taken":[{"damage":4,"enemies":"Jaw Worm","floor":1,"turns":3},{"damage":7,"enemies":"Cultist","floor":4,"turns":3},{"damage":7,"enemies":"Small Slimes","floor":5,"turns":2},{"damage":16,"enemies":"3 Sentries","floor":7,"turns":6},{"damage":9,"enemies":"Lagavulin","floor":13,"turns":3},{"damage":54,"enemies":"Slime Boss","floor":16,"turns":7},{"damage":0,"enemies":"Shell Parasite","floor":18,"turns":1},{"damage":37,"enemies":"2 Thieves","floor":22,"turns":4},{"damage":52,"enemies":"Gremlin Leader","floor":23,"turns":6}],"seed_played":"-1238495383501337516","potions_obtained":[{"floor":1,"key":"SteroidPotion"},{"floor":7,"key":"Block Potion"},{"floor":13,"key":"Explosive Potion"},{"floor":22,"key":"Strength Potion"}],"is_trial":false,"path_per_floor":["M","?","?","M","M","R","E","?","T","R","$","R","E","?","R","B",null,"M","?","$","$","M"],"character_chosen":"THE_SILENT","items_purchased":["DollysMirror","Dash+1","Footwork","Accuracy","Cloak And Dagger"],"campfire_rested":2,"item_purchase_floors":[11,20,20,21,21],"current_hp_per_floor":[66,66,66,59,52,70,54,39,39,78,78,78,69,58,58,26,80,80,80,80,80,45,0],"gold":65,"neow_bonus":"ONE_RARE_RELIC","is_prod":false,"is_daily":false,"chose_seed":false,"campfire_upgraded":2,"win_rate":0,"timestamp":1531507201,"path_taken":["M","?","?","M","M","R","E","?","T","R","$","R","E","?","R","BOSS","M","?","?","$","M","E"],"build_version":"2018-07-12","purchased_purges":0,"victory":false,"max_hp_per_floor":[70,70,70,70,70,70,70,80,80,80,80,80,80,80,80,80,80,80,80,80,80,80,80],"card_choices":[{"not_picked":["Dagger Throw","Backflip"],"picked":"Flying Knee","floor":1},{"not_picked":["Acrobatics","Catalyst"],"picked":"Backstab","floor":4},{"not_picked":["Backflip","Dagger Spray"],"picked":"Blade Dance","floor":5},{"not_picked":["A Thousand Cuts","Backflip"],"picked":"Finisher","floor":7},{"not_picked":["Dagger Throw","Concentrate"],"picked":"Blur","floor":13},{"not_picked":["Tools of the Trade","Glass Knife"],"picked":"Envenom","floor":16},{"not_picked":["Underhanded Strike+1","Poisoned Stab+1"],"picked":"Acrobatics","floor":18},{"not_picked":["Terror","All Out Attack+1"],"picked":"Outmaneuver+1","floor":22}],"player_experience":478855,"relics_obtained":[{"floor":7,"key":"Regal Pillow"},{"floor":9,"key":"Bottled Lightning"},{"floor":13,"key":"Pantograph"},{"floor":17,"key":"Centennial Puzzle"},{"floor":17,"key":"Molten Egg 2"},{"floor":17,"key":"Bird Faced Urn"}],"event_choices":[{"event_name":"Transmorgrifier","player_choice":"Transform","floor":2,"damage_taken":0},{"event_name":"Living Wall","player_choice":"Grow","floor":3,"damage_taken":0},{"event_name":"Scrap Ooze","player_choice":"success","floor":8,"damage_taken":25},{"event_name":"World of Goop","player_choice":"Gather Gold","floor":14,"damage_taken":0},{"event_name":"The Mausoleum","player_choice":"Yes","floor":19,"damage_taken":0}],"boss_relics":[{"not_picked":["Velvet Choker","White Beast Statue"],"picked":"Calling Bell"}],"items_purged_floors":[],"is_endless":false,"potions_floor_spawned":[1,7,13,22],"killed_by":"Gremlin Leader","ascension_level":4}