{"gold_per_floor":[119,119,119,65,65,105,130,174,174,174,188,188,204,204,204,332,332,348,348,371,174,174,214,214,237,237,237,167,167,167,186,186,317,317,335,335,335,359,65,65,65,97,109,121,147,159,185,210,222,234],"floor_reached":50,"playtime":1918,"items_purged":[],"score":592,"play_id":"ee313736-00a2-4d23-85c1-0b20bd928d95","local_time":"20190430084733","is_ascension_mode":true,"campfire_choices":[{"data":"Bash","floor":12,"key":"SMITH"},{"data":"Heavy Blade","floor":15,"key":"SMITH"},{"floor":24,"key":"REST"},{"data":"Inflame","floor":27,"key":"SMITH"},{"data":"Pommel Strike","floor":32,"key":"SMITH"},{"data":"Reaper","floor":40,"key":"SMITH"},{"data":"Iron Wave","floor":44,"key":"SMITH"},{"floor":46,"key":"RECALL"},{"data":"Anger","floor":49,"key":"SMITH"}],"neow_cost":"NONE","seed_source_timestamp":1582949509643600,"circlet_count":0,"master_deck":["Strike_R","Strike_R","Strike_R","Strike_R","Strike_R","Defend_R","Defend_R","Defend_R","Defend_R","Bash+1","Iron Wave+1","Heavy Blade+1","Inflame+1","Double Tap+1","Pommel Strike+1","Thunderclap","Double Tap+1","Seeing Red+1","Cleave","Flex+1","Impervious+1","True Grit+1","Infernal Blade+1","Reaper+1","Anger+1","Dark Shackles+1","Intimidate+1","Pommel Strike+1","Anger+1","Bloodletting+1","Dual Wield+1"],"relics":["Burning Blood","NeowsBlessing","Golden Idol","Toxic Egg 2","Bag of Marbles","Ancient Tea Set","Black Star","Mercury Hourglass","Vajra","Nilry\u0027s Codex","Anchor","Happy Flower","Thread and Needle","Mark of Pain","Mango","MawBank","Sundial"],"potions_floor_usage":[16,16,33,50,50],"damage_taken":[{"damage":0,"enemies":"Cultist","floor":1,"turns":1},{"damage":0,"enemies":"3 Sentries","floor":6,"turns":1},{"damage":0,"enemies":"2 Louse","floor":7,"turns":1},{"damage":30,"enemies":"Gremlin Nob","floor":8,"turns":5},{"damage":10,"enemies":"Small Slimes","floor":11,"turns":4},{"damage":0,"enemies":"2 Fungi Beasts","floor":13,"turns":2},{"damage":33,"enemies":"Hexaghost","floor":16,"turns":9},{"damage":0,"enemies":"Chosen","floor":18,"turns":4},{"damage":2,"enemies":"Shell Parasite","floor":20,"turns":3},{"damage":45,"enemies":"Slavers","floor":23,"turns":4},{"damage":6,"enemies":"Snake Plant","floor":25,"turns":2},{"damage":0,"enemies":"Centurion and Healer","floor":31,"turns":2},{"damage":52,"enemies":"Champ","floor":33,"turns":10},{"damage":4,"enemies":"3 Darklings","floor":35,"turns":4},{"damage":10,"enemies":"Orb Walker","floor":38,"turns":3},{"damage":26,"enemies":"Jaw Worm Horde","floor":42,"turns":3},{"damage":30,"enemies":"Sphere and 2 Shapes","floor":45,"turns":4},{"damage":24,"enemies":"3 Darklings","floor":47,"turns":7},{"damage":8,"enemies":"Jaw Worm Horde","floor":48,"turns":3},{"damage":95,"enemies":"Donu and Deca","floor":50,"turns":7}],"seed_played":"111492420615540177","potions_obtained":[{"floor":6,"key":"AttackPotion"},{"floor":8,"key":"SpeedPotion"},{"floor":13,"key":"Block Potion"},{"floor":16,"key":"Regen Potion"},{"floor":18,"key":"Weak Potion"},{"floor":33,"key":"SpeedPotion"},{"floor":47,"key":"Swift Potion"}],"is_trial":false,"path_per_floor":["M","?","?","$","?","E","M","E","T","?","M","R","M","?","R","B",null,"M","T","M","$","?","E","R","M","T","R","$","?","?","M","R","B",null,"M","?","?","M","$","R","?","M","T","R","M","R","M","M","R","B"],"character_chosen":"IRONCLAD","items_purchased":["Shrug It Off","Vajra","Flex+1","Infernal Blade+1","Mango"],"campfire_rested":1,"item_purchase_floors":[4,21,21,28,39],"current_hp_per_floor":[80,80,80,80,80,80,80,56,56,56,52,52,58,58,58,31,80,80,80,80,80,64,25,49,49,49,49,49,49,75,80,80,49,80,80,80,80,76,90,90,90,70,70,70,70,70,58,56,56,0],"gold":234,"neow_bonus":"THREE_ENEMY_KILL","is_prod":false,"is_daily":false,"chose_seed":false,"campfire_upgraded":7,"win_rate":0,"timestamp":1556628453,"path_taken":["M","?","?","$","?","E","M","E","T","?","M","R","M","?","R","BOSS","M","?","M","$","?","E","R","M","T","R","?","?","?","?","R","BOSS","M","?","?","M","$","R","?","?","T","R","M","R","?","?","R","BOSS"],"build_version":"2019-01-23","purchased_purges":0,"victory":false,"max_hp_per_floor":[80,80,80,80,80,80,80,80,80,80,80,80,80,80,80,80,80,80,80,80,80,80,80,80,80,80,80,80,80,80,80,80,80,80,80,80,80,80,94,94,94,94,94,94,94,94,94,94,94,94],"card_choices":[{"not_picked":["Havoc","Heavy Blade"],"picked":"Iron Wave","floor":1},{"not_picked":["Havoc","Intimidate"],"picked":"Heavy Blade","floor":6},{"not_picked":["Wild Strike","Pommel Strike"],"picked":"Inflame","floor":7},{"not_picked":["Wild Strike","Twin Strike"],"picked":"Double Tap+1","floor":8},{"not_picked":["Clothesline","Iron Wave"],"picked":"Pommel Strike","floor":11},{"not_picked":["Clash","Rage+1"],"picked":"Thunderclap","floor":13},{"not_picked":["Brutality","Dark Embrace"],"picked":"Double Tap+1","floor":16},{"not_picked":["Thunderclap","Cleave"],"picked":"Seeing Red+1","floor":18},{"not_picked":["Wild Strike","Blood for Blood+1"],"picked":"Cleave","floor":20},{"not_picked":["Inflame","Cleave"],"picked":"Impervious+1","floor":23},{"not_picked":["Twin Strike","Clothesline"],"picked":"True Grit+1","floor":25},{"not_picked":["Feel No Pain","Rupture","Body Slam+1"],"picked":"SKIP","floor":31},{"not_picked":["Offering+1","Brutality"],"picked":"Reaper","floor":33},{"not_picked":["Seeing Red+1","Heavy Blade+1"],"picked":"Anger","floor":35},{"not_picked":["Blind+1","Enlightenment+1"],"picked":"Dark Shackles+1","floor":37},{"not_picked":["Uppercut+1","Iron Wave"],"picked":"Intimidate+1","floor":38},{"not_picked":["Heavy Blade+1","Clash+1"],"picked":"Pommel Strike+1","floor":42},{"not_picked":["Warcry+1","Wild Strike"],"picked":"Anger+1","floor":45},{"not_picked":["Clothesline+1","Whirlwind+1"],"picked":"Bloodletting+1","floor":47},{"not_picked":["Metallicize","Fiend Fire"],"picked":"Dual Wield+1","floor":48}],"player_experience":137115,"relics_obtained":[{"floor":6,"key":"Toxic Egg 2"},{"floor":8,"key":"Bag of Marbles"},{"floor":9,"key":"Ancient Tea Set"},{"floor":19,"key":"Mercury Hourglass"},{"floor":22,"key":"Nilry\u0027s Codex"},{"floor":23,"key":"Anchor"},{"floor":23,"key":"Happy Flower"},{"floor":26,"key":"Thread and Needle"},{"floor":41,"key":"MawBank"},{"floor":43,"key":"Sundial"}],"event_choices":[{"damage_healed":0,"gold_gain":0,"player_choice":"Ignored","damage_taken":0,"max_hp_gain":0,"max_hp_loss":0,"event_name":"Liars Game","floor":2,"gold_loss":0},{"damage_healed":0,"gold_gain":0,"player_choice":"Leave","damage_taken":0,"max_hp_gain":0,"max_hp_loss":0,"event_name":"The Cleric","floor":3,"gold_loss":0},{"damage_healed":0,"gold_gain":0,"player_choice":"Take Wound","damage_taken":0,"relics_obtained":["Golden Idol"],"max_hp_gain":0,"max_hp_loss":0,"event_name":"Golden Idol","floor":5,"gold_loss":0,"cards_obtained":["Injury"]},{"cards_removed":["Injury"],"damage_healed":0,"gold_gain":0,"player_choice":"Forget","damage_taken":0,"max_hp_gain":0,"max_hp_loss":0,"event_name":"Living Wall","floor":10,"gold_loss":0},{"damage_healed":0,"gold_gain":0,"player_choice":"Bought 0 Potions","damage_taken":0,"max_hp_gain":0,"max_hp_loss":0,"event_name":"The Woman in Blue","floor":14,"gold_loss":0},{"damage_healed":0,"gold_gain":0,"player_choice":"Obtained Book","damage_taken":16,"max_hp_gain":0,"max_hp_loss":0,"event_name":"Cursed Tome","floor":22,"gold_loss":0},{"damage_healed":0,"gold_gain":0,"player_choice":"Ignored","damage_taken":0,"max_hp_gain":0,"max_hp_loss":0,"event_name":"Ghosts","floor":29,"gold_loss":0},{"damage_healed":26,"gold_gain":0,"player_choice":"Heal","damage_taken":0,"max_hp_gain":0,"max_hp_loss":0,"event_name":"The Library","floor":30,"gold_loss":0},{"cards_removed":["Shrug It Off"],"damage_healed":0,"gold_gain":0,"player_choice":"Removed Skill","damage_taken":0,"max_hp_gain":0,"max_hp_loss":0,"event_name":"Falling","floor":36,"gold_loss":0},{"damage_healed":0,"gold_gain":0,"player_choice":"Memory 1","damage_taken":0,"max_hp_gain":0,"max_hp_loss":0,"event_name":"SensoryStone","floor":37,"gold_loss":0},{"damage_healed":0,"gold_gain":0,"player_choice":"Relic","damage_taken":0,"max_hp_gain":0,"max_hp_loss":0,"event_name":"Wheel of Change","floor":41,"gold_loss":0}],"is_beta":false,"boss_relics":[{"not_picked":["Philosopher\u0027s Stone","Snecko Eye"],"picked":"Black Star"},{"not_picked":["Velvet Choker","Astrolabe"],"picked":"Mark of Pain"}],"items_purged_floors":[],"is_endless":false,"potions_floor_spawned":[6,8,13,16,18,33,38,45,47],"killed_by":"Donu and Deca","ascension_level":3}