{"gold_per_floor":[115,115,77,87,102,102,130,147,216,67,67,67,67,67,67,163,163,176,192,203,31,50,75,75,75,75,89,99,99,134,153,153,253,253,267,283,358,184,200,235,235,251,327,35,51,62,96,106,106,106,106,106,28,54,54],"floor_reached":56,"playtime":3504,"items_purged":["Strike_R","Strike_R","Strike_R"],"score":1251,"play_id":"cc799fc3-ee09-4307-ae5d-feaebc0be5f0","local_time":"20190116232037","is_ascension_mode":false,"campfire_choices":[{"data":"Inflame","floor":6.0,"key":"SMITH"},{"data":"Heavy Blade","floor":11.0,"key":"SMITH"},{"data":"Bash","floor":13.0,"key":"SMITH"},{"data":"Spot Weakness","floor":15.0,"key":"SMITH"},{"data":"Flame Barrier","floor":24.0,"key":"SMITH"},{"data":"Pommel Strike","floor":29.0,"key":"SMITH"},{"data":"Pommel Strike","floor":32.0,"key":"SMITH"},{"data":"Limit Break","floor":41.0,"key":"SMITH"},{"floor":49,"key":"RECALL"},{"data":"True Grit","floor":52,"key":"SMITH"}],"neow_cost":"PERCENT_DAMAGE","seed_source_timestamp":0,"circlet_count":0,"master_deck":["Defend_R","Defend_R","Defend_R","Defend_R","Bash+1","Flame Barrier+1","Thunderclap","Iron Wave+1","Feel No Pain","Inflame+1","Heavy Blade+1","Pommel Strike+1","Battle Trance","Spot Weakness+1","Fiend Fire","Pommel Strike+1","Burning Pact","Whirlwind","Flame Barrier","Barricade","Headbutt+1","Limit Break+1","Iron Wave+1","True Grit+1","Seeing Red+1"],"special_seed":0,"relics":["Burning Blood","Torii","Gremlin Horn","Omamori","Busted Crown","Bottled Lightning","WarpedTongs","Question Card","Self Forming Clay","Runic Pyramid","Whetstone","Vajra","Oddly Smooth Stone","Pear","Centennial Puzzle"],"potions_floor_usage":[55,55],"damage_taken":[{"damage":0.0,"enemies":"Small Slimes","floor":1.0,"turns":6.0},{"damage":0.0,"enemies":"Cultist","floor":4.0,"turns":4.0},{"damage":0.0,"enemies":"2 Louse","floor":5.0,"turns":2.0},{"damage":19.0,"enemies":"Lagavulin","floor":7.0,"turns":7.0},{"damage":4.0,"enemies":"Gremlin Gang","floor":8.0,"turns":5.0},{"damage":39.0,"enemies":"Hexaghost","floor":16.0,"turns":8.0},{"damage":2.0,"enemies":"Spheric Guardian","floor":18.0,"turns":4.0},{"damage":5.0,"enemies":"3 Byrds","floor":19.0,"turns":2.0},{"damage":1.0,"enemies":"Snecko","floor":20.0,"turns":5.0},{"damage":13.0,"enemies":"3 Cultists","floor":22.0,"turns":4.0},{"damage":14.0,"enemies":"Gremlin Leader","floor":23.0,"turns":4.0},{"damage":7.0,"enemies":"Snake Plant","floor":27.0,"turns":3.0},{"damage":2.0,"enemies":"Sentry and Sphere","floor":28.0,"turns":5.0},{"damage":13.0,"enemies":"Book of Stabbing","floor":30.0,"turns":5.0},{"damage":9.0,"enemies":"Centurion and Healer","floor":31.0,"turns":4.0},{"damage":2.0,"enemies":"Automaton","floor":33.0,"turns":12.0},{"damage":3.0,"enemies":"3 Shapes","floor":35.0,"turns":3.0},{"damage":0.0,"enemies":"Orb Walker","floor":36.0,"turns":3.0},{"damage":2.0,"enemies":"Writhing Mass","floor":39.0,"turns":4.0},{"damage":2.0,"enemies":"Nemesis","floor":40.0,"turns":5.0},{"damage":12.0,"enemies":"Jaw Worm Horde","floor":42.0,"turns":4.0},{"damage":9.0,"enemies":"Spire Growth","floor":45.0,"turns":4.0},{"damage":1.0,"enemies":"4 Shapes","floor":46.0,"turns":5.0},{"damage":0.0,"enemies":"Reptomancer","floor":47.0,"turns":4.0},{"damage":1.0,"enemies":"Maw","floor":48.0,"turns":5.0},{"damage":24,"enemies":"Donu and Deca","floor":50,"turns":5},{"damage":2,"enemies":"Shield and Spear","floor":54,"turns":5},{"damage":51,"enemies":"The Heart","floor":55,"turns":7}],"seed_played":"5702414402344206943","potions_obtained":[{"floor":1.0,"key":"LiquidBronze"},{"floor":16.0,"key":"SteroidPotion"},{"floor":18.0,"key":"Explosive Potion"},{"floor":27.0,"key":"SteroidPotion"},{"floor":31.0,"key":"Fire Potion"},{"floor":33.0,"key":"SpeedPotion"},{"floor":40.0,"key":"Fire Potion"},{"floor":48.0,"key":"GamblersBrew"}],"is_trial":false,"path_per_floor":["M","?","$","M","M","R","E","M","T","$","R","$","R","?","R","B",null,"M","M","M","$","M","E","R","?","T","M","M","R","E","M","R","B",null,"M","M","?","$","M","E","R","M","T","$","M","M","E","M","R","B",null,"R","$","E","B",null],"character_chosen":"IRONCLAD","items_purchased":["Feel No Pain","Spot Weakness","Burning Pact","Energy Potion","Vajra","Oddly Smooth Stone","Ancient Potion"],"campfire_rested":0,"item_purchase_floors":[3,10,21,38,44,44,53],"current_hp_per_floor":[62,62,62,68,74,74,61,63,63,63,63,63,63,63,63,30,80,80,80,80,80,73,65,65,65,65,64,68,68,61,58,58,62,80,80,80,72,72,76,80,80,74,74,74,71,76,90,90,90,72,90,90,90,90,45],"gold":54,"neow_bonus":"TRANSFORM_TWO_CARDS","is_prod":false,"is_daily":false,"chose_seed":false,"campfire_upgraded":9,"win_rate":0,"timestamp":1547680837,"path_taken":["M","?","?","M","M","R","E","?","T","?","R","$","R","?","R","BOSS","M","M","M","$","?","E","R","?","T","M","?","R","E","M","R","BOSS","M","M","?","$","M","E","R","M","T","$","M","M","E","M","R","BOSS","R","$","E","BOSS"],"build_version":"2019-01-14v2","purchased_purges":3,"victory":true,"max_hp_per_floor":[80,80,80,80,80,80,80,80,80,80,80,80,80,80,80,80,80,80,80,80,80,80,80,80,80,80,80,80,80,80,80,80,80,80,80,80,80,80,80,80,80,80,80,80,80,80,90,90,90,90,90,90,90,90,90],"card_choices":[{"not_picked":["Reckless Charge","Twin Strike"],"picked":"Thunderclap","floor":1.0},{"not_picked":["Intimidate","Power Through"],"picked":"Inflame","floor":4.0},{"not_picked":["Flex","Bloodletting"],"picked":"Heavy Blade","floor":5.0},{"not_picked":["Cleave","Anger"],"picked":"Pommel Strike","floor":7.0},{"not_picked":["Body Slam","Anger"],"picked":"Battle Trance","floor":8.0},{"not_picked":["Dark Embrace","Bludgeon"],"picked":"Fiend Fire","floor":16.0},{"not_picked":["Clothesline"],"picked":"SKIP","floor":18.0},{"not_picked":[],"picked":"Pommel Strike","floor":19.0},{"not_picked":["Clothesline"],"picked":"SKIP","floor":20.0},{"not_picked":["Intimidate"],"picked":"SKIP","floor":22.0},{"not_picked":[],"picked":"Whirlwind","floor":23.0},{"not_picked":["Flex"],"picked":"Flame Barrier","floor":27.0},{"not_picked":["Pummel"],"picked":"Barricade","floor":28.0},{"not_picked":["Twin Strike","Sentinel"],"picked":"SKIP","floor":30.0},{"not_picked":["Wild Strike"],"picked":"Headbutt","floor":31.0},{"not_picked":["Berserk"],"picked":"Limit Break","floor":33.0},{"not_picked":["Clothesline","Sword Boomerang"],"picked":"SKIP","floor":35.0},{"not_picked":["Wild Strike+1","Ghostly Armor"],"picked":"SKIP","floor":36.0},{"not_picked":["Corruption+1","Thunderclap"],"picked":"SKIP","floor":39.0},{"not_picked":["Battle Trance+1","Infernal Blade"],"picked":"SKIP","floor":40.0},{"not_picked":["Clothesline+1","Flex+1"],"picked":"SKIP","floor":42.0},{"not_picked":["Heavy Blade+1"],"picked":"Iron Wave+1","floor":45.0},{"not_picked":["Warcry","Sever Soul+1"],"picked":"SKIP","floor":46.0},{"not_picked":["Power Through","Reckless Charge+1"],"picked":"SKIP","floor":47.0},{"not_picked":["Warcry+1"],"picked":"True Grit","floor":48.0},{"not_picked":["Cleave"],"picked":"Seeing Red+1","floor":54}],"player_experience":762318,"relics_obtained":[{"floor":7.0,"key":"Torii"},{"floor":9.0,"key":"Gremlin Horn"},{"floor":23.0,"key":"Bottled Lightning"},{"floor":26.0,"key":"Question Card"},{"floor":30.0,"key":"Self Forming Clay"},{"floor":40.0,"key":"Whetstone"},{"floor":47.0,"key":"Pear"},{"floor":54,"key":"Centennial Puzzle"}],"event_choices":[{"cards_removed":["Rupture"],"damage_healed":0.0,"max_hp_gain":0.0,"max_hp_loss":0.0,"gold_gain":0.0,"event_name":"NoteForYourself","player_choice":"Took Card","floor":2.0,"gold_loss":0.0,"damage_taken":0.0,"cards_obtained":["Iron Wave"]},{"damage_healed":0.0,"max_hp_gain":0.0,"max_hp_loss":0.0,"gold_gain":0.0,"event_name":"WeMeetAgain","player_choice":"Gave Potion","floor":14.0,"gold_loss":0.0,"damage_taken":0.0,"relics_obtained":["Omamori"]},{"damage_healed":0.0,"max_hp_gain":0.0,"max_hp_loss":0.0,"gold_gain":0.0,"event_name":"Accursed Blacksmith","player_choice":"Rummage","floor":25.0,"gold_loss":0.0,"damage_taken":0.0,"relics_obtained":["WarpedTongs"],"cards_obtained":["Pain"]},{"damage_healed":0.0,"max_hp_gain":0.0,"max_hp_loss":0.0,"gold_gain":75.0,"event_name":"FaceTrader","player_choice":"Touch","floor":37.0,"gold_loss":0.0,"damage_taken":8.0}],"is_beta":true,"boss_relics":[{"not_picked":["Black Star","Empty Cage"],"picked":"Busted Crown"},{"not_picked":["Calling Bell","Astrolabe"],"picked":"Runic Pyramid"}],"items_purged_floors":[10,21,38],"is_endless":false,"potions_floor_spawned":[1,16,18,27,31,33,35,40,42,45,46,48],"ascension_level":0}