{"gold_per_floor":[118,68,68,78,92,92,126,142,190,40,40,40,56,74,74,149,149,166,186,159,159],"floor_reached":21,"playtime":616,"items_purged":[],"score":308,"play_id":"11b06d7f-7337-44aa-b529-93456594bbf4","local_time":"20190421093828","is_ascension_mode":true,"campfire_choices":[{"data":"Redo","floor":6,"key":"SMITH"},{"data":"Biased Cognition","floor":12,"key":"SMITH"},{"data":"Zap","floor":15,"key":"SMITH"}],"neow_cost":"NONE","seed_source_timestamp":848852961638990,"circlet_count":0,"master_deck":["AscendersBane","Strike_B","Strike_B","Strike_B","Strike_B","Defend_B","Defend_B","Defend_B","Defend_B","Zap+1","Gash","Zap","Glacier","Rebound","Redo+1","Ball Lightning","Biased Cognition+1","Ball Lightning","Biased Cognition","Coolheaded","Redo"],"relics":["Black Star","Pantograph","Strawberry","Potion Belt","Oddly Smooth Stone","Nuclear Battery"],"potions_floor_usage":[16,16,21],"damage_taken":[{"damage":8,"enemies":"2 Louse","floor":1,"turns":2},{"damage":0,"enemies":"Small Slimes","floor":4,"turns":4},{"damage":0,"enemies":"Cultist","floor":5,"turns":4},{"damage":32,"enemies":"Gremlin Nob","floor":7,"turns":6},{"damage":0,"enemies":"Red Slaver","floor":8,"turns":5},{"damage":0,"enemies":"Exordium Thugs","floor":13,"turns":4},{"damage":18,"enemies":"Large Slime","floor":14,"turns":3},{"damage":10,"enemies":"Hexaghost","floor":16,"turns":7},{"damage":28,"enemies":"Shell Parasite","floor":18,"turns":4},{"damage":25,"enemies":"2 Thieves","floor":19,"turns":4},{"damage":14,"enemies":"Masked Bandits","floor":21,"turns":2}],"seed_played":"4892473535531035007","potions_obtained":[{"floor":5,"key":"LiquidBronze"},{"floor":14,"key":"FocusPotion"},{"floor":16,"key":"Dexterity Potion"},{"floor":18,"key":"Poison Potion"}],"is_trial":false,"path_per_floor":["M","?","?","M","M","R","E","M","T","$","$","R","M","M","R","B",null,"M","M","$","?"],"character_chosen":"DEFECT","items_purchased":["Oddly Smooth Stone","Redo"],"campfire_rested":0,"item_purchase_floors":[10,20],"current_hp_per_floor":[56,56,56,56,56,56,31,31,31,31,31,31,31,13,13,28,66,38,13,13,0],"gold":159,"neow_bonus":"BOSS_RELIC","is_prod":false,"is_daily":false,"chose_seed":false,"campfire_upgraded":3,"win_rate":0,"timestamp":1555850308,"path_taken":["M","?","?","M","?","R","E","M","T","?","$","R","M","M","R","BOSS","M","M","$","?"],"build_version":"2019-01-23","purchased_purges":0,"victory":false,"max_hp_per_floor":[71,71,71,71,71,71,78,78,78,78,78,78,78,78,78,78,78,78,78,78,78],"card_choices":[{"not_picked":["Self Repair","Blizzard"],"picked":"Gash","floor":1},{"not_picked":["White Noise","Turbo"],"picked":"Rebound","floor":4},{"not_picked":["Turbo","Cold Snap"],"picked":"Redo","floor":5},{"not_picked":["Conserve Battery","Sweeping Beam"],"picked":"Ball Lightning","floor":7},{"not_picked":["Static Discharge","Barrage"],"picked":"Biased Cognition","floor":8},{"not_picked":["Static Discharge","Beam Cell","Barrage"],"picked":"SKIP","floor":13},{"not_picked":["Reboot","Auto Shields"],"picked":"Ball Lightning","floor":14},{"not_picked":["Meteor Strike","Buffer"],"picked":"Biased Cognition","floor":16},{"not_picked":["Steam+1","Hello World"],"picked":"Coolheaded","floor":18},{"not_picked":["Steam Power","Streamline","Scrape"],"picked":"SKIP","floor":19}],"player_experience":1175664,"relics_obtained":[{"floor":7,"key":"Pantograph"},{"floor":7,"key":"Strawberry"},{"floor":9,"key":"Potion Belt"}],"event_choices":[{"cards_removed":["Dualcast"],"damage_healed":0,"gold_gain":0,"player_choice":"Card Removal","damage_taken":0,"max_hp_gain":0,"max_hp_loss":0,"event_name":"The Cleric","floor":2,"gold_loss":50},{"damage_healed":0,"gold_gain":0,"player_choice":"2 cards matched","damage_taken":0,"max_hp_gain":0,"max_hp_loss":0,"event_name":"Match and Keep!","floor":3,"gold_loss":0,"cards_obtained":["Zap","Glacier"]},{"damage_healed":0,"gold_gain":0,"player_choice":"Fought Bandits","damage_taken":0,"max_hp_gain":0,"max_hp_loss":0,"event_name":"Masked Bandits","floor":21,"gold_loss":0}],"is_beta":false,"boss_relics":[{"not_picked":["Philosopher\u0027s Stone","Coffee Dripper"],"picked":"Nuclear Battery"}],"items_purged_floors":[],"is_endless":false,"potions_floor_spawned":[5,14,16,18],"killed_by":"Masked Bandits","ascension_level":14}