{"gold_per_floor":[116,25,25,25,42,75,75,95,120,139,139,152,152,35,35,135,135,152,166,72,72,87,121,121,134,134,19,33,33,50,50,50,146,146,159,176,24,124,144,144,144,144,144,144,177,177,193,216,216,216],"floor_reached":50,"playtime":2461,"items_purged":[],"score":565,"play_id":"03f64b13-bae8-4372-a034-c78bcc3d6d89","local_time":"20190327104325","is_ascension_mode":false,"campfire_choices":[{"data":"Sword Boomerang","floor":7,"key":"SMITH"},{"data":"Bash","floor":11,"key":"SMITH"},{"data":"Corruption","floor":13,"key":"SMITH"},{"floor":15,"key":"REST"},{"data":"Infernal Blade","floor":32,"key":"SMITH"},{"floor":40,"key":"REST"},{"data":"Armaments","floor":42,"key":"SMITH"},{"floor":44,"key":"REST"},{"data":"Whirlwind","floor":49,"key":"SMITH"}],"neow_cost":"NONE","seed_source_timestamp":347335875689900,"circlet_count":0,"master_deck":["Defend_R","Defend_R","Defend_R","Defend_R","Bash+1","Armaments+1","Combust","Pommel Strike","Sword Boomerang+1","Corruption+1","Metallicize","Sword Boomerang","Cleave","Searing Blow","Infernal Blade+1","Impervious","Reckless Charge","Warcry+1","Inflame","RitualDagger","Armaments","Rage+1","Bite","Bite","Bite","Bite+1","Second Wind","Inflame+1","Whirlwind+1","Shrug It Off","Berserk+1","Good Instincts","Shockwave","Corruption+1","Clothesline+1","Feed+1","Feel No Pain+1","Armaments","Fire Breathing+1","Pain","Feed","Feel No Pain+1","Decay"],"relics":["Burning Blood","Happy Flower","Bottled Flame","Bronze Scales","Sozu","Incense Burner","Frozen Egg 2","Cursed Key","Calipers","Whetstone","Lantern","Oddly Smooth Stone"],"potions_floor_usage":[10],"damage_taken":[{"damage":7,"enemies":"Cultist","floor":1,"turns":5},{"damage":1,"enemies":"Small Slimes","floor":5,"turns":3},{"damage":29,"enemies":"Gremlin Nob","floor":6,"turns":5},{"damage":3,"enemies":"Jaw Worm","floor":8,"turns":3},{"damage":7,"enemies":"Looter","floor":10,"turns":3},{"damage":9,"enemies":"Blue Slaver","floor":12,"turns":3},{"damage":63,"enemies":"Hexaghost","floor":16,"turns":9},{"damage":5,"enemies":"Shell Parasite","floor":18,"turns":4},{"damage":9,"enemies":"Chosen","floor":19,"turns":4},{"damage":15,"enemies":"3 Cultists","floor":22,"turns":5},{"damage":19,"enemies":"Book of Stabbing","floor":23,"turns":3},{"damage":15,"enemies":"Chosen and Byrds","floor":25,"turns":4},{"damage":22,"enemies":"Sentry and Sphere","floor":28,"turns":5},{"damage":3,"enemies":"Snecko","floor":30,"turns":4},{"damage":38,"enemies":"Champ","floor":33,"turns":10},{"damage":42,"enemies":"3 Shapes","floor":35,"turns":3},{"damage":20,"enemies":"3 Darklings","floor":36,"turns":5},{"damage":13,"enemies":"Mind Bloom Boss Battle","floor":38,"turns":5},{"damage":21,"enemies":"Jaw Worm Horde","floor":39,"turns":6},{"damage":25,"enemies":"Nemesis","floor":45,"turns":7},{"damage":17,"enemies":"Transient","floor":47,"turns":5},{"damage":50,"enemies":"Awakened One","floor":50,"turns":2}],"seed_played":"-316969960981452541","potions_obtained":[{"floor":8,"key":"Explosive Potion"},{"floor":10,"key":"Fruit Juice"},{"floor":12,"key":"Strength Potion"}],"is_trial":false,"path_per_floor":["M","$","?","?","M","E","R","M","T","M","R","M","R","$","R","B",null,"M","M","$","?","M","E","?","M","T","$","M","?","M","$","R","B",null,"M","M","$","?","M","R","?","R","T","R","E","?","M","T","R","B"],"character_chosen":"IRONCLAD","items_purchased":["Combust","Pommel Strike","Searing Blow","Infernal Blade","Perfected Strike","Inflame","Inflame+1","Whirlwind","Feed","Feel No Pain+1"],"campfire_rested":3,"item_purchase_floors":[2,2,14,14,20,20,27,27,37,37],"current_hp_per_floor":[87,87,75,75,80,57,57,60,60,64,64,61,61,61,88,31,93,93,90,90,84,75,62,62,60,60,60,51,51,56,56,56,41,65,29,21,21,18,14,34,34,34,34,54,45,45,40,40,40,0],"gold":216,"neow_bonus":"TEN_PERCENT_HP_BONUS","is_prod":false,"is_daily":false,"chose_seed":false,"campfire_upgraded":6,"win_rate":0.0,"timestamp":1553697805,"path_taken":["M","?","?","?","?","E","R","?","T","M","R","M","R","$","R","BOSS","M","?","$","?","M","E","?","M","T","?","M","?","?","$","R","BOSS","M","M","$","?","M","R","?","R","T","R","E","?","M","?","R","BOSS"],"build_version":"2019-01-23","purchased_purges":0,"victory":false,"max_hp_per_floor":[88,88,88,88,88,88,88,88,88,93,93,93,93,93,93,93,93,93,93,93,93,93,93,65,65,65,65,65,65,65,65,65,65,65,65,65,65,65,68,68,68,68,68,68,68,68,68,68,68,68],"card_choices":[{"not_picked":["Warcry","Dual Wield"],"picked":"Armaments","floor":1},{"not_picked":["Clash","Pommel Strike"],"picked":"Sword Boomerang","floor":5},{"not_picked":["Bloodletting","Rage"],"picked":"Corruption","floor":6},{"not_picked":["Body Slam","Perfected Strike"],"picked":"Metallicize","floor":8},{"not_picked":["Carnage","Ghostly Armor"],"picked":"Sword Boomerang","floor":10},{"not_picked":["Iron Wave","Hemokinesis"],"picked":"Cleave","floor":12},{"not_picked":["Double Tap","Bludgeon"],"picked":"Impervious","floor":16},{"not_picked":["Bloodletting","Iron Wave"],"picked":"Reckless Charge","floor":18},{"not_picked":["True Grit","Iron Wave"],"picked":"Warcry+1","floor":19},{"not_picked":["Cleave+1","Clothesline"],"picked":"Armaments","floor":22},{"not_picked":["Body Slam+1","Clothesline"],"picked":"Rage+1","floor":23},{"not_picked":["Iron Wave","Searing Blow"],"picked":"Second Wind","floor":25},{"not_picked":["Thunderclap","Double Tap"],"picked":"Shrug It Off","floor":28},{"not_picked":["Pommel Strike","Twin Strike"],"picked":"Shockwave","floor":30},{"not_picked":["Double Tap","Offering"],"picked":"Brutality+1","floor":33},{"not_picked":["True Grit+1","Headbutt+1"],"picked":"Corruption+1","floor":35},{"not_picked":["Pommel Strike","Flex+1"],"picked":"Clothesline+1","floor":36},{"not_picked":["Perfected Strike","Pommel Strike"],"picked":"Armaments","floor":38},{"not_picked":["Headbutt+1","Armaments"],"picked":"Fire Breathing+1","floor":39},{"not_picked":["Body Slam","Warcry"],"picked":"Feed","floor":45},{"not_picked":["Reckless Charge+1","Clothesline+1"],"picked":"Feel No Pain+1","floor":47}],"player_experience":2233,"relics_obtained":[{"floor":6,"key":"Bottled Flame"},{"floor":9,"key":"Bronze Scales"},{"floor":23,"key":"Incense Burner"},{"floor":26,"key":"Frozen Egg 2"},{"floor":38,"key":"Calipers"},{"floor":43,"key":"Whetstone"},{"floor":45,"key":"Lantern"},{"floor":48,"key":"Oddly Smooth Stone"}],"event_choices":[{"damage_healed":0,"gold_gain":0,"player_choice":"Success","damage_taken":12,"relics_obtained":["Happy Flower"],"max_hp_gain":0,"max_hp_loss":0,"event_name":"Scrap Ooze","floor":3,"gold_loss":0},{"damage_healed":0,"gold_gain":0,"player_choice":"Ignored","damage_taken":0,"max_hp_gain":0,"max_hp_loss":0,"event_name":"WeMeetAgain","floor":4,"gold_loss":0},{"damage_healed":0,"gold_gain":0,"player_choice":"Joined the Cult","damage_taken":6,"max_hp_gain":0,"max_hp_loss":0,"event_name":"Nest","floor":21,"gold_loss":0,"cards_obtained":["RitualDagger"]},{"damage_healed":0,"gold_gain":0,"player_choice":"Became a vampire","damage_taken":0,"max_hp_gain":0,"max_hp_loss":28,"event_name":"Vampires","floor":24,"gold_loss":0,"cards_obtained":["Bite","Bite","Bite","Bite","Bite"]},{"damage_healed":0,"gold_gain":0,"cards_transformed":["Perfected Strike","Bite"],"player_choice":"Became Test Subject","damage_taken":0,"max_hp_gain":0,"max_hp_loss":0,"event_name":"Drug Dealer","floor":29,"gold_loss":0,"cards_obtained":["Berserk","Good Instincts"]},{"damage_healed":0,"gold_gain":0,"player_choice":"Fight","damage_taken":0,"max_hp_gain":0,"max_hp_loss":0,"event_name":"MindBloom","floor":38,"gold_loss":0},{"cards_removed":["Brutality"],"damage_healed":0,"gold_gain":0,"player_choice":"Removed Power","damage_taken":0,"max_hp_gain":0,"max_hp_loss":0,"event_name":"Falling","floor":41,"gold_loss":0},{"damage_healed":0,"gold_gain":0,"player_choice":"Ignored","damage_taken":0,"max_hp_gain":0,"max_hp_loss":0,"event_name":"Tomb of Lord Red Mask","floor":46,"gold_loss":0}],"is_beta":false,"boss_relics":[{"not_picked":["Orrery","Lizard Tail"],"picked":"Sozu"},{"not_picked":["Tiny House","Black Star"],"picked":"Cursed Key"}],"items_purged_floors":[],"is_endless":false,"potions_floor_spawned":[8,10,12,18,19,25,28,45,47],"killed_by":"Awakened One","ascension_level":0}