{"gold_per_floor":[112,112,37,37,37,64,64,74,74,89,89,115,29,42,42,115,115,134,134,78,51,51,83,93,110,134,151,151,182,38,52,52,52],"floor_reached":33,"playtime":1045,"items_purged":["Regret","Regret"],"score":592,"play_id":"666f0d36-4600-4a18-b815-af591b1fdc4c","local_time":"20190424163524","is_ascension_mode":true,"campfire_choices":[{"data":"Pummel","floor":7.0,"key":"SMITH"},{"data":"Shockwave","floor":11.0,"key":"SMITH"},{"data":"Limit Break","floor":15.0,"key":"SMITH"},{"floor":32,"key":"RECALL"}],"neow_cost":"NONE","seed_source_timestamp":0,"circlet_count":0,"master_deck":["AscendersBane","Strike_R+1","Strike_R","Strike_R","Strike_R","Strike_R","Defend_R","Defend_R","Defend_R","Defend_R+1","Bash","Flex+1","Pummel+1","Shockwave+1","Sword Boomerang","Feed","Limit Break+1","Reaper","Iron Wave","Twin Strike","Power Through+1","Immolate","Pommel Strike+1","Battle Trance","Disarm","Double Tap","True Grit"],"special_seed":0,"relics":["Burning Blood","NeowsBlessing","Happy Flower","Red Skull","Ornamental Fan","Bottled Lightning","Cursed Key","Anchor","Bronze Scales","MawBank"],"potions_floor_usage":[29,33],"damage_taken":[{"damage":0.0,"enemies":"Small Slimes","floor":1.0,"turns":1.0},{"damage":0.0,"enemies":"Lagavulin","floor":6.0,"turns":1.0},{"damage":0.0,"enemies":"2 Louse","floor":8.0,"turns":1.0},{"damage":1.0,"enemies":"Jaw Worm","floor":10.0,"turns":2.0},{"damage":21.0,"enemies":"Gremlin Nob","floor":12.0,"turns":4.0},{"damage":6.0,"enemies":"Looter","floor":14.0,"turns":3.0},{"damage":18.0,"enemies":"The Guardian","floor":16.0,"turns":10.0},{"damage":0.0,"enemies":"Chosen","floor":18.0,"turns":3.0},{"damage":11.0,"enemies":"2 Thieves","floor":21.0,"turns":4.0},{"damage":48.0,"enemies":"Gremlin Leader","floor":23.0,"turns":7.0},{"damage":15.0,"enemies":"Snake Plant","floor":24.0,"turns":3.0},{"damage":0,"enemies":"Centurion and Healer","floor":25,"turns":2},{"damage":15,"enemies":"Chosen and Byrds","floor":27,"turns":4},{"damage":4,"enemies":"Slavers","floor":29,"turns":2},{"damage":1,"enemies":"Snake Plant","floor":31,"turns":3},{"damage":105,"enemies":"Collector","floor":33,"turns":12}],"seed_played":"-6294418536784407145","potions_obtained":[{"floor":1.0,"key":"Block Potion"},{"floor":6.0,"key":"Block Potion"},{"floor":16.0,"key":"Explosive Potion"},{"floor":21.0,"key":"SteroidPotion"},{"floor":29,"key":"FearPotion"}],"is_trial":false,"path_per_floor":["M","?","$","?","?","E","R","M","T","M","R","E","$","M","R","B",null,"M","?","$","M","$","E","M","M","T","M","?","E","$","M","R","B"],"character_chosen":"IRONCLAD","items_purchased":["Feed","Twin Strike","True Grit"],"campfire_rested":0,"item_purchase_floors":[13,20,30],"current_hp_per_floor":[74,74,74,74,51,57,57,63,63,68,68,53,53,53,53,41,67,75,75,75,75,75,33,24,30,30,36,36,75,75,75,75,0],"gold":52,"neow_bonus":"THREE_ENEMY_KILL","is_prod":false,"is_daily":false,"chose_seed":false,"campfire_upgraded":3,"win_rate":0,"timestamp":1556134524,"path_taken":["M","?","$","?","?","E","R","M","T","M","R","E","$","?","R","BOSS","M","?","?","M","$","E","M","M","T","M","?","E","$","M","R","BOSS"],"build_version":"2019-01-23","purchased_purges":2,"victory":false,"max_hp_per_floor":[75,75,75,75,75,75,75,75,75,75,75,75,75,75,75,75,75,75,75,75,75,75,75,75,75,75,75,75,75,75,75,75,75],"card_choices":[{"not_picked":["Combust","Heavy Blade"],"picked":"Flex","floor":1.0},{"not_picked":["Havoc","Cleave"],"picked":"Pummel","floor":6.0},{"not_picked":["Iron Wave","Clash"],"picked":"Shockwave","floor":8.0},{"not_picked":["Body Slam","Havoc"],"picked":"Sword Boomerang","floor":10.0},{"not_picked":["Flex","Hemokinesis","Wild Strike"],"picked":"SKIP","floor":12.0},{"not_picked":["Dropkick","Heavy Blade"],"picked":"Limit Break","floor":14.0},{"not_picked":["Bludgeon","Juggernaut"],"picked":"Reaper","floor":16.0},{"not_picked":["Perfected Strike","Evolve"],"picked":"Iron Wave","floor":18.0},{"not_picked":["Rage","Sword Boomerang"],"picked":"Power Through+1","floor":21.0},{"not_picked":["Body Slam","Armaments"],"picked":"Immolate","floor":23.0},{"not_picked":["Body Slam","Perfected Strike"],"picked":"Pommel Strike+1","floor":24},{"not_picked":["Dropkick","Iron Wave"],"picked":"Battle Trance","floor":25},{"not_picked":["Sever Soul","Cleave"],"picked":"Disarm","floor":27},{"not_picked":["Battle Trance","Cleave"],"picked":"Double Tap","floor":29},{"not_picked":["Warcry","Burning Pact","Clash"],"picked":"SKIP","floor":31}],"player_experience":1186743,"relics_obtained":[{"floor":6.0,"key":"Red Skull"},{"floor":9.0,"key":"Ornamental Fan"},{"floor":12.0,"key":"Bottled Lightning"},{"floor":23.0,"key":"Anchor"},{"floor":26,"key":"Bronze Scales"},{"floor":29,"key":"MawBank"}],"event_choices":[{"damage_healed":0.0,"max_hp_gain":0.0,"max_hp_loss":0.0,"gold_gain":0.0,"event_name":"Big Fish","player_choice":"Box","floor":2.0,"gold_loss":0.0,"damage_taken":0.0,"relics_obtained":["Happy Flower"],"cards_obtained":["Regret"]},{"damage_healed":0.0,"max_hp_gain":0.0,"max_hp_loss":0.0,"gold_gain":0.0,"event_name":"Living Wall","player_choice":"Grow","floor":4.0,"gold_loss":0.0,"damage_taken":0.0,"cards_upgraded":["Flex"]},{"damage_healed":0.0,"max_hp_gain":0.0,"max_hp_loss":0.0,"gold_gain":0.0,"event_name":"Shining Light","player_choice":"Entered Light","floor":5.0,"gold_loss":0.0,"damage_taken":23.0,"cards_upgraded":["Strike_R","Defend_R"]},{"damage_healed":0.0,"max_hp_gain":0.0,"max_hp_loss":0.0,"gold_gain":0.0,"event_name":"Vampires","player_choice":"Ignored","floor":19.0,"gold_loss":0.0,"damage_taken":0.0},{"damage_healed":0,"gold_gain":0,"player_choice":"Got Potions","damage_taken":0,"max_hp_gain":0,"max_hp_loss":0,"event_name":"Lab","floor":28,"gold_loss":0}],"is_beta":false,"boss_relics":[{"not_picked":["Philosopher\u0027s Stone","Calling Bell"],"picked":"Cursed Key"}],"items_purged_floors":[3,30],"is_endless":false,"potions_floor_spawned":[1,6,16,21,25,29],"killed_by":"Collector","ascension_level":17}