{"gold_per_floor":[109,12,32,42,217,217,245,245,271,271,9,43,57,80,80,182,182,198,217,217,236,250,284,313,360,398,410,454,466,478,107,107,210,210,220,320,332,348,358,388,388,415,466,466,497,147,147,165,165,165,165,165,47,81,81],"floor_reached":55,"playtime":3061,"items_purged":["Doubt","Pain"],"score":1018,"play_id":"80fa94bc-5859-4991-bc4c-c74d3bc95349","local_time":"20190411035625","is_ascension_mode":true,"campfire_choices":[{"data":"Perfected Strike","floor":6,"key":"SMITH"},{"data":"Spot Weakness","floor":8,"key":"SMITH"},{"data":"Metallicize","floor":10,"key":"SMITH"},{"data":"Perfected Strike","floor":15,"key":"SMITH"},{"data":"Mayhem","floor":27,"key":"SMITH"},{"data":"Juggernaut","floor":29,"key":"SMITH"},{"floor":32,"key":"REST"},{"floor":41,"key":"REST"},{"floor":44,"key":"RECALL"},{"data":"Shockwave","floor":47,"key":"SMITH"},{"data":"Perfected Strike","floor":49,"key":"SMITH"},{"data":"Offering","floor":52,"key":"SMITH"}],"neow_cost":"NONE","seed_source_timestamp":2622498640535810,"circlet_count":0,"master_deck":["Strike_R","Strike_R","Strike_R","Strike_R","Strike_R","Defend_R+1","Defend_R","Defend_R","Defend_R","Bash","Perfected Strike+1","Shrug It Off","Iron Wave","Battle Trance+1","Metallicize+1","Spot Weakness+1","Mayhem+1","True Grit","Juggernaut+1","Shockwave+1","Perfected Strike+1","Offering+1","Shrug It Off","Twin Strike","Impervious","Twin Strike","Shrug It Off","Shrug It Off","Ghostly Armor","Disarm","Double Tap","Pommel Strike+1","Wild Strike+1","Shrug It Off+1","Corruption","Impervious","Body Slam+1","Inflame+1","Ghostly Armor+1","Perfected Strike+1","Exhume","Clothesline","Inflame"],"relics":["Burning Blood","NeowsBlessing","Happy Flower","Ancient Tea Set","Odd Mushroom","Mark of Pain","MawBank","Dream Catcher","Juzu Bracelet","Kunai","WarpedTongs","Mummified Hand","Sozu","Boot","Smiling Mask","Art of War","Blood Vial","Strange Spoon","War Paint","Incense Burner"],"potions_floor_usage":[12,16,21,24,25,28,55],"damage_taken":[{"damage":0,"enemies":"Cultist","floor":1,"turns":1},{"damage":0,"enemies":"2 Louse","floor":3,"turns":1},{"damage":0,"enemies":"Jaw Worm","floor":4,"turns":1},{"damage":25,"enemies":"3 Sentries","floor":7,"turns":13},{"damage":19,"enemies":"Gremlin Nob","floor":12,"turns":4},{"damage":0,"enemies":"Blue Slaver","floor":13,"turns":4},{"damage":17,"enemies":"The Mushroom Lair","floor":14,"turns":5},{"damage":0,"enemies":"The Guardian","floor":16,"turns":7},{"damage":6,"enemies":"Spheric Guardian","floor":18,"turns":3},{"damage":6,"enemies":"3 Byrds","floor":19,"turns":5},{"damage":8,"enemies":"Snecko","floor":21,"turns":4},{"damage":12,"enemies":"Snake Plant","floor":22,"turns":3},{"damage":8,"enemies":"Gremlin Leader","floor":23,"turns":6},{"damage":6,"enemies":"Sentry and Sphere","floor":24,"turns":3},{"damage":24,"enemies":"Slavers","floor":25,"turns":6},{"damage":6,"enemies":"Gremlin Leader","floor":28,"turns":6},{"damage":8,"enemies":"Champ","floor":33,"turns":10},{"damage":16,"enemies":"3 Darklings","floor":35,"turns":4},{"damage":2,"enemies":"Orb Walker","floor":37,"turns":4},{"damage":2,"enemies":"3 Darklings","floor":38,"turns":4},{"damage":32,"enemies":"Jaw Worm Horde","floor":39,"turns":3},{"damage":8,"enemies":"Reptomancer","floor":40,"turns":6},{"damage":12,"enemies":"Nemesis","floor":42,"turns":6},{"damage":6,"enemies":"Giant Head","floor":45,"turns":6},{"damage":7,"enemies":"Spire Growth","floor":48,"turns":3},{"damage":14,"enemies":"Awakened One","floor":50,"turns":8},{"damage":26,"enemies":"Shield and Spear","floor":54,"turns":6},{"damage":87,"enemies":"The Heart","floor":55,"turns":5}],"seed_played":"-1472261314701174651","potions_obtained":[{"floor":4,"key":"PowerPotion"},{"floor":12,"key":"Fruit Juice"},{"floor":13,"key":"SteroidPotion"},{"floor":16,"key":"Swift Potion"},{"floor":19,"key":"SneckoOil"},{"floor":21,"key":"GamblersBrew"},{"floor":22,"key":"Explosive Potion"},{"floor":25,"key":"Ancient Potion"}],"is_trial":false,"path_per_floor":["M","$","M","M","?","R","E","R","T","R","$","E","M","?","R","B",null,"M","M","?","M","M","E","M","E","T","R","E","R","?","$","R","B",null,"M","?","M","M","M","E","R","E","T","R","E","$","R","M","R","B",null,"R","$","E","B"],"character_chosen":"IRONCLAD","items_purchased":["Shrug It Off","Iron Wave","Mayhem","True Grit","Mummified Hand","Ghostly Armor","Strange Spoon","War Paint","Exhume","Clothesline"],"campfire_rested":2,"item_purchase_floors":[2,2,11,11,31,31,46,46,53,53],"current_hp_per_floor":[80,80,80,80,80,80,61,61,61,61,61,53,59,48,48,54,85,85,85,85,83,77,75,75,57,57,57,57,57,57,57,82,80,85,75,75,79,83,57,55,80,74,74,74,74,74,74,75,75,69,85,85,85,65,0],"gold":81,"neow_bonus":"THREE_ENEMY_KILL","is_prod":false,"is_daily":false,"chose_seed":false,"campfire_upgraded":9,"win_rate":0,"timestamp":1554969385,"path_taken":["M","?","?","M","?","R","E","R","T","R","$","E","M","?","R","BOSS","M","M","?","M","?","E","M","E","T","R","E","R","?","$","R","BOSS","M","?","M","M","M","E","R","E","T","R","E","?","R","M","R","BOSS","R","$","E","BOSS"],"build_version":"2019-04-04","purchased_purges":2,"victory":false,"max_hp_per_floor":[80,80,80,80,80,80,80,80,80,80,80,85,85,85,85,85,85,85,85,85,85,85,85,85,85,85,85,85,85,85,85,85,85,85,85,85,85,85,85,85,85,85,85,85,85,85,85,85,85,85,85,85,85,85,85],"card_choices":[{"not_picked":["Sentinel","Heavy Blade"],"picked":"Perfected Strike","floor":1},{"not_picked":["Reckless Charge","Clothesline"],"picked":"Battle Trance","floor":3},{"not_picked":["Entrench","Body Slam"],"picked":"Metallicize","floor":4},{"not_picked":["Havoc","Second Wind"],"picked":"Spot Weakness","floor":7},{"not_picked":["True Grit","Sword Boomerang"],"picked":"Juggernaut","floor":12},{"not_picked":["Body Slam","Carnage"],"picked":"Shockwave","floor":13},{"not_picked":["Entrench","Carnage"],"picked":"Perfected Strike","floor":14},{"not_picked":["Dark Embrace","Barricade"],"picked":"Offering","floor":16},{"not_picked":["Wild Strike","Iron Wave"],"picked":"Shrug It Off","floor":18},{"not_picked":["Fire Breathing+1","Power Through"],"picked":"Twin Strike","floor":19},{"not_picked":["Twin Strike","True Grit"],"picked":"Impervious","floor":21},{"not_picked":["Havoc","Rampage","Iron Wave"],"picked":"SKIP","floor":22},{"not_picked":["Body Slam","Limit Break"],"picked":"Twin Strike","floor":23},{"not_picked":["Sword Boomerang","Havoc+1"],"picked":"Shrug It Off","floor":24},{"not_picked":["Bludgeon","Sever Soul"],"picked":"Shrug It Off","floor":25},{"not_picked":["Second Wind","Spot Weakness+1","Clothesline"],"picked":"SKIP","floor":28},{"not_picked":["Cleave","Blood for Blood"],"picked":"Disarm","floor":32},{"not_picked":["Offering","Bludgeon"],"picked":"Double Tap","floor":33},{"not_picked":["Iron Wave+1","True Grit"],"picked":"Pommel Strike+1","floor":35},{"not_picked":["Havoc","Disarm+1"],"picked":"Wild Strike+1","floor":37},{"not_picked":["Searing Blow","Iron Wave+1"],"picked":"Shrug It Off+1","floor":38},{"not_picked":["Clash","Shockwave+1"],"picked":"Corruption","floor":39},{"not_picked":["Anger","Rage+1"],"picked":"Impervious","floor":40},{"not_picked":["Fire Breathing+1","Clash+1"],"picked":"Body Slam+1","floor":41},{"not_picked":["Dropkick+1","Dual Wield+1"],"picked":"Inflame+1","floor":42},{"not_picked":["Pommel Strike","Intimidate"],"picked":"Ghostly Armor+1","floor":45},{"not_picked":["Sword Boomerang+1","Spot Weakness"],"picked":"Perfected Strike","floor":48},{"not_picked":["Entrench+1","Clothesline"],"picked":"Inflame","floor":54}],"player_experience":5266217,"relics_obtained":[{"floor":7,"key":"Happy Flower"},{"floor":12,"key":"Ancient Tea Set"},{"floor":14,"key":"Odd Mushroom"},{"floor":23,"key":"MawBank"},{"floor":25,"key":"Dream Catcher"},{"floor":26,"key":"Juzu Bracelet"},{"floor":28,"key":"Kunai"},{"floor":40,"key":"Boot"},{"floor":42,"key":"Smiling Mask"},{"floor":43,"key":"Art of War"},{"floor":45,"key":"Blood Vial"},{"floor":54,"key":"Incense Burner"}],"event_choices":[{"damage_healed":0,"gold_gain":175,"player_choice":"AGREE","damage_taken":0,"max_hp_gain":0,"max_hp_loss":0,"event_name":"Liars Game","floor":5,"gold_loss":0,"cards_obtained":["Doubt"]},{"damage_healed":0,"gold_gain":0,"player_choice":"Fought Mushrooms","damage_taken":0,"max_hp_gain":0,"max_hp_loss":0,"event_name":"Mushrooms","floor":14,"gold_loss":0},{"damage_healed":0,"gold_gain":0,"player_choice":"Ignored","damage_taken":0,"max_hp_gain":0,"max_hp_loss":0,"event_name":"NoteForYourself","floor":20,"gold_loss":0},{"damage_healed":0,"gold_gain":0,"player_choice":"Rummage","damage_taken":0,"relics_obtained":["WarpedTongs"],"max_hp_gain":0,"max_hp_loss":0,"event_name":"Accursed Blacksmith","floor":30,"gold_loss":0,"cards_obtained":["Pain"]},{"damage_healed":0,"gold_gain":100,"player_choice":"Pray","damage_taken":0,"max_hp_gain":0,"max_hp_loss":0,"event_name":"Golden Shrine","floor":36,"gold_loss":0}],"is_beta":true,"boss_relics":[{"not_picked":["Velvet Choker","Calling Bell"],"picked":"Mark of Pain"},{"not_picked":["Astrolabe","Eternal Feather"],"picked":"Sozu"}],"items_purged_floors":[11,31],"is_endless":false,"potions_floor_spawned":[4,12,13,16,19,21,22,25,37,39,42,45],"killed_by":"The Heart","ascension_level":1}