{"gold_per_floor":[113,126,126,126,226,260,68,88,88,117,137,137,162,172,172,248,248,263,280,290,80,98,132,132,159,159,218,218,218,218,85,85,85],"floor_reached":33,"playtime":1164,"items_purged":["Writhe"],"score":771,"play_id":"232638da-0643-4d93-a6ca-cfcb15748490","local_time":"20190503193350","is_ascension_mode":true,"campfire_choices":[{"data":"Perfected Strike","floor":12,"key":"SMITH"},{"data":"True Grit","floor":15,"key":"SMITH"},{"floor":24,"key":"REST"},{"floor":28,"key":"REST"},{"data":"Shockwave","floor":30,"key":"SMITH"},{"data":"Bash","floor":32,"key":"SMITH"}],"neow_cost":"NONE","seed_source_timestamp":1910272072704542,"circlet_count":0,"master_deck":["AscendersBane","Strike_R","Strike_R","Strike_R","Strike_R","Strike_R","Defend_R","Defend_R","Defend_R","Defend_R","Bash+1","Twin Strike","Pommel Strike+1","Offering","Perfected Strike+1","Shockwave+1","Cleave","Wild Strike","Headbutt","Ghostly Armor","True Grit+1","Impervious","Twin Strike","Flame Barrier","Twin Strike","Shrug It Off","Flame Barrier","Twin Strike","Ghostly Armor","Warcry"],"relics":["Burning Blood","NeowsBlessing","Calipers","StoneCalendar","Potion Belt","Gremlin Horn","Philosopher\u0027s Stone","Strawberry","Bottled Lightning","Pantograph","Tiny Chest","Paper Frog"],"potions_floor_usage":[16,18,18,20,25,33,33,33],"damage_taken":[{"damage":0,"enemies":"Small Slimes","floor":1,"turns":1},{"damage":0,"enemies":"2 Louse","floor":2,"turns":1},{"damage":0,"enemies":"Gremlin Nob","floor":6,"turns":1},{"damage":6,"enemies":"Cultist","floor":8,"turns":3},{"damage":36,"enemies":"Lagavulin","floor":10,"turns":7},{"damage":12,"enemies":"Lots of Slimes","floor":11,"turns":4},{"damage":6,"enemies":"Gremlin Nob","floor":13,"turns":2},{"damage":6,"enemies":"Blue Slaver","floor":14,"turns":3},{"damage":34,"enemies":"Hexaghost","floor":16,"turns":6},{"damage":8,"enemies":"3 Byrds","floor":18,"turns":2},{"damage":12,"enemies":"Shell Parasite","floor":19,"turns":4},{"damage":18,"enemies":"Chosen and Byrds","floor":20,"turns":6},{"damage":14,"enemies":"Snake Plant","floor":22,"turns":4},{"damage":8,"enemies":"Gremlin Leader","floor":23,"turns":5},{"damage":35,"enemies":"Slavers","floor":25,"turns":5},{"damage":23,"enemies":"Gremlin Leader","floor":27,"turns":6},{"damage":134,"enemies":"Automaton","floor":33,"turns":12}],"seed_played":"-4662351877065844544","potions_obtained":[{"floor":1,"key":"SmokeBomb"},{"floor":2,"key":"Ancient Potion"},{"floor":13,"key":"PowerPotion"},{"floor":14,"key":"LiquidBronze"},{"floor":18,"key":"AttackPotion"},{"floor":23,"key":"Regen Potion"},{"floor":27,"key":"SpeedPotion"}],"is_trial":false,"path_per_floor":["M","M","?","?","?","E","$","M","T","E","M","R","E","M","R","B",null,"M","M","M","$","M","E","R","E","T","E","R","?","R","$","R","B"],"character_chosen":"IRONCLAD","items_purchased":["Perfected Strike","Shockwave","PowerPotion","Twin Strike","Shrug It Off","Flame Barrier","SteroidPotion","Warcry"],"campfire_rested":2,"item_purchase_floors":[7,7,7,21,21,21,21,31],"current_hp_per_floor":[74,75,80,80,80,80,80,80,80,50,44,44,44,44,44,16,64,62,56,44,44,36,41,67,52,52,35,61,61,61,61,61,0],"gold":85,"neow_bonus":"THREE_ENEMY_KILL","is_prod":false,"is_daily":false,"chose_seed":false,"campfire_upgraded":4,"win_rate":0,"timestamp":1556926430,"path_taken":["M","M","?","?","?","E","$","?","T","E","M","R","E","M","R","BOSS","M","?","M","$","M","E","R","E","T","E","R","?","R","$","R","BOSS"],"build_version":"2019-01-23","purchased_purges":1,"victory":false,"max_hp_per_floor":[75,75,80,80,80,80,80,80,80,80,80,80,80,80,80,80,80,80,80,80,80,80,87,87,87,87,87,87,87,87,87,87,87],"card_choices":[{"not_picked":["Power Through","Armaments"],"picked":"Twin Strike","floor":1},{"not_picked":["Sword Boomerang","Heavy Blade"],"picked":"Pommel Strike","floor":2},{"not_picked":["Armaments","Disarm"],"picked":"Offering","floor":6},{"not_picked":["Bloodletting","Seeing Red"],"picked":"Cleave","floor":8},{"not_picked":["Bludgeon","Dark Embrace"],"picked":"Wild Strike","floor":10},{"not_picked":["Anger","Warcry"],"picked":"Headbutt","floor":11},{"not_picked":["Wild Strike","Fire Breathing"],"picked":"Ghostly Armor","floor":13},{"not_picked":["Body Slam","Iron Wave"],"picked":"True Grit","floor":14},{"not_picked":["Fiend Fire","Berserk"],"picked":"Impervious","floor":16},{"not_picked":["Spot Weakness","Whirlwind"],"picked":"Twin Strike","floor":18},{"not_picked":["Clothesline","Rupture"],"picked":"Flame Barrier","floor":19},{"not_picked":["Sword Boomerang","Hemokinesis","Searing Blow"],"picked":"SKIP","floor":20},{"not_picked":["Thunderclap","Second Wind+1"],"picked":"Twin Strike","floor":22},{"not_picked":["Corruption","Cleave"],"picked":"Ghostly Armor","floor":23},{"not_picked":["Armaments","Havoc","Shockwave"],"picked":"SKIP","floor":25},{"not_picked":["Infernal Blade","Anger","Fiend Fire"],"picked":"SKIP","floor":27}],"player_experience":956346,"relics_obtained":[{"floor":6,"key":"Calipers"},{"floor":9,"key":"StoneCalendar"},{"floor":10,"key":"Potion Belt"},{"floor":13,"key":"Gremlin Horn"},{"floor":23,"key":"Strawberry"},{"floor":25,"key":"Bottled Lightning"},{"floor":26,"key":"Pantograph"},{"floor":27,"key":"Tiny Chest"}],"event_choices":[{"damage_healed":0,"gold_gain":0,"player_choice":"Donut","damage_taken":0,"max_hp_gain":5,"max_hp_loss":0,"event_name":"Big Fish","floor":3,"gold_loss":0},{"damage_healed":0,"gold_gain":0,"player_choice":"Grow","damage_taken":0,"max_hp_gain":0,"max_hp_loss":0,"event_name":"Living Wall","floor":4,"gold_loss":0,"cards_upgraded":["Pommel Strike"]},{"damage_healed":0,"gold_gain":100,"player_choice":"Gold","damage_taken":0,"max_hp_gain":0,"max_hp_loss":0,"event_name":"Wheel of Change","floor":5,"gold_loss":0},{"damage_healed":0,"gold_gain":0,"player_choice":"Opened","damage_taken":0,"relics_obtained":["Paper Frog"],"max_hp_gain":0,"max_hp_loss":0,"event_name":"The Mausoleum","floor":29,"gold_loss":0,"cards_obtained":["Writhe"]}],"is_beta":false,"boss_relics":[{"not_picked":["Tiny House","Runic Dome"],"picked":"Philosopher\u0027s Stone"}],"items_purged_floors":[31],"is_endless":false,"potions_floor_spawned":[1,2,8,13,14,18,23,27],"killed_by":"Automaton","ascension_level":20}