{"gold_per_floor":[119,269,120,120,140,167,167,193,193,224,224,240,259,292,292,292],"floor_reached":16,"playtime":2446,"items_purged":["Doubt"],"score":256,"play_id":"488d0f87-c5a4-42d2-abce-067aea2e5ec5","local_time":"20190127201045","is_ascension_mode":true,"campfire_choices":[{"data":"Bash","floor":7,"key":"SMITH"},{"data":"Immolate","floor":11,"key":"SMITH"},{"floor":15,"key":"REST"}],"neow_cost":"NONE","seed_source_timestamp":535341990628026,"circlet_count":0,"master_deck":["AscendersBane","Strike_R+1","Strike_R","Strike_R+1","Strike_R","Strike_R","Defend_R","Defend_R","Defend_R","Defend_R+1","Bash+1","Feel No Pain","Corruption","Infernal Blade","Flame Barrier+1","Immolate+1","Armaments","Twin Strike"],"relics":["Burning Blood","War Paint","Dodecahedron","Whetstone","Lantern"],"potions_floor_usage":[8,14,16],"damage_taken":[{"damage":9,"enemies":"Jaw Worm","floor":1,"turns":5},{"damage":12,"enemies":"Small Slimes","floor":5,"turns":5},{"damage":19,"enemies":"3 Sentries","floor":6,"turns":14},{"damage":1,"enemies":"Lagavulin","floor":8,"turns":7},{"damage":48,"enemies":"Gremlin Nob","floor":10,"turns":5},{"damage":0,"enemies":"Cultist","floor":12,"turns":3},{"damage":21,"enemies":"3 Louse","floor":13,"turns":2},{"damage":6,"enemies":"3 Sentries","floor":14,"turns":6},{"damage":33,"enemies":"Hexaghost","floor":16,"turns":9}],"seed_played":"-7578470467841503704","potions_obtained":[{"floor":1,"key":"AttackPotion"},{"floor":4,"key":"FearPotion"},{"floor":12,"key":"SteroidPotion"}],"is_trial":false,"path_per_floor":["M","?","$","?","M","E","R","E","T","E","R","M","M","E","R","B"],"character_chosen":"IRONCLAD","items_purchased":["Corruption"],"campfire_rested":1,"item_purchase_floors":[3],"current_hp_per_floor":[72,72,72,72,66,53,53,58,58,16,16,22,7,7,31,0],"gold":292,"neow_bonus":"TEN_PERCENT_HP_BONUS","is_prod":false,"is_daily":false,"chose_seed":false,"campfire_upgraded":2,"win_rate":0,"timestamp":1548637845,"path_taken":["M","?","$","?","M","E","R","E","T","E","R","M","?","E","R","BOSS"],"build_version":"2019-01-23","purchased_purges":1,"victory":false,"max_hp_per_floor":[82,82,82,82,82,82,82,82,82,82,82,82,82,82,82,82],"card_choices":[{"not_picked":["Heavy Blade","Warcry"],"picked":"Feel No Pain","floor":1},{"not_picked":["Flex","Searing Blow"],"picked":"Infernal Blade","floor":5},{"not_picked":["Iron Wave","Warcry"],"picked":"Flame Barrier","floor":6},{"not_picked":["Sentinel","Flex","Power Through"],"picked":"SKIP","floor":8},{"not_picked":["Pommel Strike","Rupture"],"picked":"Immolate","floor":10},{"not_picked":["Seeing Red","Iron Wave"],"picked":"Armaments","floor":12},{"not_picked":["Spot Weakness","Sword Boomerang"],"picked":"Twin Strike","floor":13},{"not_picked":["Heavy Blade","Cleave","Power Through"],"picked":"SKIP","floor":14}],"player_experience":1127565,"relics_obtained":[{"floor":6,"key":"War Paint"},{"floor":8,"key":"Dodecahedron"},{"floor":10,"key":"Whetstone"},{"floor":14,"key":"Lantern"}],"event_choices":[{"damage_healed":0,"gold_gain":150,"player_choice":"AGREE","damage_taken":0,"max_hp_gain":0,"max_hp_loss":0,"event_name":"Liars Game","floor":2,"gold_loss":0,"cards_obtained":["Doubt"]},{"damage_healed":0,"gold_gain":0,"player_choice":"Got Potions","damage_taken":0,"max_hp_gain":0,"max_hp_loss":0,"event_name":"Lab","floor":4,"gold_loss":0}],"is_beta":false,"boss_relics":[],"items_purged_floors":[3],"is_endless":false,"potions_floor_spawned":[1,6,12,13],"killed_by":"Hexaghost","ascension_level":20}