{"gold_per_floor":[116,116,133,133,308,308,323,342,342,371,382,392,392,426,426,521,521,486,498,498,120,120],"floor_reached":22,"playtime":814,"items_purged":[],"score":235,"play_id":"edbf2a3a-2015-4fa9-acf4-e3301413e038","local_time":"20190113212328","is_ascension_mode":true,"campfire_choices":[{"data":"Noxious Fumes","floor":6,"key":"SMITH"},{"floor":13,"key":"REST"},{"floor":15,"key":"REST"}],"neow_cost":"CURSE","seed_source_timestamp":34054080927933,"circlet_count":0,"master_deck":["Defend_G","Defend_G","Defend_G","Defend_G","Strike_G","Strike_G","Strike_G","Strike_G","Survivor","Neutralize","Writhe","Venomology+1","Noxious Fumes+1","Well Laid Plans","Escape Plan","Footwork","Doubt","Poisoned Stab","Dodge and Roll","Flying Knee","Dodge and Roll","Cloak And Dagger","Well Laid Plans","After Image","All Out Attack+1","Cloak And Dagger","Apotheosis","Infinite Blades"],"relics":["Ring of the Snake","Blue Candle","Mercury Hourglass","Art of War","Philosopher\u0027s Stone","Anchor"],"potions_floor_usage":[7,8,10,10,10,10,14,16,16,18,19,19,22,22],"damage_taken":[{"damage":4,"enemies":"Small Slimes","floor":1,"turns":5},{"damage":5,"enemies":"Cultist","floor":3,"turns":5},{"damage":2,"enemies":"Jaw Worm","floor":7,"turns":4},{"damage":9,"enemies":"3 Louse","floor":8,"turns":4},{"damage":11,"enemies":"Gremlin Nob","floor":10,"turns":6},{"damage":0,"enemies":"Blue Slaver","floor":11,"turns":5},{"damage":10,"enemies":"Looter","floor":12,"turns":4},{"damage":24,"enemies":"Lagavulin","floor":14,"turns":6},{"damage":23,"enemies":"The Guardian","floor":16,"turns":11},{"damage":38,"enemies":"2 Thieves","floor":18,"turns":5},{"damage":9,"enemies":"Spheric Guardian","floor":19,"turns":5},{"damage":18,"enemies":"Colosseum Slavers","floor":22,"turns":3}],"seed_played":"8677951874292396549","potions_obtained":[{"floor":1,"key":"Strength Potion"},{"floor":7,"key":"Weak Potion"},{"floor":12,"key":"SteroidPotion"},{"floor":16,"key":"Poison Potion"}],"is_trial":false,"path_per_floor":["M","?","M","?","?","R","M","M","T","E","M","M","R","E","R","B",null,"M","M","?","$","?"],"character_chosen":"THE_SILENT","items_purchased":["Apotheosis","Anchor","Infinite Blades"],"campfire_rested":2,"item_purchase_floors":[21,21,21],"current_hp_per_floor":[66,66,61,61,61,61,59,50,50,39,39,29,50,26,47,24,70,32,23,10,10,0],"gold":120,"neow_bonus":"TRANSFORM_TWO_CARDS","is_prod":false,"is_daily":false,"chose_seed":false,"campfire_upgraded":1,"win_rate":0,"timestamp":1547425408,"path_taken":["M","?","?","?","?","R","M","M","T","E","M","M","R","E","R","BOSS","M","M","?","$","?"],"build_version":"2019-01-10","purchased_purges":0,"victory":false,"max_hp_per_floor":[70,70,70,70,70,70,70,70,70,70,70,70,70,70,70,70,70,70,70,75,75,75],"card_choices":[{"not_picked":["Quick Slash","Dagger Spray"],"picked":"Well Laid Plans","floor":1},{"not_picked":["Endless Agony","Predator"],"picked":"Footwork","floor":3},{"not_picked":["Blade Dance","Bane"],"picked":"Poisoned Stab","floor":7},{"not_picked":["Concentrate","Deflect"],"picked":"Dodge and Roll","floor":8},{"not_picked":["Bane","Dagger Throw"],"picked":"Flying Knee","floor":10},{"not_picked":["Blade Dance","PiercingWail"],"picked":"Dodge and Roll","floor":11},{"not_picked":["Underhanded Strike","Eviscerate"],"picked":"Cloak And Dagger","floor":12},{"not_picked":["Flying Knee","PiercingWail"],"picked":"Well Laid Plans","floor":14},{"not_picked":["Envenom","Unload"],"picked":"After Image","floor":16},{"not_picked":["Reflex+1","Deadly Poison"],"picked":"All Out Attack+1","floor":18},{"not_picked":["Bane","Dodge and Roll"],"picked":"Cloak And Dagger","floor":19}],"player_experience":620439,"relics_obtained":[{"floor":9,"key":"Blue Candle"},{"floor":10,"key":"Mercury Hourglass"},{"floor":14,"key":"Art of War"}],"event_choices":[{"damage_healed":0,"gold_gain":0,"player_choice":"1 cards matched","damage_taken":0,"max_hp_gain":0,"max_hp_loss":0,"event_name":"Match and Keep!","floor":2,"gold_loss":0,"cards_obtained":["Escape Plan"]},{"damage_healed":0,"gold_gain":0,"player_choice":"Grow","damage_taken":0,"max_hp_gain":0,"max_hp_loss":0,"event_name":"Living Wall","floor":4,"gold_loss":0,"cards_upgraded":["Venomology"]},{"damage_healed":0,"gold_gain":175,"player_choice":"AGREE","damage_taken":0,"max_hp_gain":0,"max_hp_loss":0,"event_name":"Liars Game","floor":5,"gold_loss":0,"cards_obtained":["Doubt"]},{"damage_healed":0,"gold_gain":0,"player_choice":"Shed Blood","damage_taken":18,"max_hp_gain":5,"max_hp_loss":0,"event_name":"Forgotten Altar","floor":20,"gold_loss":0},{"damage_healed":0,"gold_gain":0,"player_choice":"Fight","damage_taken":0,"max_hp_gain":0,"max_hp_loss":0,"event_name":"Colosseum","floor":22,"gold_loss":0}],"is_beta":false,"boss_relics":[{"not_picked":["Ectoplasm","Coffee Dripper"],"picked":"Philosopher\u0027s Stone"}],"items_purged_floors":[],"is_endless":false,"potions_floor_spawned":[1,7,8,12,16],"killed_by":"Colosseum Slavers","ascension_level":4}