{"gold_per_floor":[19,19,19,37,37,37,37,37,37,55,90,90,124,134,134,213,213,225,240,257,182,182,182,197,222,248,92,125,2,20,38,38,117,117,129,147,147,147,22,22,51,51,51,71,89,115,115,134,134,134],"floor_reached":51,"playtime":2885,"items_purged":["Strike_R","Strike_R","Anger+1"],"score":1400,"play_id":"8a06e37a-28cf-4bc5-a410-31159087e770","local_time":"20190304220345","is_ascension_mode":true,"campfire_choices":[{"data":"Rampage","floor":6,"key":"SMITH"},{"data":"Anger","floor":12,"key":"SMITH"},{"data":"True Grit","floor":15,"key":"SMITH"},{"data":"Shrug It Off","floor":23,"key":"SMITH"},{"data":"Flame Barrier","floor":32,"key":"SMITH"},{"data":"Double Tap","floor":40,"key":"SMITH"},{"floor":42,"key":"REST"},{"floor":47,"key":"REST"},{"floor":49,"key":"REST"}],"neow_cost":"NO_GOLD","seed_source_timestamp":418906493202991,"circlet_count":0,"master_deck":["AscendersBane","Strike_R","Defend_R","Defend_R+1","Defend_R","Bash+1","Uppercut+1","Rampage+1","True Grit+1","Shrug It Off+1","Impervious","Brutality","Flame Barrier+1","Double Tap+1","Carnage","True Grit+1","Reaper","Sentinel+1","Ghostly Armor+1"],"relics":["Burning Blood","Matryoshka","Dream Catcher","Charon\u0027s Ashes","Gambling Chip","Mercury Hourglass","Snecko Eye","Oddly Smooth Stone","Vajra","Anchor","Sundial","Cursed Key","Bottled Lightning","Art of War"],"potions_floor_usage":[16,25,28,30,33,33,41,41,50,50],"damage_taken":[{"damage":10,"enemies":"Small Slimes","floor":1,"turns":4},{"damage":0,"enemies":"2 Louse","floor":4,"turns":2},{"damage":0,"enemies":"Cultist","floor":10,"turns":3},{"damage":30,"enemies":"Lagavulin","floor":11,"turns":6},{"damage":6,"enemies":"Gremlin Nob","floor":13,"turns":3},{"damage":12,"enemies":"Exordium Wildlife","floor":14,"turns":3},{"damage":13,"enemies":"Hexaghost","floor":16,"turns":7},{"damage":4,"enemies":"Shell Parasite","floor":18,"turns":3},{"damage":0,"enemies":"3 Byrds","floor":19,"turns":4},{"damage":7,"enemies":"Cultist and Chosen","floor":20,"turns":4},{"damage":7,"enemies":"Chosen and Byrds","floor":24,"turns":5},{"damage":35,"enemies":"Book of Stabbing","floor":25,"turns":5},{"damage":1,"enemies":"Slavers","floor":28,"turns":6},{"damage":0,"enemies":"Centurion and Healer","floor":30,"turns":4},{"damage":14,"enemies":"Shelled Parasite and Fungi","floor":31,"turns":3},{"damage":28,"enemies":"Champ","floor":33,"turns":6},{"damage":0,"enemies":"3 Shapes","floor":35,"turns":3},{"damage":2,"enemies":"Orb Walker","floor":36,"turns":3},{"damage":67,"enemies":"Reptomancer","floor":41,"turns":8},{"damage":19,"enemies":"Spire Growth","floor":44,"turns":4},{"damage":10,"enemies":"Writhing Mass","floor":45,"turns":5},{"damage":23,"enemies":"Nemesis","floor":46,"turns":9},{"damage":0,"enemies":"3 Darklings","floor":48,"turns":4},{"damage":67,"enemies":"Donu and Deca","floor":50,"turns":11}],"seed_played":"-6477706113771511028","potions_obtained":[{"floor":1,"key":"SkillPotion"},{"floor":10,"key":"LiquidBronze"},{"floor":13,"key":"SkillPotion"},{"floor":18,"key":"SteroidPotion"},{"floor":31,"key":"Regen Potion"},{"floor":35,"key":"Swift Potion"},{"floor":38,"key":"Weak Potion"},{"floor":44,"key":"Fire Potion"},{"floor":46,"key":"Fire Potion"}],"is_trial":false,"path_per_floor":["M","?","?","M","?","R","$","?","T","M","E","R","E","M","R","B",null,"M","M","M","$","?","R","M","E","T","$","E","$","M","M","R","B",null,"M","M","?","?","$","R","E","R","T","M","M","E","R","M","R","B",null],"character_chosen":"IRONCLAD","items_purchased":["Strength Potion","Carnage","BloodPotion"],"campfire_rested":3,"item_purchase_floors":[27,29,29],"current_hp_per_floor":[64,41,66,72,72,72,72,72,72,75,51,51,51,45,45,38,66,68,74,73,73,73,73,72,43,43,43,48,48,61,53,53,46,68,74,75,70,70,70,70,9,31,31,32,32,22,44,67,75,38],"gold":134,"neow_bonus":"REMOVE_TWO","is_prod":false,"is_daily":false,"chose_seed":false,"campfire_upgraded":6,"win_rate":0,"timestamp":1551737025,"path_taken":["M","?","?","M","?","R","$","?","T","M","E","R","E","M","R","BOSS","M","?","M","$","?","R","?","E","T","?","E","$","M","M","R","BOSS","M","?","?","?","$","R","E","R","T","?","M","E","R","?","R","BOSS"],"build_version":"2019-02-06","purchased_purges":3,"victory":true,"max_hp_per_floor":[75,75,75,75,75,75,75,75,75,75,75,75,75,75,75,75,75,75,75,75,75,75,75,75,75,75,75,75,75,75,75,75,75,75,75,75,75,75,75,75,75,75,75,75,75,75,75,75,75,75],"card_choices":[{"not_picked":["Clash","True Grit"],"picked":"Uppercut","floor":1},{"not_picked":["Flame Barrier","Heavy Blade"],"picked":"Rampage","floor":4},{"not_picked":["Perfected Strike","Body Slam","Clash"],"picked":"SKIP","floor":10},{"not_picked":["Barricade","Sword Boomerang"],"picked":"Anger","floor":11},{"not_picked":["Sever Soul","Bloodletting"],"picked":"True Grit","floor":13},{"not_picked":["Flex","True Grit"],"picked":"Shrug It Off","floor":14},{"not_picked":["Immolate","Brutality"],"picked":"Impervious","floor":16},{"not_picked":["Dual Wield","Headbutt","Clash"],"picked":"SKIP","floor":18},{"not_picked":["Clothesline","Anger","Wild Strike"],"picked":"SKIP","floor":19},{"not_picked":["Flex","Twin Strike","Shrug It Off"],"picked":"SKIP","floor":20},{"not_picked":["Anger","Havoc"],"picked":"Brutality","floor":24},{"not_picked":["Disarm","Heavy Blade"],"picked":"Flame Barrier","floor":25},{"not_picked":["Infernal Blade","Anger+1"],"picked":"Double Tap","floor":28},{"not_picked":["Sword Boomerang","Heavy Blade","Headbutt"],"picked":"SKIP","floor":30},{"not_picked":["Evolve","Thunderclap","Warcry"],"picked":"SKIP","floor":31},{"not_picked":["Sword Boomerang","Rampage+1"],"picked":"True Grit+1","floor":35},{"not_picked":["Sword Boomerang","Wild Strike","Searing Blow"],"picked":"SKIP","floor":36},{"not_picked":["Body Slam","Burning Pact+1"],"picked":"Reaper","floor":41},{"not_picked":["Pommel Strike","True Grit","Bloodletting"],"picked":"SKIP","floor":44},{"not_picked":["Rage+1","Fire Breathing"],"picked":"Sentinel+1","floor":45},{"not_picked":["Limit Break","Cleave","Anger"],"picked":"SKIP","floor":46},{"not_picked":["Thunderclap","Clothesline","Flex+1"],"picked":"SKIP","floor":48},{"not_picked":["Wild Strike","Havoc+1"],"picked":"Ghostly Armor+1","floor":49}],"player_experience":1009846,"relics_obtained":[{"floor":9,"key":"Dream Catcher"},{"floor":9,"key":"Charon\u0027s Ashes"},{"floor":11,"key":"Gambling Chip"},{"floor":13,"key":"Mercury Hourglass"},{"floor":25,"key":"Oddly Smooth Stone"},{"floor":26,"key":"Vajra"},{"floor":26,"key":"Anchor"},{"floor":28,"key":"Sundial"},{"floor":41,"key":"Bottled Lightning"},{"floor":46,"key":"Art of War"}],"event_choices":[{"damage_healed":0,"gold_gain":0,"player_choice":"Entered Light","damage_taken":23,"max_hp_gain":0,"max_hp_loss":0,"event_name":"Shining Light","floor":2,"gold_loss":0,"cards_upgraded":["Uppercut","Defend_R"]},{"damage_healed":25,"gold_gain":0,"player_choice":"Banana","damage_taken":0,"max_hp_gain":0,"max_hp_loss":0,"event_name":"Big Fish","floor":3,"gold_loss":0},{"cards_removed":["Strike_R"],"damage_healed":0,"gold_gain":0,"player_choice":"Forget","damage_taken":0,"max_hp_gain":0,"max_hp_loss":0,"event_name":"Living Wall","floor":5,"gold_loss":0},{"damage_healed":0,"gold_gain":0,"player_choice":"Gave Potion","damage_taken":0,"relics_obtained":["Matryoshka"],"max_hp_gain":0,"max_hp_loss":0,"event_name":"WeMeetAgain","floor":8,"gold_loss":0},{"damage_healed":0,"gold_gain":0,"player_choice":"Upgraded","damage_taken":0,"max_hp_gain":0,"max_hp_loss":0,"event_name":"Upgrade Shrine","floor":22,"gold_loss":0,"cards_upgraded":["Bash"]},{"damage_healed":0,"gold_gain":0,"player_choice":"Memory 2","damage_taken":5,"max_hp_gain":0,"max_hp_loss":0,"event_name":"SensoryStone","floor":37,"gold_loss":0},{"damage_healed":0,"gold_gain":0,"player_choice":"Got Potions","damage_taken":0,"max_hp_gain":0,"max_hp_loss":0,"event_name":"Lab","floor":38,"gold_loss":0}],"is_beta":true,"boss_relics":[{"not_picked":["Eternal Feather","Pandora\u0027s Box"],"picked":"Snecko Eye"},{"not_picked":["Lizard Tail","Black Star"],"picked":"Cursed Key"}],"items_purged_floors":[21,27,39],"is_endless":false,"potions_floor_spawned":[1,10,13,18,20,31,35,44,46],"ascension_level":19}