{"gold_per_floor":[113,131,144,160,176,176,208,383,408,439,439,454,454,471,471,568,568,580,77,95,107,107,107,126,161,161,161,180,180,180,193,193,193],"floor_reached":33,"playtime":1501,"items_purged":["Doubt"],"score":337,"play_id":"23defeea-d165-47ce-a76c-14e709a57fae","local_time":"20181227022527","is_ascension_mode":true,"campfire_choices":[{"data":"Noxious Fumes","floor":6,"key":"SMITH"},{"floor":11,"key":"REST"},{"floor":13,"key":"REST"},{"floor":15,"key":"REST"},{"data":"Bouncing Flask","floor":23,"key":"SMITH"},{"floor":27,"key":"REST"},{"floor":29,"key":"REST"},{"floor":32,"key":"REST"}],"neow_cost":"NONE","seed_source_timestamp":452581606835120,"circlet_count":0,"master_deck":["Defend_G+1","Defend_G+1","Defend_G+1","Defend_G+1","Strike_G+1","Strike_G+1","Strike_G+1","Strike_G+1","Survivor","Neutralize","Deadly Poison+1","Catalyst","Bane","Noxious Fumes+1","Bane","Dash","Well Laid Plans","Deadly Poison","A Thousand Cuts","PiercingWail+1","Dagger Throw+1","PiercingWail+1","Caltrops","Bouncing Flask+1","Prepared+1","Crippling Poison+1","Crippling Poison+1","Poisoned Stab+1","All Out Attack","Concentrate+1"],"relics":["Ring of the Snake","Vajra","Question Card","Blood Vial","Snake Skull","Astrolabe","Lee\u0027s Waffle","War Paint","Centennial Puzzle","Mummified Hand"],"potions_floor_usage":[10,16,20,20,21,25,25],"damage_taken":[{"damage":0,"enemies":"Cultist","floor":1,"turns":4},{"damage":0,"enemies":"Jaw Worm","floor":2,"turns":5},{"damage":0,"enemies":"Small Slimes","floor":3,"turns":3},{"damage":7,"enemies":"3 Louse","floor":4,"turns":4},{"damage":3,"enemies":"Exordium Thugs","floor":5,"turns":4},{"damage":31,"enemies":"Gremlin Nob","floor":7,"turns":4},{"damage":27,"enemies":"Lagavulin","floor":10,"turns":6},{"damage":6,"enemies":"Looter","floor":12,"turns":3},{"damage":3,"enemies":"Blue Slaver","floor":14,"turns":3},{"damage":26,"enemies":"The Guardian","floor":16,"turns":7},{"damage":31,"enemies":"Shell Parasite","floor":18,"turns":6},{"damage":16,"enemies":"3 Byrds","floor":20,"turns":4},{"damage":3,"enemies":"Snecko","floor":21,"turns":4},{"damage":34,"enemies":"3 Cultists","floor":24,"turns":5},{"damage":29,"enemies":"Book of Stabbing","floor":25,"turns":5},{"damage":17,"enemies":"Sentry and Sphere","floor":28,"turns":4},{"damage":12,"enemies":"Snecko","floor":31,"turns":4},{"damage":63,"enemies":"Collector","floor":33,"turns":5}],"seed_played":"-5416639438348613623","potions_obtained":[{"floor":5,"key":"Regen Potion"},{"floor":7,"key":"GamblersBrew"},{"floor":10,"key":"PowerPotion"},{"floor":14,"key":"PowerPotion"},{"floor":16,"key":"Energy Potion"},{"floor":20,"key":"GhostInAJar"},{"floor":21,"key":"AttackPotion"}],"is_trial":false,"path_per_floor":["M","M","M","M","M","R","E","?","T","E","R","M","R","M","R","B",null,"M","$","M","M","?","R","M","E","T","R","M","R","?","M","R","B"],"character_chosen":"THE_SILENT","items_purchased":["Lee\u0027s Waffle","Bouncing Flask","War Paint"],"campfire_rested":6,"item_purchase_floors":[19,19,19],"current_hp_per_floor":[70,70,70,63,60,60,29,29,29,19,40,36,57,56,70,44,70,39,77,61,60,60,60,28,1,1,24,9,32,32,22,45,0],"gold":193,"neow_bonus":"RANDOM_COMMON_RELIC","is_prod":false,"is_daily":false,"chose_seed":false,"campfire_upgraded":2,"win_rate":0,"timestamp":1545888327,"path_taken":["M","M","?","M","M","R","E","?","T","E","R","M","R","M","R","BOSS","M","$","M","M","?","R","M","E","T","R","M","R","?","M","R","BOSS"],"build_version":"2018-12-20","purchased_purges":1,"victory":false,"max_hp_per_floor":[70,70,70,70,70,70,70,70,70,70,70,70,70,70,70,70,70,70,77,77,77,77,77,77,77,77,77,77,77,77,77,77,77],"card_choices":[{"not_picked":["Dagger Throw","Blur"],"picked":"Acrobatics","floor":1},{"not_picked":["Choke","Catalyst"],"picked":"Deadly Poison","floor":2},{"not_picked":["Bane","Leg Sweep"],"picked":"Catalyst","floor":3},{"not_picked":["Backflip","Blur"],"picked":"Bane","floor":4},{"not_picked":["Dodge and Roll","Acrobatics"],"picked":"Noxious Fumes","floor":5},{"not_picked":["Blade Dance","Poisoned Stab"],"picked":"Bane","floor":7},{"not_picked":["Grand Finale","Sucker Punch","Quick Slash"],"picked":"Dash","floor":10},{"not_picked":["Heel Hook","Calculated Gamble","Cloak And Dagger"],"picked":"Well Laid Plans","floor":12},{"not_picked":["Flying Knee","Cloak And Dagger","Distraction"],"picked":"Deadly Poison","floor":14},{"not_picked":["Tools of the Trade","Night Terror","Corpse Explosion"],"picked":"A Thousand Cuts","floor":16},{"not_picked":["Quick Slash+1","Underhanded Strike+1","Sucker Punch"],"picked":"Caltrops","floor":18},{"not_picked":["Skewer","Choke","Slice"],"picked":"Prepared+1","floor":20},{"not_picked":["Deflect","Acrobatics","Bouncing Flask"],"picked":"Crippling Poison+1","floor":21},{"not_picked":["Sucker Punch","Skewer","Deadly Poison+1"],"picked":"Crippling Poison+1","floor":24},{"not_picked":["Blur","Doppelganger","Leg Sweep"],"picked":"Poisoned Stab+1","floor":25},{"not_picked":["Eviscerate","Tactician","Cloak And Dagger"],"picked":"All Out Attack","floor":28},{"not_picked":["Catalyst","Underhanded Strike","Crippling Poison"],"picked":"Concentrate+1","floor":31}],"player_experience":546866,"relics_obtained":[{"floor":7,"key":"Question Card"},{"floor":9,"key":"Blood Vial"},{"floor":10,"key":"Snake Skull"},{"floor":25,"key":"Centennial Puzzle"},{"floor":26,"key":"Mummified Hand"}],"event_choices":[{"damage_healed":0,"gold_gain":175,"player_choice":"AGREE","damage_taken":0,"max_hp_gain":0,"max_hp_loss":0,"event_name":"Liars Game","floor":8,"gold_loss":0,"cards_obtained":["Doubt"]},{"damage_healed":0,"gold_gain":0,"player_choice":"Simplicity","damage_taken":0,"max_hp_gain":0,"max_hp_loss":0,"event_name":"Back to Basics","floor":22,"gold_loss":0,"cards_upgraded":["Defend_G","Defend_G","Defend_G","Strike_G","Strike_G","Strike_G","Strike_G"]},{"damage_healed":0,"gold_gain":0,"player_choice":"Ignored","damage_taken":0,"max_hp_gain":0,"max_hp_loss":0,"event_name":"Purifier","floor":30,"gold_loss":0}],"is_beta":false,"boss_relics":[{"not_picked":["Runic Pyramid","HoveringKite"],"picked":"Astrolabe"}],"items_purged_floors":[19],"is_endless":false,"potions_floor_spawned":[5,7,10,14,16,20,21],"killed_by":"Collector","ascension_level":4}