{"gold_per_floor":[11,31,51,64,77,104,120,120,143,143,166,207,226,264,264,384,384,409,433,433,170,186,186,220,320,346,346,381,381,402,440,440,564,564,578,653,722,722,738,782,782,807,881,921,541,559,593,607,607,607,607,607,157,192,192],"floor_reached":56,"playtime":5035,"items_purged":["Strike_B","Injury","Strike_B"],"score":1737,"play_id":"2cb912e3-05f4-4606-8509-04aba58d7854","local_time":"20190511092731","is_ascension_mode":true,"campfire_choices":[{"data":"Fusion","floor":8,"key":"SMITH"},{"data":"Creative AI","floor":15,"key":"SMITH"},{"floor":23,"key":"REST"},{"floor":27,"key":"RECALL"},{"floor":29,"key":"REST"},{"floor":32,"key":"REST"},{"floor":49,"key":"REST"},{"floor":52,"key":"REST"}],"neow_cost":"NO_GOLD","seed_source_timestamp":648514546144002,"circlet_count":0,"master_deck":["Defend_B","Defend_B","Defend_B","Defend_B","Zap","Dualcast","Echo Form","Steam Power","Coolheaded+1","Conserve Battery","Gash","Glacier+1","Reinforced Body","Fusion+1","Go for the Eyes","Creative AI+1","Steam","Self Repair","Reboot","Multi-Cast","Scrape","Storm","Undo","Coolheaded","Core Surge","Buffer","Force Field+1","Leap+1","Coolheaded+1","Thunder Strike","Glacier+1","Consume+1","Core Surge","Hologram+1","Biased Cognition","Steam Power+1","Heatsinks"],"relics":["Cracked Core","Gambling Chip","PreservedInsect","Golden Idol","Lantern","War Paint","Fusion Hammer","Tiny Chest","Dream Catcher","Omamori","Thread and Needle","Orichalcum","Calling Bell","Happy Flower","Sundial","Incense Burner","Pear","FossilizedHelix","Toxic Egg 2","Kunai","Anchor","Dodecahedron","Cables","Oddly Smooth Stone"],"potions_floor_usage":[6,6,11,16,40,55],"damage_taken":[{"damage":0,"enemies":"Cultist","floor":1,"turns":3},{"damage":0,"enemies":"Small Slimes","floor":2,"turns":2},{"damage":4,"enemies":"Jaw Worm","floor":3,"turns":4},{"damage":9,"enemies":"Large Slime","floor":4,"turns":11},{"damage":0,"enemies":"Exordium Thugs","floor":5,"turns":4},{"damage":11,"enemies":"Gremlin Nob","floor":6,"turns":4},{"damage":0,"enemies":"Looter","floor":7,"turns":4},{"damage":17,"enemies":"Lots of Slimes","floor":11,"turns":5},{"damage":0,"enemies":"3 Sentries","floor":12,"turns":8},{"damage":5,"enemies":"Blue Slaver","floor":13,"turns":4},{"damage":0,"enemies":"Lagavulin","floor":14,"turns":7},{"damage":0,"enemies":"Hexaghost","floor":16,"turns":14},{"damage":10,"enemies":"Spheric Guardian","floor":18,"turns":7},{"damage":13,"enemies":"3 Byrds","floor":19,"turns":7},{"damage":16,"enemies":"Shelled Parasite and Fungi","floor":22,"turns":7},{"damage":0,"enemies":"Book of Stabbing","floor":24,"turns":6},{"damage":17,"enemies":"Gremlin Leader","floor":28,"turns":8},{"damage":9,"enemies":"Cultist and Chosen","floor":30,"turns":6},{"damage":17,"enemies":"Slavers","floor":31,"turns":5},{"damage":12,"enemies":"Automaton","floor":33,"turns":11},{"damage":0,"enemies":"3 Darklings","floor":35,"turns":8},{"damage":21,"enemies":"2 Orb Walkers","floor":37,"turns":3},{"damage":0,"enemies":"3 Shapes","floor":39,"turns":8},{"damage":0,"enemies":"Reptomancer","floor":40,"turns":6},{"damage":0,"enemies":"Spire Growth","floor":42,"turns":7},{"damage":0,"enemies":"Nemesis","floor":44,"turns":9},{"damage":0,"enemies":"4 Shapes","floor":46,"turns":7},{"damage":0,"enemies":"Giant Head","floor":47,"turns":9},{"damage":0,"enemies":"3 Darklings","floor":48,"turns":6},{"damage":0,"enemies":"Donu and Deca","floor":50,"turns":12},{"damage":0,"enemies":"Shield and Spear","floor":54,"turns":6},{"damage":0,"enemies":"The Heart","floor":55,"turns":13}],"seed_played":"-8631782747002613284","potions_obtained":[{"floor":1,"key":"FearPotion"},{"floor":2,"key":"Block Potion"},{"floor":4,"key":"SkillPotion"},{"floor":7,"key":"SkillPotion"},{"floor":16,"key":"Regen Potion"},{"floor":22,"key":"Strength Potion"},{"floor":24,"key":"Swift Potion"},{"floor":40,"key":"Swift Potion"},{"floor":54,"key":"GamblersBrew"}],"is_trial":false,"path_per_floor":["M","M","M","M","M","E","M","R","T","?","M","E","M","E","R","B",null,"M","M","?","$","M","R","E","?","T","R","E","R","M","E","R","B",null,"M","T","?","?","M","E","T","M","T","E","$","M","E","M","R","B",null,"R","$","E","B",null],"character_chosen":"DEFECT","items_purchased":["Storm","Tiny Chest","Glacier+1","Consume+1","Core Surge","Cables","Heatsinks"],"campfire_rested":5,"item_purchase_floors":[21,21,45,45,45,53,53],"current_hp_per_floor":[75,75,71,62,62,51,51,51,51,51,34,34,29,29,29,29,69,69,63,63,63,54,69,69,69,69,69,59,69,60,43,63,58,69,69,79,65,65,75,75,75,75,75,75,75,75,75,75,75,75,75,75,75,75,75],"gold":192,"neow_bonus":"THREE_RARE_CARDS","is_prod":false,"is_daily":false,"chose_seed":false,"campfire_upgraded":2,"win_rate":0,"timestamp":1557581251,"path_taken":["M","?","M","M","M","E","M","R","T","?","M","E","M","E","R","BOSS","M","M","?","$","M","R","E","?","T","R","E","R","M","E","R","BOSS","M","?","?","?","M","E","?","M","T","E","$","M","E","M","R","BOSS","R","$","E","BOSS"],"build_version":"2019-05-07","purchased_purges":3,"victory":true,"max_hp_per_floor":[75,75,75,75,75,75,75,75,75,69,69,69,69,69,69,69,69,69,69,69,69,69,69,69,69,69,69,69,69,69,69,69,69,69,69,79,79,75,75,75,75,75,75,75,75,75,75,75,75,75,75,75,75,75,75],"card_choices":[{"not_picked":["Biased Cognition","Core Surge"],"picked":"Echo Form","floor":0},{"not_picked":["Doom and Gloom","White Noise"],"picked":"Steam Power","floor":1},{"not_picked":["Stack","Sweeping Beam"],"picked":"Coolheaded","floor":2},{"not_picked":["Coolheaded","Barrage"],"picked":"Conserve Battery","floor":3},{"not_picked":["Compile Driver","Stack"],"picked":"Gash","floor":4},{"not_picked":["Recycle","Fission"],"picked":"Glacier","floor":5},{"not_picked":["Sweeping Beam","Reprogram"],"picked":"Reinforced Body","floor":6},{"not_picked":["Genetic Algorithm","Sweeping Beam"],"picked":"Fusion","floor":7},{"not_picked":["Hologram","Tempest"],"picked":"Go for the Eyes","floor":11},{"not_picked":["Rebound","Conserve Battery"],"picked":"Creative AI","floor":12},{"not_picked":["Gash","Turbo"],"picked":"Steam","floor":13},{"not_picked":["Conserve Battery","Turbo"],"picked":"Self Repair","floor":14},{"not_picked":["Rainbow","Multi-Cast"],"picked":"Reboot","floor":16},{"not_picked":["Rebound","Cold Snap","Beam Cell"],"picked":"SKIP","floor":18},{"not_picked":["Go for the Eyes","Recycle","Compile Driver"],"picked":"SKIP","floor":19},{"not_picked":["Darkness","Beam Cell+1"],"picked":"Undo","floor":22},{"not_picked":["Rebound","Hologram","Coolheaded"],"picked":"SKIP","floor":24},{"not_picked":["Rip and Tear+1","Redo","Hologram"],"picked":"SKIP","floor":28},{"not_picked":["Stack","Steam"],"picked":"Coolheaded","floor":29},{"not_picked":["Beam Cell+1","Go for the Eyes","Stack"],"picked":"SKIP","floor":30},{"not_picked":["Rebound","Consume"],"picked":"Core Surge","floor":31},{"not_picked":["Seek","Thunder Strike"],"picked":"Buffer","floor":33},{"not_picked":["Gash","Hologram","Turbo+1"],"picked":"SKIP","floor":35},{"not_picked":["Sweeping Beam+1","Reinforced Body"],"picked":"Force Field+1","floor":37},{"not_picked":["Turbo+1","Rebound","Aggregate"],"picked":"SKIP","floor":39},{"not_picked":["Compile Driver","Gash+1"],"picked":"Leap+1","floor":40},{"not_picked":["Cold Snap+1","Conserve Battery+1"],"picked":"Coolheaded+1","floor":42},{"not_picked":["Double Energy+1","Force Field+1"],"picked":"Thunder Strike","floor":44},{"not_picked":["Beam Cell","Self Repair+1"],"picked":"Hologram+1","floor":46},{"not_picked":["Auto Shields+1","Blizzard+1"],"picked":"Biased Cognition","floor":47},{"not_picked":["Auto Shields+1","Darkness+1","Conserve Battery+1"],"picked":"SKIP","floor":48},{"not_picked":["Go for the Eyes","Force Field+1"],"picked":"Steam Power+1","floor":49},{"not_picked":["Barrage","Hello World+1","Self Repair"],"picked":"SKIP","floor":54}],"player_experience":5718517,"relics_obtained":[{"floor":6,"key":"Gambling Chip"},{"floor":9,"key":"PreservedInsect"},{"floor":12,"key":"Lantern"},{"floor":14,"key":"War Paint"},{"floor":24,"key":"Dream Catcher"},{"floor":26,"key":"Omamori"},{"floor":28,"key":"Thread and Needle"},{"floor":31,"key":"Orichalcum"},{"floor":34,"key":"Happy Flower"},{"floor":34,"key":"Sundial"},{"floor":34,"key":"Incense Burner"},{"floor":36,"key":"Pear"},{"floor":37,"key":"FossilizedHelix"},{"floor":40,"key":"Toxic Egg 2"},{"floor":43,"key":"Kunai"},{"floor":44,"key":"Anchor"},{"floor":47,"key":"Dodecahedron"},{"floor":54,"key":"Oddly Smooth Stone"}],"event_choices":[{"damage_healed":0,"gold_gain":0,"player_choice":"Lose Max HP","damage_taken":0,"relics_obtained":["Golden Idol"],"max_hp_gain":0,"max_hp_loss":6,"event_name":"Golden Idol","floor":10,"gold_loss":0},{"damage_healed":0,"gold_gain":0,"cards_transformed":["Strike_B","Strike_B"],"player_choice":"Became Test Subject","damage_taken":0,"max_hp_gain":0,"max_hp_loss":0,"event_name":"Drug Dealer","floor":20,"gold_loss":0,"cards_obtained":["Multi-Cast","Scrape"]},{"damage_healed":0,"gold_gain":100,"player_choice":"Pray","damage_taken":0,"max_hp_gain":0,"max_hp_loss":0,"event_name":"Golden Shrine","floor":25,"gold_loss":0},{"damage_healed":0,"gold_gain":0,"player_choice":"Fight","damage_taken":0,"max_hp_gain":0,"max_hp_loss":0,"event_name":"Mysterious Sphere","floor":37,"gold_loss":0},{"damage_healed":0,"gold_gain":0,"player_choice":"Max HP","damage_taken":0,"max_hp_gain":0,"max_hp_loss":4,"event_name":"Winding Halls","floor":38,"gold_loss":0}],"is_beta":true,"boss_relics":[{"not_picked":["Snecko Eye","Philosopher\u0027s Stone"],"picked":"Fusion Hammer"},{"not_picked":["Empty Cage","Astrolabe"],"picked":"Calling Bell"}],"items_purged_floors":[21,45,53],"is_endless":false,"potions_floor_spawned":[1,2,4,7,16,22,24,39,40,42,54],"ascension_level":1}