{"gold_per_floor":[111,186,461,475,650,650,675,731,824,868,880,920,949,304,304,406,406,426,525,35,35,35,60,76,76,76,76,104,122,17,51,51,150,150,170,180,12,1011,1011,1045,1060,1093,1093,418,430,430,464,478,478,478,478,478,37,72,72],"floor_reached":55,"playtime":2152,"items_purged":["Doubt","Regret","Defend_R"],"score":1123,"play_id":"aec0212e-bf2e-47d3-9da5-f302a1aba4ca","local_time":"20190428115919","is_ascension_mode":true,"campfire_choices":[{"data":"Perfected Strike","floor":6,"key":"SMITH"},{"floor":11,"key":"REST"},{"data":"Corruption","floor":15,"key":"SMITH"},{"data":"Perfected Strike","floor":25,"key":"SMITH"},{"data":"Bludgeon","floor":27,"key":"SMITH"},{"data":"Armaments","floor":32,"key":"SMITH"},{"floor":49,"key":"RECALL"},{"data":"Shockwave","floor":52,"key":"SMITH"}],"neow_cost":"NONE","seed_source_timestamp":4121179087291167,"circlet_count":0,"master_deck":["Strike_R","Strike_R","Strike_R","Strike_R","Strike_R","Defend_R","Defend_R","Defend_R","Bash","Perfected Strike+1","Perfected Strike+1","Immolate","Bludgeon+1","Shockwave+1","Twin Strike","Corruption+1","Immolate","Bludgeon","Thunderclap","Twin Strike","Sentinel","Good Instincts","Seeing Red","Double Tap","Battle Trance","Shrug It Off","Power Through","Twin Strike","Armaments+1","Pommel Strike","Immolate","Perfected Strike+1","Uppercut","Shrug It Off","Perfected Strike","Metallicize","Wild Strike+1","True Grit+1","Warcry+1","Shrug It Off","Master of Strategy"],"relics":["Burning Blood","NeowsBlessing","Vajra","MawBank","Pear","Gremlin Horn","Prayer Wheel","Medical Kit","Omamori","Coffee Dripper","Lee\u0027s Waffle","Lantern","Paper Frog","Singing Bowl","Darkstone Periapt","Busted Crown","Mercury Hourglass","Question Card","Ornamental Fan","Pen Nib","Bottled Tornado","OrangePellets","Bottled Flame"],"potions_floor_usage":[10,16,46,47,50,55,55,55,55,55,55],"damage_taken":[{"damage":0,"enemies":"Small Slimes","floor":1,"turns":1},{"damage":0,"enemies":"Cultist","floor":4,"turns":1},{"damage":0,"enemies":"Gremlin Nob","floor":7,"turns":1},{"damage":15,"enemies":"3 Sentries","floor":8,"turns":4},{"damage":39,"enemies":"Lagavulin","floor":10,"turns":6},{"damage":18,"enemies":"Gremlin Nob","floor":12,"turns":4},{"damage":11,"enemies":"Jaw Worm","floor":13,"turns":2},{"damage":0,"enemies":"Slime Boss","floor":16,"turns":4},{"damage":20,"enemies":"2 Thieves","floor":18,"turns":2},{"damage":24,"enemies":"Slavers","floor":23,"turns":3},{"damage":2,"enemies":"Shell Parasite","floor":24,"turns":2},{"damage":0,"enemies":"Gremlin Leader","floor":28,"turns":3},{"damage":0,"enemies":"Snake Plant","floor":29,"turns":1},{"damage":17,"enemies":"Book of Stabbing","floor":31,"turns":4},{"damage":65,"enemies":"Champ","floor":33,"turns":8},{"damage":0,"enemies":"3 Darklings","floor":35,"turns":2},{"damage":0,"enemies":"Orb Walker","floor":36,"turns":1},{"damage":65,"enemies":"Nemesis","floor":40,"turns":5},{"damage":0,"enemies":"3 Darklings","floor":41,"turns":2},{"damage":0,"enemies":"Giant Head","floor":42,"turns":4},{"damage":0,"enemies":"Sphere and 2 Shapes","floor":45,"turns":2},{"damage":23,"enemies":"Nemesis","floor":47,"turns":3},{"damage":0,"enemies":"4 Shapes","floor":48,"turns":2},{"damage":46,"enemies":"Awakened One","floor":50,"turns":8},{"damage":25,"enemies":"Shield and Spear","floor":54,"turns":3},{"damage":110,"enemies":"The Heart","floor":55,"turns":8}],"seed_played":"509806821610429699","potions_obtained":[{"floor":7,"key":"Ancient Potion"},{"floor":8,"key":"Fire Potion"},{"floor":13,"key":"EssenceOfSteel"},{"floor":16,"key":"Regen Potion"},{"floor":46,"key":"Fruit Juice"},{"floor":46,"key":"FearPotion"},{"floor":54,"key":"Ancient Potion"}],"is_trial":false,"path_per_floor":["M","?","?","M","?","R","E","?","T","E","R","E","M","$","R","B",null,"M","?","$","?","?","E","M","R","T","R","E","M","$","E","R","B",null,"M","M","$","?","?","E","M","E","T","$","M","?","E","M","R","B",null,"R","$","E","B"],"character_chosen":"IRONCLAD","items_purchased":["Corruption","Immolate","Medical Kit","Omamori","Regen Potion","Lee\u0027s Waffle","Sentinel","Good Instincts","Seeing Red","Twin Strike","Armaments","Uppercut","EntropicBrew","Ornamental Fan","Pen Nib","Shrug It Off","Perfected Strike","Metallicize","Shrug It Off","Weak Potion","OrangePellets","Master of Strategy"],"campfire_rested":1,"item_purchase_floors":[14,14,14,14,14,20,20,20,20,30,30,37,37,44,44,44,44,44,53,53,53,53],"current_hp_per_floor":[80,69,69,75,75,75,80,71,81,48,75,63,58,58,58,64,90,76,76,97,97,97,79,83,83,83,83,91,99,99,88,88,29,101,105,107,107,107,107,50,60,68,68,68,76,81,64,72,72,46,124,124,124,107,0],"gold":72,"neow_bonus":"THREE_ENEMY_KILL","is_prod":false,"is_daily":false,"chose_seed":false,"campfire_upgraded":6,"win_rate":0,"timestamp":1556467159,"path_taken":["M","?","?","?","?","R","E","?","T","E","R","E","M","$","R","BOSS","M","?","$","?","?","E","M","R","T","R","E","?","$","E","R","BOSS","M","M","$","?","?","E","M","E","T","$","M","?","E","M","R","BOSS","R","$","E","BOSS"],"build_version":"2019-04-23","purchased_purges":3,"victory":false,"max_hp_per_floor":[80,80,80,80,80,80,80,80,90,90,90,90,90,90,90,90,90,90,90,97,97,97,97,97,97,97,97,99,101,101,101,101,101,101,105,107,107,107,107,109,113,115,115,115,117,122,122,124,124,124,124,124,124,126,126],"card_choices":[{"not_picked":["Power Through","Spot Weakness"],"picked":"Perfected Strike","floor":1},{"not_picked":["Twin Strike","Havoc"],"picked":"Perfected Strike","floor":4},{"not_picked":["Pommel Strike","Clash"],"picked":"Immolate","floor":7},{"not_picked":["Clash","Combust"],"picked":"Bludgeon","floor":10},{"not_picked":["Cleave","Power Through"],"picked":"Shockwave","floor":12},{"not_picked":["Clothesline","True Grit"],"picked":"Twin Strike","floor":13},{"not_picked":["Heavy Blade","Rampage","Dual Wield"],"picked":"SKIP","floor":13},{"not_picked":["Exhume","Immolate"],"picked":"Bludgeon","floor":16},{"not_picked":["Heavy Blade","Clash"],"picked":"Thunderclap","floor":18},{"not_picked":["Anger","Headbutt"],"picked":"Twin Strike","floor":18},{"not_picked":["Second Wind","Combust"],"picked":"Double Tap","floor":23},{"not_picked":["Sword Boomerang+1","Iron Wave"],"picked":"Battle Trance","floor":24},{"not_picked":["Inflame","Corruption"],"picked":"Shrug It Off","floor":24},{"not_picked":["Flex+1","Shockwave+1","Cleave"],"picked":"Singing Bowl","floor":28},{"not_picked":["Warcry","Iron Wave+1"],"picked":"Power Through","floor":29},{"not_picked":["Iron Wave","Inflame","Havoc"],"picked":"Singing Bowl","floor":29},{"not_picked":["Feed","Burning Pact"],"picked":"Pommel Strike","floor":31},{"not_picked":["Feed","Demon Form"],"picked":"Immolate","floor":33},{"not_picked":["Burning Pact+1"],"picked":"Singing Bowl","floor":35},{"not_picked":["Reckless Charge+1"],"picked":"Singing Bowl","floor":35},{"not_picked":[],"picked":"Perfected Strike+1","floor":36},{"not_picked":["Iron Wave"],"picked":"Singing Bowl","floor":36},{"not_picked":["Fire Breathing"],"picked":"Singing Bowl","floor":40},{"not_picked":["Clothesline+1"],"picked":"Singing Bowl","floor":41},{"not_picked":["Havoc+1"],"picked":"Singing Bowl","floor":41},{"not_picked":["Thunderclap"],"picked":"Singing Bowl","floor":42},{"not_picked":["Whirlwind+1","Rampage+1"],"picked":"Singing Bowl","floor":45},{"not_picked":["Armaments"],"picked":"Wild Strike+1","floor":45},{"not_picked":["Burning Pact+1"],"picked":"True Grit+1","floor":47},{"not_picked":["Body Slam","Heavy Blade"],"picked":"Singing Bowl","floor":48},{"not_picked":["Iron Wave+1"],"picked":"Warcry+1","floor":48},{"not_picked":["Body Slam","Berserk"],"picked":"Singing Bowl","floor":54}],"player_experience":5531736,"relics_obtained":[{"floor":7,"key":"Vajra"},{"floor":8,"key":"MawBank"},{"floor":9,"key":"Pear"},{"floor":10,"key":"Gremlin Horn"},{"floor":12,"key":"Prayer Wheel"},{"floor":23,"key":"Lantern"},{"floor":26,"key":"Paper Frog"},{"floor":28,"key":"Singing Bowl"},{"floor":31,"key":"Darkstone Periapt"},{"floor":40,"key":"Mercury Hourglass"},{"floor":42,"key":"Question Card"},{"floor":47,"key":"Bottled Tornado"},{"floor":54,"key":"Bottled Flame"}],"event_choices":[{"damage_healed":0,"gold_gain":75,"player_choice":"Gather Gold","damage_taken":11,"max_hp_gain":0,"max_hp_loss":0,"event_name":"World of Goop","floor":2,"gold_loss":0},{"damage_healed":0,"gold_gain":275,"player_choice":"Desecrate","damage_taken":0,"max_hp_gain":0,"max_hp_loss":0,"event_name":"Golden Shrine","floor":3,"gold_loss":0,"cards_obtained":["Regret"]},{"damage_healed":0,"gold_gain":175,"player_choice":"AGREE","damage_taken":0,"max_hp_gain":0,"max_hp_loss":0,"event_name":"Liars Game","floor":5,"gold_loss":0,"cards_obtained":["Doubt"]},{"damage_healed":0,"gold_gain":0,"player_choice":"Searched \u00272\u0027 times","damage_taken":0,"max_hp_gain":0,"max_hp_loss":0,"event_name":"Dead Adventurer","floor":8,"gold_loss":0},{"damage_healed":0,"gold_gain":99,"player_choice":"Stole From Cult","damage_taken":0,"max_hp_gain":0,"max_hp_loss":0,"event_name":"Nest","floor":19,"gold_loss":0},{"damage_healed":0,"gold_gain":0,"player_choice":"Ignored","damage_taken":0,"max_hp_gain":0,"max_hp_loss":0,"event_name":"Vampires","floor":21,"gold_loss":0},{"damage_healed":0,"gold_gain":0,"player_choice":"Full Heal","damage_taken":0,"max_hp_gain":0,"max_hp_loss":0,"event_name":"Wheel of Change","floor":22,"gold_loss":0},{"damage_healed":0,"gold_gain":999,"player_choice":"Gold","damage_taken":0,"max_hp_gain":0,"max_hp_loss":0,"event_name":"MindBloom","floor":38,"gold_loss":0,"cards_obtained":["Normality","Normality"]},{"damage_healed":0,"gold_gain":0,"player_choice":"Ignored","damage_taken":0,"max_hp_gain":0,"max_hp_loss":0,"event_name":"Tomb of Lord Red Mask","floor":39,"gold_loss":0},{"damage_healed":0,"gold_gain":0,"player_choice":"Got Potions","damage_taken":0,"max_hp_gain":0,"max_hp_loss":0,"event_name":"Lab","floor":46,"gold_loss":0}],"is_beta":true,"boss_relics":[{"not_picked":["Black Star","Runic Pyramid"],"picked":"Coffee Dripper"},{"not_picked":["Calling Bell","Eternal Feather"],"picked":"Busted Crown"}],"items_purged_floors":[14,20,44],"is_endless":false,"potions_floor_spawned":[7,8,13,16,24,29,33,36,40,41,45,54],"killed_by":"The Heart","ascension_level":1}