{"gold_per_floor":[15,15,29,43,143,143,159,188,188,205,205,224,256,272,272,372,372,385,25,124,124,124,151,165,197,250,250,250,250,279,293,293,391,391,401,152,152,27,27,27,54,73,73,173,184,196,196,211,211,211,211,211,3,33,33],"floor_reached":55,"playtime":2781,"items_purged":["Strike_B","Defend_B","Defend_B"],"score":840,"play_id":"e032b9c4-1f62-49b1-96cd-f642da8a7c52","local_time":"20190226204050","is_ascension_mode":false,"campfire_choices":[{"data":"Sunder","floor":6,"key":"SMITH"},{"data":"Loop","floor":15,"key":"SMITH"},{"data":"1","floor":27,"key":"LIFT"},{"data":"2","floor":29,"key":"LIFT"},{"data":"3","floor":32,"key":"LIFT"},{"data":"Doom and Gloom","floor":40,"key":"SMITH"},{"floor":47,"key":"RECALL"},{"data":"Zap","floor":49,"key":"SMITH"},{"data":"Barrage","floor":52,"key":"SMITH"}],"neow_cost":"NO_GOLD","seed_source_timestamp":789249325104803,"circlet_count":0,"master_deck":["Defend_B","Defend_B","Zap+1","Dualcast","Loop+1","Sunder+1","Cold Snap","Steam","Doom and Gloom+1","Chill+1","Consume+1","Cold Snap+1","Fission+1","Meteor Strike","Coolheaded+1","Madness+1","Genetic Algorithm+1","Redo+1","Creative AI","Bite","Bite","Bite+1","Bite","Bite","Electrodynamics","Multi-Cast+1","Compile Driver+1","Capacitor+1","Barrage+1","Compile Driver+1","Undo+1","Leap+1"],"relics":["Cracked Core","Mango","Toxic Egg 2","Girya","Thread and Needle","Juzu Bracelet","Nuclear Battery","Sling","Vajra","Strawberry","Omamori","Turnip","Inserter","Whetstone","Ice Cream","Torii","Runic Capacitor","Bottled Lightning"],"potions_floor_usage":[10,16,23,25,33,55,55,55],"damage_taken":[{"damage":3,"enemies":"Small Slimes","floor":1,"turns":4},{"damage":1,"enemies":"Jaw Worm","floor":3,"turns":4},{"damage":0,"enemies":"Cultist","floor":4,"turns":3},{"damage":4,"enemies":"Exordium Wildlife","floor":7,"turns":2},{"damage":13,"enemies":"Gremlin Nob","floor":8,"turns":4},{"damage":3,"enemies":"Looter","floor":10,"turns":3},{"damage":1,"enemies":"Blue Slaver","floor":12,"turns":3},{"damage":0,"enemies":"Lagavulin","floor":13,"turns":6},{"damage":0,"enemies":"Large Slime","floor":14,"turns":7},{"damage":8,"enemies":"Hexaghost","floor":16,"turns":6},{"damage":4,"enemies":"2 Thieves","floor":18,"turns":3},{"damage":28,"enemies":"Gremlin Leader","floor":23,"turns":11},{"damage":0,"enemies":"3 Byrds","floor":24,"turns":4},{"damage":0,"enemies":"Book of Stabbing","floor":25,"turns":5},{"damage":4,"enemies":"Gremlin Leader","floor":30,"turns":6},{"damage":1,"enemies":"3 Cultists","floor":31,"turns":6},{"damage":62,"enemies":"Automaton","floor":33,"turns":11},{"damage":9,"enemies":"Orb Walker","floor":35,"turns":3},{"damage":8,"enemies":"Reptomancer","floor":41,"turns":5},{"damage":9,"enemies":"3 Darklings","floor":42,"turns":5},{"damage":0,"enemies":"Mind Bloom Boss Battle","floor":44,"turns":3},{"damage":0,"enemies":"Jaw Worm Horde","floor":45,"turns":3},{"damage":8,"enemies":"Spire Growth","floor":46,"turns":4},{"damage":10,"enemies":"Maw","floor":48,"turns":6},{"damage":9,"enemies":"Awakened One","floor":50,"turns":11},{"damage":32,"enemies":"Shield and Spear","floor":54,"turns":6},{"damage":52,"enemies":"The Heart","floor":55,"turns":3}],"seed_played":"686037691725015920","potions_obtained":[{"floor":3,"key":"SkillPotion"},{"floor":4,"key":"GamblersBrew"},{"floor":12,"key":"SpeedPotion"},{"floor":13,"key":"SpeedPotion"},{"floor":23,"key":"Dexterity Potion"},{"floor":24,"key":"Block Potion"},{"floor":25,"key":"PowerPotion"},{"floor":31,"key":"Strength Potion"},{"floor":35,"key":"LiquidBronze"},{"floor":44,"key":"FearPotion"},{"floor":54,"key":"LiquidBronze"}],"is_trial":false,"path_per_floor":["M","?","M","M","?","R","M","E","T","M","?","M","E","M","R","B",null,"M","$","?","?","?","E","M","E","T","R","?","R","E","M","R","B",null,"M","$","?","$","?","R","E","M","T","?","M","M","R","M","R","B",null,"R","$","E","B"],"character_chosen":"DEFECT","items_purchased":["Madness+1","Sling","Whetstone","Runic Capacitor"],"campfire_rested":0,"item_purchase_floors":[19,19,36,53],"current_hp_per_floor":[86,86,85,85,85,85,81,68,68,65,65,64,64,64,64,56,89,85,85,85,85,85,57,57,64,64,64,64,64,65,67,67,16,67,58,58,58,58,67,67,67,62,62,67,67,62,62,58,58,67,67,67,67,44,0],"gold":33,"neow_bonus":"ONE_RARE_RELIC","is_prod":false,"is_daily":false,"chose_seed":false,"campfire_upgraded":5,"win_rate":0,"timestamp":1551213650,"path_taken":["M","?","M","M","?","R","?","E","T","M","?","M","E","M","R","BOSS","M","$","?","?","?","E","M","E","T","R","?","R","E","M","R","BOSS","M","$","?","$","?","R","E","M","T","?","M","M","R","M","R","BOSS","R","$","E","BOSS"],"build_version":"2019-02-06","purchased_purges":3,"victory":false,"max_hp_per_floor":[89,89,89,89,89,89,89,89,89,89,89,89,89,89,89,89,89,89,89,89,89,89,89,89,96,96,96,67,67,67,67,67,67,67,67,67,67,67,67,67,67,67,67,67,67,67,67,67,67,67,67,67,67,67,67],"card_choices":[{"not_picked":["Turbo","Double Energy"],"picked":"Loop","floor":1},{"not_picked":["Coolheaded","Hologram"],"picked":"Sunder","floor":3},{"not_picked":["Compile Driver","Rip and Tear"],"picked":"Cold Snap","floor":4},{"not_picked":["Gash","Double Energy"],"picked":"Steam","floor":7},{"not_picked":["Barrage","White Noise"],"picked":"Doom and Gloom","floor":8},{"not_picked":["Turbo+1","Loop"],"picked":"Chill+1","floor":10},{"not_picked":["Ball Lightning","Conserve Battery+1"],"picked":"Consume+1","floor":12},{"not_picked":["Rebound","Blizzard"],"picked":"Cold Snap","floor":13},{"not_picked":["Fusion+1","Compile Driver"],"picked":"Fission+1","floor":14},{"not_picked":["Rainbow+1","Fission+1"],"picked":"Meteor Strike","floor":16},{"not_picked":["Blizzard","Streamline+1"],"picked":"Coolheaded+1","floor":18},{"not_picked":["Steam+1","Hello World+1","Coolheaded+1"],"picked":"SKIP","floor":23},{"not_picked":["Barrage","Compile Driver"],"picked":"Redo+1","floor":24},{"not_picked":["Coolheaded+1","Leap+1"],"picked":"Creative AI","floor":25},{"not_picked":["Redo+1","Storm","Barrage"],"picked":"SKIP","floor":30},{"not_picked":["Go for the Eyes","Darkness+1"],"picked":"Electrodynamics","floor":31},{"not_picked":["Hyperbeam","Meteor Strike"],"picked":"Multi-Cast+1","floor":33},{"not_picked":["Turbo+1","Hologram+1"],"picked":"Compile Driver+1","floor":35},{"not_picked":["Melter+1","Cold Snap","Rainbow+1"],"picked":"SKIP","floor":41},{"not_picked":["Leap+1","Conserve Battery+1","Go for the Eyes+1"],"picked":"SKIP","floor":42},{"not_picked":["Barrage+1","Hologram+1"],"picked":"Capacitor+1","floor":44},{"not_picked":["Conserve Battery+1","Chill+1"],"picked":"Barrage","floor":45},{"not_picked":["Reinforced Body+1","Cold Snap"],"picked":"Compile Driver+1","floor":46},{"not_picked":["Aggregate+1","Genetic Algorithm+1"],"picked":"Undo+1","floor":48},{"not_picked":["Creative AI","Chill+1"],"picked":"Leap+1","floor":54}],"player_experience":964478,"relics_obtained":[{"floor":8,"key":"Toxic Egg 2"},{"floor":9,"key":"Girya"},{"floor":13,"key":"Juzu Bracelet"},{"floor":23,"key":"Vajra"},{"floor":25,"key":"Strawberry"},{"floor":26,"key":"Omamori"},{"floor":30,"key":"Turnip"},{"floor":41,"key":"Ice Cream"},{"floor":44,"key":"Torii"},{"floor":54,"key":"Bottled Lightning"}],"event_choices":[{"damage_healed":0,"gold_gain":0,"player_choice":"Ignored","damage_taken":0,"max_hp_gain":0,"max_hp_loss":0,"event_name":"Liars Game","floor":2,"gold_loss":0},{"damage_healed":0,"gold_gain":100,"player_choice":"Pray","damage_taken":0,"max_hp_gain":0,"max_hp_loss":0,"event_name":"Golden Shrine","floor":5,"gold_loss":0},{"damage_healed":0,"gold_gain":0,"player_choice":"Searched \u00272\u0027 times","damage_taken":0,"relics_obtained":["Thread and Needle"],"max_hp_gain":0,"max_hp_loss":0,"event_name":"Dead Adventurer","floor":11,"gold_loss":0},{"damage_healed":0,"gold_gain":99,"player_choice":"Stole From Cult","damage_taken":0,"max_hp_gain":0,"max_hp_loss":0,"event_name":"Nest","floor":20,"gold_loss":0},{"damage_healed":0,"gold_gain":0,"player_choice":"Ignored","damage_taken":0,"max_hp_gain":0,"max_hp_loss":0,"event_name":"The Mausoleum","floor":21,"gold_loss":0},{"damage_healed":0,"gold_gain":0,"player_choice":"Read","damage_taken":0,"max_hp_gain":0,"max_hp_loss":0,"event_name":"The Library","floor":22,"gold_loss":0,"cards_obtained":["Genetic Algorithm"]},{"damage_healed":0,"gold_gain":0,"player_choice":"Became a vampire","damage_taken":0,"max_hp_gain":0,"max_hp_loss":29,"event_name":"Vampires","floor":28,"gold_loss":0,"cards_obtained":["Bite","Bite","Bite","Bite","Bite"]},{"damage_healed":0,"gold_gain":0,"player_choice":"Ignored","damage_taken":0,"max_hp_gain":0,"max_hp_loss":0,"event_name":"Tomb of Lord Red Mask","floor":37,"gold_loss":0},{"damage_healed":17,"gold_gain":0,"player_choice":"Writhe","damage_taken":0,"max_hp_gain":0,"max_hp_loss":0,"event_name":"Winding Halls","floor":39,"gold_loss":0,"cards_obtained":["Writhe"]},{"damage_healed":0,"gold_gain":0,"player_choice":"Fight","damage_taken":0,"max_hp_gain":0,"max_hp_loss":0,"event_name":"MindBloom","floor":44,"gold_loss":0}],"is_beta":true,"boss_relics":[{"not_picked":["Runic Pyramid","Black Star"],"picked":"Nuclear Battery"},{"not_picked":["Empty Cage","Cursed Key"],"picked":"Inserter"}],"items_purged_floors":[19,36,38],"is_endless":false,"potions_floor_spawned":[3,4,12,13,14,23,24,25,31,35,44,45,46,54],"killed_by":"The Heart","ascension_level":0}