{"gold_per_floor":[114,114,129,48,60,88,88,88,88,104,104,134,194,194,194,294,294,306,306,194,76,89,89,89,123,175,188,188],"floor_reached":28,"playtime":1342,"items_purged":[],"score":342,"play_id":"40e27448-f960-4732-833a-595ec20158f2","local_time":"20190219232929","is_ascension_mode":true,"campfire_choices":[{"data":"Havoc","floor":11,"key":"SMITH"},{"floor":15,"key":"REST"},{"data":"Havoc","floor":23,"key":"SMITH"}],"neow_cost":"NONE","seed_source_timestamp":466734812761615,"circlet_count":0,"master_deck":["Strike_R+1","Strike_R","Strike_R+1","Defend_R","Defend_R","Defend_R","Defend_R","Bash","Havoc+1","Cleave","Feel No Pain+1","Battle Trance","True Grit","Infernal Blade","Offering","Warcry","Barricade","Shrug It Off","Spot Weakness","Inflame","Spot Weakness","Havoc+1","Exhume","Armaments+1"],"relics":["Burning Blood","NeowsBlessing","Dead Branch","Pantograph","Dodecahedron","Letter Opener","Sozu","Whetstone"],"potions_floor_usage":[6,25,25],"damage_taken":[{"damage":0,"enemies":"2 Louse","floor":1,"turns":1},{"damage":0,"enemies":"Cultist","floor":3,"turns":1},{"damage":0,"enemies":"Small Slimes","floor":5,"turns":1},{"damage":48,"enemies":"Lagavulin","floor":6,"turns":8},{"damage":2,"enemies":"2 Fungi Beasts","floor":10,"turns":3},{"damage":18,"enemies":"3 Sentries","floor":12,"turns":6},{"damage":14,"enemies":"3 Sentries","floor":13,"turns":7},{"damage":54,"enemies":"The Guardian","floor":16,"turns":12},{"damage":15,"enemies":"Spheric Guardian","floor":18,"turns":4},{"damage":6,"enemies":"3 Byrds","floor":22,"turns":4},{"damage":27,"enemies":"Slavers","floor":25,"turns":4},{"damage":29,"enemies":"Snake Plant","floor":27,"turns":4},{"damage":32,"enemies":"Book of Stabbing","floor":28,"turns":3}],"seed_played":"1499514888627200967","potions_obtained":[{"floor":1,"key":"Strength Potion"},{"floor":3,"key":"EssenceOfSteel"},{"floor":16,"key":"SpeedPotion"}],"is_trial":false,"path_per_floor":["M","?","M","$","M","E","$","?","T","M","R","E","?","?","R","B",null,"M","?","$","$","M","R","?","E","T","M","E"],"character_chosen":"IRONCLAD","items_purchased":["Feel No Pain","Spot Weakness","Inflame","Spot Weakness","Havoc"],"campfire_rested":1,"item_purchase_floors":[4,20,20,21,21],"current_hp_per_floor":[78,78,80,80,80,38,38,64,64,68,68,56,48,48,72,32,68,59,59,59,59,59,59,59,38,38,15,0],"gold":188,"neow_bonus":"THREE_ENEMY_KILL","is_prod":false,"is_daily":false,"chose_seed":false,"campfire_upgraded":2,"win_rate":0,"timestamp":1550629769,"path_taken":["M","?","?","$","M","E","$","?","T","M","R","E","?","?","R","BOSS","M","?","?","$","M","R","?","E","T","M","E"],"build_version":"2019-01-23","purchased_purges":0,"victory":false,"max_hp_per_floor":[80,80,80,80,80,80,80,80,80,80,80,80,80,80,80,80,80,80,80,80,80,80,80,80,80,80,80,80],"card_choices":[{"not_picked":["Twin Strike","Dropkick"],"picked":"Havoc","floor":1},{"not_picked":["Twin Strike","Heavy Blade"],"picked":"Cleave","floor":3},{"not_picked":["Rampage","Heavy Blade"],"picked":"Battle Trance","floor":5},{"not_picked":["Searing Blow","Body Slam"],"picked":"True Grit","floor":6},{"not_picked":["Twin Strike","Pommel Strike"],"picked":"Infernal Blade","floor":10},{"not_picked":["Sword Boomerang","Cleave"],"picked":"Offering","floor":12},{"not_picked":["Clash","Wild Strike"],"picked":"Warcry","floor":13},{"not_picked":["Impervious","Reaper"],"picked":"Barricade","floor":16},{"not_picked":["Battle Trance+1","Heavy Blade"],"picked":"Shrug It Off","floor":18},{"not_picked":["Clash","Uppercut","Twin Strike+1"],"picked":"SKIP","floor":22},{"not_picked":["Sentinel","Headbutt"],"picked":"Exhume","floor":25},{"not_picked":["Shrug It Off","True Grit"],"picked":"Armaments+1","floor":27}],"player_experience":811299,"relics_obtained":[{"floor":6,"key":"Dead Branch"},{"floor":9,"key":"Pantograph"},{"floor":12,"key":"Dodecahedron"},{"floor":13,"key":"Letter Opener"},{"floor":25,"key":"Whetstone"}],"event_choices":[{"cards_removed":["Strike_R"],"damage_healed":0,"gold_gain":0,"player_choice":"Card Removal","damage_taken":0,"max_hp_gain":0,"max_hp_loss":0,"event_name":"Wheel of Change","floor":2,"gold_loss":0},{"damage_healed":26,"gold_gain":0,"player_choice":"Banana","damage_taken":0,"max_hp_gain":0,"max_hp_loss":0,"event_name":"Big Fish","floor":8,"gold_loss":0},{"damage_healed":0,"gold_gain":30,"player_choice":"Searched \u00272\u0027 times","damage_taken":0,"max_hp_gain":0,"max_hp_loss":0,"event_name":"Dead Adventurer","floor":13,"gold_loss":0},{"damage_healed":0,"gold_gain":0,"player_choice":"Grow","damage_taken":0,"max_hp_gain":0,"max_hp_loss":0,"event_name":"Living Wall","floor":14,"gold_loss":0,"cards_upgraded":["Feel No Pain"]},{"cards_removed":["Strike_R"],"damage_healed":0,"gold_gain":0,"player_choice":"Purged","damage_taken":0,"max_hp_gain":0,"max_hp_loss":0,"event_name":"Purifier","floor":19,"gold_loss":0},{"damage_healed":0,"gold_gain":0,"player_choice":"Ignored","damage_taken":0,"max_hp_gain":0,"max_hp_loss":0,"event_name":"Vampires","floor":24,"gold_loss":0}],"is_beta":false,"boss_relics":[{"not_picked":["Runic Dome","Empty Cage"],"picked":"Sozu"}],"items_purged_floors":[],"is_endless":false,"potions_floor_spawned":[1,3,16,27],"killed_by":"Book of Stabbing","ascension_level":8}