{"gold_per_floor":[119,137,137,137,6,31,31,59,59,59,72,106,137,150,150,274,274,288,311,21,35,59,94,94,133,133,58,96,134,147,178,178,308,308,328,343,676,200,200,228,79,108,162,188,198,214,214,214,214,214,214,214,45,72,72],"floor_reached":56,"playtime":4289,"items_purged":["Pain"],"score":1825,"play_id":"927db2db-d986-43d5-8753-a5ed51504f01","local_time":"20190306154212","is_ascension_mode":true,"campfire_choices":[{"data":"Deadly Poison","floor":7,"key":"SMITH"},{"data":"Deadly Poison","floor":15,"key":"SMITH"},{"floor":24,"key":"DIG"},{"floor":32,"key":"DIG"},{"floor":47,"key":"RECALL"},{"floor":49,"key":"DIG"},{"floor":52,"key":"DIG"}],"neow_cost":"NONE","seed_source_timestamp":430279093938213,"circlet_count":0,"master_deck":["Defend_G","Defend_G","Defend_G","Defend_G","Defend_G","Strike_G","Strike_G","Strike_G","Strike_G","Strike_G","Survivor","Neutralize+1","Deflect+1","PiercingWail","Footwork","Deadly Poison+1","Deflect","Cloak And Dagger","Flying Knee","Backflip","Dagger Throw","Deadly Poison+1","Corpse Explosion","Footwork+1","Escape Plan","Infinite Blades","PiercingWail","Backflip","Dagger Spray","Blur+1","Adrenaline","Crippling Poison+1","Infinite Blades","Infinite Blades+1","Prepared+1","Burst","Backflip+1","Cloak And Dagger+1","Accuracy","Bandage Up","Madness","Discovery","PiercingWail","Infinite Blades","Parasite","Finesse","Well Laid Plans+1"],"relics":["Ring of the Snake","NeowsBlessing","Shovel","Dead Branch","Bottled Flame","Girya","Art of War","Odd Mushroom","Cursed Key","Blood Vial","Bronze Scales","Letter Opener","Centennial Puzzle","Mercury Hourglass","Red Mask","Bottled Lightning","Darkstone Periapt","Snake Skull","Runic Dome","Ornamental Fan","ClockworkSouvenir","Dream Catcher","Bag of Preparation","Torii","Happy Flower","Shuriken","Pantograph","War Paint"],"potions_floor_usage":[12,13,23,25,33,40,55,55,55],"damage_taken":[{"damage":0,"enemies":"Jaw Worm","floor":1,"turns":1},{"damage":0,"enemies":"2 Louse","floor":2,"turns":1},{"damage":0,"enemies":"Gremlin Nob","floor":6,"turns":1},{"damage":10,"enemies":"3 Sentries","floor":8,"turns":9},{"damage":0,"enemies":"Small Slimes","floor":11,"turns":4},{"damage":5,"enemies":"Lagavulin","floor":12,"turns":6},{"damage":0,"enemies":"The Mushroom Lair","floor":13,"turns":5},{"damage":0,"enemies":"3 Louse","floor":14,"turns":2},{"damage":0,"enemies":"The Guardian","floor":16,"turns":9},{"damage":0,"enemies":"Shell Parasite","floor":18,"turns":4},{"damage":2,"enemies":"3 Byrds","floor":19,"turns":5},{"damage":2,"enemies":"Centurion and Healer","floor":21,"turns":7},{"damage":0,"enemies":"Snake Plant","floor":22,"turns":3},{"damage":1,"enemies":"Slavers","floor":23,"turns":4},{"damage":0,"enemies":"Gremlin Leader","floor":25,"turns":7},{"damage":0,"enemies":"Masked Bandits","floor":28,"turns":4},{"damage":2,"enemies":"Book of Stabbing","floor":29,"turns":5},{"damage":1,"enemies":"Cultist and Chosen","floor":30,"turns":4},{"damage":0,"enemies":"Slavers","floor":31,"turns":2},{"damage":0,"enemies":"Collector","floor":33,"turns":8},{"damage":0,"enemies":"Orb Walker","floor":35,"turns":3},{"damage":0,"enemies":"3 Darklings","floor":36,"turns":4},{"damage":0,"enemies":"Nemesis","floor":40,"turns":7},{"damage":0,"enemies":"Reptomancer","floor":42,"turns":4},{"damage":0,"enemies":"Giant Head","floor":44,"turns":7},{"damage":0,"enemies":"Jaw Worm Horde","floor":45,"turns":3},{"damage":7,"enemies":"Writhing Mass","floor":46,"turns":6},{"damage":6,"enemies":"Awakened One","floor":50,"turns":9},{"damage":1,"enemies":"Shield and Spear","floor":54,"turns":5},{"damage":3,"enemies":"The Heart","floor":55,"turns":7}],"seed_played":"1722731621956144980","potions_obtained":[{"floor":2,"key":"Poison Potion"},{"floor":8,"key":"Swift Potion"},{"floor":11,"key":"GhostInAJar"},{"floor":13,"key":"PowerPotion"},{"floor":14,"key":"Poison Potion"},{"floor":18,"key":"Fire Potion"},{"floor":23,"key":"Ancient Potion"},{"floor":25,"key":"Swift Potion"},{"floor":36,"key":"PowerPotion"},{"floor":40,"key":"Fruit Juice"},{"floor":42,"key":"Ancient Potion"}],"is_trial":false,"path_per_floor":["M","M","?","?","$","E","R","E","T","?","M","E","?","M","R","B",null,"M","M","$","M","M","E","R","E","T","?","?","E","M","E","R","B",null,"M","M","?","$","?","E","$","E","T","E","M","M","R","?","R","B",null,"R","$","E","B",null],"character_chosen":"THE_SILENT","items_purchased":["Footwork","Deadly Poison","Infinite Blades","Blood Vial","PiercingWail","Backflip","Ornamental Fan","Accuracy","ClockworkSouvenir","Bag of Preparation","Finesse"],"campfire_rested":0,"item_purchase_floors":[5,5,20,20,20,20,38,38,38,41,53],"current_hp_per_floor":[70,70,70,52,52,52,52,42,42,42,42,37,37,37,37,37,65,65,63,63,63,65,64,64,65,65,65,65,63,64,65,65,65,65,65,65,65,65,55,66,66,70,76,76,76,79,79,79,79,79,82,82,82,82,79],"gold":72,"neow_bonus":"THREE_ENEMY_KILL","is_prod":false,"is_daily":false,"chose_seed":false,"campfire_upgraded":2,"win_rate":0,"timestamp":1551904932,"path_taken":["M","M","?","?","$","E","R","E","T","?","M","E","?","M","R","BOSS","M","M","$","M","M","E","R","E","T","?","?","E","M","E","R","BOSS","M","M","?","$","?","E","$","E","T","E","M","M","R","?","R","BOSS","R","$","E","BOSS"],"build_version":"2019-02-06","purchased_purges":1,"victory":true,"max_hp_per_floor":[70,70,70,70,70,70,70,70,70,65,65,65,65,65,65,65,65,65,65,65,65,65,65,65,65,65,65,65,65,65,65,65,65,65,65,65,65,65,65,70,70,70,76,76,76,82,82,82,82,82,82,82,82,82,82],"card_choices":[{"not_picked":["Outmaneuver","Dodge and Roll"],"picked":"Deflect","floor":1},{"not_picked":["Reflex","Sucker Punch"],"picked":"PiercingWail","floor":2},{"not_picked":["Skewer","Riddle With Holes"],"picked":"Deflect","floor":6},{"not_picked":["Bane","Setup"],"picked":"Cloak And Dagger","floor":8},{"not_picked":["Expertise","Backflip"],"picked":"Flying Knee","floor":11},{"not_picked":["Wraith Form v2","Bane"],"picked":"Backflip","floor":12},{"not_picked":["Skewer","Backflip"],"picked":"Dagger Throw","floor":13},{"not_picked":["Flying Knee","Skewer"],"picked":"Deadly Poison","floor":14},{"not_picked":["Wraith Form v2","Grand Finale"],"picked":"Corpse Explosion","floor":16},{"not_picked":["Terror","Dash"],"picked":"Footwork","floor":18},{"not_picked":["Flying Knee","Slice"],"picked":"Escape Plan","floor":19},{"not_picked":["Prepared","Flechettes"],"picked":"Dagger Spray","floor":21},{"not_picked":["Tactician","Masterful Stab+1"],"picked":"Blur+1","floor":22},{"not_picked":["Riddle With Holes+1","Prepared+1"],"picked":"Adrenaline","floor":23},{"not_picked":["Deflect","Flying Knee","Prepared"],"picked":"SKIP","floor":25},{"not_picked":["Concentrate","Blade Dance"],"picked":"Crippling Poison","floor":28},{"not_picked":["Sucker Punch","Setup"],"picked":"Infinite Blades","floor":29},{"not_picked":["Finisher","Expertise+1"],"picked":"Infinite Blades+1","floor":30},{"not_picked":["Flechettes+1","Phantasmal Killer"],"picked":"Prepared+1","floor":31},{"not_picked":["Unload","Die Die Die"],"picked":"Burst","floor":33},{"not_picked":["Quick Slash+1","Dodge and Roll+1"],"picked":"Backflip+1","floor":35},{"not_picked":["Riddle With Holes+1","Deflect+1"],"picked":"Cloak And Dagger+1","floor":36},{"not_picked":["Magnetism","Purity"],"picked":"Bandage Up","floor":39},{"not_picked":["Magnetism","Sadistic Nature"],"picked":"Madness","floor":39},{"not_picked":["Purity","Magnetism"],"picked":"Discovery","floor":39},{"not_picked":["Skewer","Flechettes+1"],"picked":"PiercingWail","floor":40},{"not_picked":["Acrobatics+1","Underhanded Strike+1"],"picked":"Infinite Blades","floor":42},{"not_picked":["Flying Knee","Slice","Crippling Poison+1"],"picked":"SKIP","floor":44},{"not_picked":["Expertise+1","PiercingWail+1","Slice+1"],"picked":"SKIP","floor":45},{"not_picked":["Dagger Spray+1","Bane+1","Bouncing Flask"],"picked":"SKIP","floor":46},{"not_picked":["Distraction+1","Prepared+1"],"picked":"Well Laid Plans+1","floor":54}],"player_experience":4825703,"relics_obtained":[{"floor":6,"key":"Dead Branch"},{"floor":8,"key":"Bottled Flame"},{"floor":9,"key":"Girya"},{"floor":12,"key":"Art of War"},{"floor":13,"key":"Odd Mushroom"},{"floor":23,"key":"Bronze Scales"},{"floor":24,"key":"Letter Opener"},{"floor":25,"key":"Centennial Puzzle"},{"floor":26,"key":"Mercury Hourglass"},{"floor":28,"key":"Red Mask"},{"floor":29,"key":"Bottled Lightning"},{"floor":31,"key":"Darkstone Periapt"},{"floor":32,"key":"Snake Skull"},{"floor":40,"key":"Dream Catcher"},{"floor":42,"key":"Torii"},{"floor":44,"key":"Happy Flower"},{"floor":49,"key":"Shuriken"},{"floor":52,"key":"Pantograph"},{"floor":54,"key":"War Paint"}],"event_choices":[{"damage_healed":0,"gold_gain":0,"player_choice":"Grow","damage_taken":0,"max_hp_gain":0,"max_hp_loss":0,"event_name":"Living Wall","floor":3,"gold_loss":0,"cards_upgraded":["Neutralize"]},{"damage_healed":0,"gold_gain":0,"player_choice":"Success","damage_taken":18,"relics_obtained":["Shovel"],"max_hp_gain":0,"max_hp_loss":0,"event_name":"Scrap Ooze","floor":4,"gold_loss":0},{"damage_healed":0,"gold_gain":0,"player_choice":"Lose Max HP","damage_taken":0,"relics_obtained":["Golden Idol"],"max_hp_gain":0,"max_hp_loss":5,"event_name":"Golden Idol","floor":10,"gold_loss":0},{"damage_healed":0,"gold_gain":0,"player_choice":"Fought Mushrooms","damage_taken":0,"max_hp_gain":0,"max_hp_loss":0,"event_name":"Mushrooms","floor":13,"gold_loss":0},{"cards_removed":["Pain"],"damage_healed":0,"gold_gain":0,"player_choice":"Gave Gold","damage_taken":0,"max_hp_gain":0,"max_hp_loss":0,"event_name":"Beggar","floor":27,"gold_loss":75},{"damage_healed":0,"gold_gain":0,"player_choice":"Fought Bandits","damage_taken":0,"max_hp_gain":0,"max_hp_loss":0,"event_name":"Masked Bandits","floor":28,"gold_loss":0},{"damage_healed":0,"gold_gain":333,"player_choice":"Gave Idol","damage_taken":0,"max_hp_gain":0,"max_hp_loss":0,"event_name":"The Moai Head","floor":37,"relics_lost":["Golden Idol"],"gold_loss":0},{"damage_healed":0,"gold_gain":0,"player_choice":"Memory 3","damage_taken":10,"max_hp_gain":0,"max_hp_loss":0,"event_name":"SensoryStone","floor":39,"gold_loss":0},{"damage_healed":0,"gold_gain":0,"player_choice":"Upgraded","damage_taken":0,"max_hp_gain":0,"max_hp_loss":0,"event_name":"Upgrade Shrine","floor":48,"gold_loss":0,"cards_upgraded":["Footwork"]}],"is_beta":true,"boss_relics":[{"not_picked":["Busted Crown","HoveringKite"],"picked":"Cursed Key"},{"not_picked":["Eternal Feather","Philosopher\u0027s Stone"],"picked":"Runic Dome"}],"items_purged_floors":[53],"is_endless":false,"potions_floor_spawned":[2,8,11,13,14,16,18,23,25,28,29,30,36,40,42,45,46],"ascension_level":1}