{"gold_per_floor":[16,16,34,109,130,130,161,161,161,195,195,228,269,294,294,390,390,409,409,409,430,450,450,450,483,537,537,557,591,179,192,192,281,281,300,300,100,225,558,558,577,611,638,49,49,68,68,86,86,86],"floor_reached":51,"playtime":2112,"items_purged":["Strike_B"],"score":1429,"play_id":"608a3057-2caf-46a3-9d88-9f188cc39e40","local_time":"20190511110120","is_ascension_mode":true,"campfire_choices":[{"data":"Fusion","floor":6.0,"key":"SMITH"},{"floor":8.0,"key":"REST"},{"data":"Glacier","floor":11.0,"key":"SMITH"},{"floor":15.0,"key":"REST"},{"data":"Electrodynamics","floor":23,"key":"SMITH"},{"floor":27,"key":"REST"},{"floor":32,"key":"REST"},{"data":"Chill","floor":40,"key":"SMITH"},{"data":"Coolheaded","floor":49,"key":"SMITH"}],"neow_cost":"NO_GOLD","seed_source_timestamp":0,"circlet_count":0,"master_deck":["AscendersBane","Defend_B","Defend_B","Defend_B","Zap","Dualcast","Fusion+1","Coolheaded+1","Glacier+1","Compile Driver","Cold Snap","Core Surge","Electrodynamics+1","Cold Snap","Cold Snap","Ball Lightning","Ball Lightning","Biased Cognition+1","Defragment+1","Static Discharge+1","Chill+1","Sweeping Beam","Storm+1","Self Repair+1","Echo Form+1","Conserve Battery","Creative AI+1","Loop+1","Heatsinks+1","Capacitor+1","Creative AI+1","Finesse","Cold Snap","Defragment+1","Defragment+1","Defragment+1","Loop+1"],"special_seed":0,"relics":["Cracked Core","Prayer Wheel","Calipers","Frozen Egg 2","Smiling Mask","Odd Mushroom","Orichalcum","Inserter","The Courier","Juzu Bracelet","Ginger","Cables","Runic Dome","Bottled Tornado","Nunchaku","Omamori","DataDisk","Incense Burner","Toy Ornithopter","Shuriken"],"potions_floor_usage":[21,29,50],"damage_taken":[{"damage":1.0,"enemies":"Cultist","floor":1.0,"turns":3.0},{"damage":2.0,"enemies":"2 Louse","floor":3.0,"turns":3.0},{"damage":6.0,"enemies":"Jaw Worm","floor":5.0,"turns":6.0},{"damage":26.0,"enemies":"Gremlin Nob","floor":7.0,"turns":4.0},{"damage":0.0,"enemies":"3 Sentries","floor":10.0,"turns":5.0},{"damage":3.0,"enemies":"The Mushroom Lair","floor":12.0,"turns":4.0},{"damage":0.0,"enemies":"Lagavulin","floor":13.0,"turns":6.0},{"damage":10.0,"enemies":"Large Slime","floor":14.0,"turns":5.0},{"damage":35.0,"enemies":"The Guardian","floor":16.0,"turns":14.0},{"damage":5,"enemies":"3 Byrds","floor":18,"turns":2},{"damage":4,"enemies":"Shell Parasite","floor":21,"turns":5},{"damage":10,"enemies":"3 Cultists","floor":22,"turns":5},{"damage":20,"enemies":"Book of Stabbing","floor":25,"turns":4},{"damage":6,"enemies":"Chosen and Byrds","floor":28,"turns":3},{"damage":30,"enemies":"Slavers","floor":29,"turns":4},{"damage":19,"enemies":"Centurion and Healer","floor":31,"turns":4},{"damage":19,"enemies":"Champ","floor":33,"turns":11},{"damage":18,"enemies":"3 Shapes","floor":35,"turns":3},{"damage":0,"enemies":"Mind Bloom Boss Battle","floor":38,"turns":6},{"damage":3,"enemies":"Orb Walker","floor":41,"turns":3},{"damage":1,"enemies":"Giant Head","floor":42,"turns":9},{"damage":13,"enemies":"Spire Growth","floor":46,"turns":4},{"damage":10,"enemies":"4 Shapes","floor":48,"turns":3},{"damage":45,"enemies":"Awakened One","floor":50,"turns":8}],"seed_played":"8323917407821879197","potions_obtained":[{"floor":5.0,"key":"Fire Potion"},{"floor":7.0,"key":"Fire Potion"},{"floor":12.0,"key":"FocusPotion"},{"floor":14.0,"key":"AttackPotion"},{"floor":21,"key":"Fruit Juice"},{"floor":29,"key":"SteroidPotion"},{"floor":33,"key":"Poison Potion"}],"is_trial":false,"path_per_floor":["M","?","M","?","M","R","E","R","T","E","R","?","E","M","R","B",null,"M","?","?","M","M","R","?","E","T","R","M","E","$","M","R","B",null,"M","?","$","?","?","R","M","E","T","$","T","M","?","M","R","B",null],"character_chosen":"DEFECT","items_purchased":["Loop+1","Heatsinks+1","Capacitor+1","Cables","Bottled Tornado","Incense Burner","Defragment+1","Defragment+1","Defragment+1","Toy Ornithopter"],"campfire_rested":4,"item_purchase_floors":[30,30,30,30,37,44,44,44,44,44],"current_hp_per_floor":[63,63,61,50,44,44,18,37,37,37,37,34,34,24,43,8,50,45,45,45,46,46,46,46,36,36,56,60,30,30,11,31,32,60,42,42,42,52,52,52,49,68,68,68,68,69,69,69,69,24],"gold":86,"neow_bonus":"ONE_RARE_RELIC","is_prod":false,"is_daily":false,"chose_seed":false,"campfire_upgraded":5,"win_rate":0,"timestamp":1557583280,"path_taken":["M","?","M","?","M","R","E","R","T","E","R","?","E","M","R","BOSS","M","?","?","M","M","R","?","E","T","R","M","E","$","M","R","BOSS","M","?","$","?","?","R","M","E","T","$","?","M","?","M","R","BOSS"],"build_version":"2019-01-23","purchased_purges":1,"victory":true,"max_hp_per_floor":[71,64,64,64,64,64,64,64,64,64,64,64,64,64,64,64,64,64,64,64,69,69,69,69,69,69,69,69,69,69,69,69,69,69,69,69,69,69,69,69,69,69,69,69,69,69,69,69,69,69],"card_choices":[{"not_picked":["Compile Driver","Hologram"],"picked":"Fusion","floor":1.0},{"not_picked":["Redo","Gash"],"picked":"Coolheaded","floor":1.0},{"not_picked":["Skim","Recycle"],"picked":"Glacier","floor":3.0},{"not_picked":["Go for the Eyes","Stack"],"picked":"Compile Driver","floor":3.0},{"not_picked":["Steam","Force Field"],"picked":"Cold Snap","floor":5.0},{"not_picked":["Steam","Turbo"],"picked":"Core Surge","floor":5.0},{"not_picked":["Cold Snap","Chaos"],"picked":"Electrodynamics","floor":7.0},{"not_picked":["Skim","Hologram"],"picked":"Cold Snap","floor":10.0},{"not_picked":["Beam Cell","Undo"],"picked":"Cold Snap","floor":12.0},{"not_picked":["Sweeping Beam","Consume","Steam"],"picked":"SKIP","floor":13.0},{"not_picked":["Auto Shields","Steam"],"picked":"Ball Lightning","floor":14.0},{"not_picked":["Stack","Beam Cell"],"picked":"Ball Lightning","floor":14.0},{"not_picked":["Seek","Reboot"],"picked":"Biased Cognition+1","floor":16.0},{"not_picked":["Leap","Gash"],"picked":"Defragment+1","floor":18},{"not_picked":["Steam Power+1","Steam+1"],"picked":"Static Discharge+1","floor":18},{"not_picked":["BootSequence","FTL"],"picked":"Storm+1","floor":21},{"not_picked":["Hologram","Steam"],"picked":"Self Repair+1","floor":21},{"not_picked":["Steam Power+1","Sweeping Beam+1","Lockon"],"picked":"SKIP","floor":22},{"not_picked":["Go for the Eyes","Barrage","Conserve Battery"],"picked":"SKIP","floor":22},{"not_picked":["Coolheaded","Scrape"],"picked":"Echo Form+1","floor":25},{"not_picked":["Stack","Redo"],"picked":"Conserve Battery","floor":28},{"not_picked":["Fusion+1","Storm+1"],"picked":"Creative AI+1","floor":28},{"not_picked":["Lockon","Go for the Eyes","Rainbow"],"picked":"SKIP","floor":29},{"not_picked":["Darkness","Sunder+1","Gash"],"picked":"SKIP","floor":31},{"not_picked":["Sweeping Beam","Rebound","Steam"],"picked":"SKIP","floor":31},{"not_picked":["All For One","Reboot"],"picked":"Creative AI+1","floor":33},{"not_picked":["Redo","Aggregate+1","Hologram+1"],"picked":"SKIP","floor":35},{"not_picked":["Steam","Hologram","Rebound"],"picked":"SKIP","floor":35},{"not_picked":["Panacea","Purity"],"picked":"Finesse","floor":36},{"not_picked":["Auto Shields","Static Discharge+1"],"picked":"Cold Snap","floor":41},{"not_picked":["Sweeping Beam+1","Chaos","Conserve Battery"],"picked":"SKIP","floor":41},{"not_picked":["Compile Driver+1","Rip and Tear","Barrage"],"picked":"SKIP","floor":42},{"not_picked":["All For One","Reinforced Body","Capacitor+1"],"picked":"SKIP","floor":46},{"not_picked":["Recycle","Coolheaded","Lockon"],"picked":"SKIP","floor":46},{"not_picked":["Hologram","Compile Driver+1"],"picked":"Loop+1","floor":48},{"not_picked":["Conserve Battery","Darkness","Streamline"],"picked":"SKIP","floor":48}],"player_experience":1326070,"relics_obtained":[{"floor":7.0,"key":"Calipers"},{"floor":9.0,"key":"Frozen Egg 2"},{"floor":10.0,"key":"Smiling Mask"},{"floor":12.0,"key":"Odd Mushroom"},{"floor":13.0,"key":"Orichalcum"},{"floor":25,"key":"The Courier"},{"floor":26,"key":"Juzu Bracelet"},{"floor":29,"key":"Ginger"},{"floor":38,"key":"Nunchaku"},{"floor":42,"key":"Omamori"},{"floor":43,"key":"DataDisk"},{"floor":45,"key":"Shuriken"}],"event_choices":[{"damage_healed":0.0,"max_hp_gain":0.0,"max_hp_loss":7.0,"gold_gain":0.0,"event_name":"Golden Idol","player_choice":"Lose Max HP","floor":2.0,"gold_loss":0.0,"damage_taken":0.0,"relics_obtained":["Golden Idol"]},{"damage_healed":0.0,"max_hp_gain":0.0,"max_hp_loss":0.0,"gold_gain":75.0,"event_name":"World of Goop","player_choice":"Gather Gold","floor":4.0,"gold_loss":0.0,"damage_taken":11.0},{"damage_healed":0.0,"max_hp_gain":0.0,"max_hp_loss":0.0,"gold_gain":0.0,"event_name":"Mushrooms","player_choice":"Fought Mushrooms","floor":12.0,"gold_loss":0.0,"damage_taken":0.0},{"damage_healed":0,"gold_gain":0,"cards_transformed":["Strike_B","Strike_B"],"player_choice":"Became Test Subject","damage_taken":0,"max_hp_gain":0,"max_hp_loss":0,"event_name":"Drug Dealer","floor":19,"gold_loss":0,"cards_obtained":["Chill","Sweeping Beam"]},{"damage_healed":0,"gold_gain":0,"player_choice":"Ignored","damage_taken":0,"max_hp_gain":0,"max_hp_loss":0,"event_name":"Ghosts","floor":20,"gold_loss":0},{"cards_removed":["Strike_B"],"damage_healed":0,"gold_gain":0,"player_choice":"Purged","damage_taken":0,"max_hp_gain":0,"max_hp_loss":0,"event_name":"Purifier","floor":24,"gold_loss":0},{"damage_healed":0,"gold_gain":0,"player_choice":"Memory 1","damage_taken":0,"max_hp_gain":0,"max_hp_loss":0,"event_name":"SensoryStone","floor":36,"gold_loss":0},{"damage_healed":0,"gold_gain":0,"player_choice":"Fight","damage_taken":0,"max_hp_gain":0,"max_hp_loss":0,"event_name":"MindBloom","floor":38,"gold_loss":0},{"damage_healed":0,"gold_gain":333,"player_choice":"Gave Idol","damage_taken":0,"max_hp_gain":0,"max_hp_loss":0,"event_name":"The Moai Head","floor":39,"relics_lost":["Golden Idol"],"gold_loss":0},{"cards_removed":["Defend_B"],"damage_healed":0,"gold_gain":0,"player_choice":"Purged","damage_taken":0,"max_hp_gain":0,"max_hp_loss":0,"event_name":"Purifier","floor":47,"gold_loss":0}],"is_beta":false,"boss_relics":[{"not_picked":["Lizard Tail","Philosopher\u0027s Stone"],"picked":"Inserter"},{"not_picked":["Calling Bell","Orrery"],"picked":"Runic Dome"}],"items_purged_floors":[30],"is_endless":false,"potions_floor_spawned":[5,7,12,14,21,29,33,35,46,48],"ascension_level":15}