{"gold_per_floor":[116,116,131,150,164,164,21,41,41,41],"floor_reached":10,"playtime":552,"items_purged":["Strike_G"],"score":60,"play_id":"d6e4da69-5c63-48ac-9ea6-35faf5f830d9","local_time":"20190514143442","is_ascension_mode":false,"campfire_choices":[{"data":"PiercingWail","floor":6,"key":"SMITH"}],"neow_cost":"NONE","seed_source_timestamp":178691666939637,"circlet_count":0,"master_deck":["Defend_G","Defend_G","Defend_G","Defend_G","Defend_G","Strike_G","Strike_G","Strike_G","Survivor","Neutralize","Dagger Spray","Well Laid Plans","PiercingWail+1","Dagger Spray","Cloak And Dagger","Crippling Poison","Dagger Spray"],"relics":["Ring of the Snake","Anchor","Sundial"],"potions_floor_usage":[],"damage_taken":[{"damage":0,"enemies":"2 Louse","floor":1,"turns":3},{"damage":0,"enemies":"Small Slimes","floor":3,"turns":5},{"damage":1,"enemies":"Cultist","floor":4,"turns":4},{"damage":0,"enemies":"3 Louse","floor":5,"turns":2},{"damage":6,"enemies":"Lots of Slimes","floor":8,"turns":3},{"damage":62,"enemies":"Lagavulin","floor":10,"turns":12}],"seed_played":"-8856955223917344254","potions_obtained":[{"floor":3,"key":"AttackPotion"},{"floor":8,"key":"Fire Potion"}],"is_trial":false,"path_per_floor":["M","?","M","M","M","R","$","M","T","E"],"character_chosen":"THE_SILENT","items_purchased":["Crippling Poison"],"campfire_rested":0,"item_purchase_floors":[7],"current_hp_per_floor":[70,70,70,69,69,69,69,63,63,1],"gold":41,"neow_bonus":"RANDOM_COMMON_RELIC","is_prod":false,"is_daily":false,"chose_seed":false,"campfire_upgraded":1,"win_rate":0,"timestamp":1557858882,"path_taken":["M","?","M","M","M","R","$","M","T","E"],"build_version":"2019-01-23","purchased_purges":1,"victory":false,"max_hp_per_floor":[70,70,70,70,70,70,70,70,70,70],"card_choices":[{"not_picked":["Dash","Deadly Poison"],"picked":"Dagger Spray","floor":1},{"not_picked":["Flechettes","Catalyst"],"picked":"PiercingWail","floor":3},{"not_picked":["Quick Slash","Accuracy"],"picked":"Dagger Spray","floor":4},{"not_picked":["Deflect","Expertise"],"picked":"Cloak And Dagger","floor":5},{"not_picked":["Sucker Punch","Quick Slash"],"picked":"Dagger Spray","floor":8}],"player_experience":106600,"relics_obtained":[{"floor":9,"key":"Sundial"}],"event_choices":[{"damage_healed":0,"gold_gain":0,"cards_transformed":["Strike_G"],"player_choice":"Change","damage_taken":0,"max_hp_gain":0,"max_hp_loss":0,"event_name":"Living Wall","floor":2,"gold_loss":0,"cards_obtained":["Well Laid Plans"]}],"is_beta":false,"boss_relics":[],"items_purged_floors":[7],"is_endless":false,"potions_floor_spawned":[3,8],"killed_by":"Lagavulin","ascension_level":0}