{"gold_per_floor":[213,213,37,52,71,103,103,121,121,134,134,161,161,190,190,290,290,301,301,335,335,58,86,86,114,114,130,130,146,176,194,194,293,293,313,332,332,54,1053,1085,1085,1095,1120,1120,1155,1377,1430,1441,1441,1441,1441,1441,620,647,647],"floor_reached":56,"playtime":4032,"items_purged":["Strike_G","Normality"],"score":1431,"play_id":"25464caf-1e36-49c5-9fbf-8d9237a0298c","local_time":"20190226173424","is_ascension_mode":true,"campfire_choices":[{"floor":11,"key":"REST"},{"data":"Neutralize","floor":13,"key":"SMITH"},{"data":"Deadly Poison","floor":15,"key":"SMITH"},{"data":"Noxious Fumes","floor":28,"key":"SMITH"},{"data":"Catalyst","floor":32,"key":"SMITH"},{"floor":41,"key":"RECALL"},{"data":"Burst","floor":44,"key":"SMITH"},{"data":"Night Terror","floor":49,"key":"SMITH"},{"data":"Catalyst","floor":52,"key":"SMITH"}],"neow_cost":"NONE","seed_source_timestamp":20550542157127,"circlet_count":0,"master_deck":["Defend_G","Defend_G","Defend_G","Defend_G","Defend_G","Strike_G","Strike_G","Strike_G","Strike_G","Survivor","Neutralize+1","Dodge and Roll","Backflip","All Out Attack","Skewer","Flying Knee","Deadly Poison+1","Sucker Punch","PiercingWail","Poisoned Stab","Corpse Explosion","Cloak And Dagger","PiercingWail","Noxious Fumes+1","Adrenaline","Backstab","Footwork+1","Backflip+1","Backflip+1","Catalyst+1","Catalyst+1","Burst+1","Cloak And Dagger+1","Sucker Punch+1","Well Laid Plans+1","Deadly Poison","Blur","Dodge and Roll","Calculated Gamble+1","Night Terror+1","Adrenaline","Secret Technique","Deadly Poison"],"relics":["Ring of the Snake","Gremlin Horn","Oddly Smooth Stone","Snake Skull","Pantograph","Omamori","Dream Catcher","Kunai","Sozu","Nilry\u0027s Codex","Red Mask","Bag of Marbles","Frozen Egg 2","Bottled Tornado","Tough Bandages","Black Star","Lantern","Shuriken","Thread and Needle","Bag of Preparation","Torii","Mummified Hand","Nunchaku","Happy Flower","Pear","Art of War","Boot"],"potions_floor_usage":[6,16,45],"damage_taken":[{"damage":0,"enemies":"Cultist","floor":1,"turns":4},{"damage":0,"enemies":"Jaw Worm","floor":4,"turns":4},{"damage":0,"enemies":"2 Louse","floor":5,"turns":2},{"damage":28,"enemies":"Gremlin Nob","floor":6,"turns":5},{"damage":0,"enemies":"2 Fungi Beasts","floor":8,"turns":2},{"damage":1,"enemies":"Looter","floor":10,"turns":3},{"damage":15,"enemies":"Lagavulin","floor":12,"turns":10},{"damage":18,"enemies":"3 Sentries","floor":14,"turns":8},{"damage":7,"enemies":"Slime Boss","floor":16,"turns":11},{"damage":8,"enemies":"Spheric Guardian","floor":18,"turns":4},{"damage":8,"enemies":"Masked Bandits","floor":20,"turns":5},{"damage":0,"enemies":"Gremlin Leader","floor":23,"turns":5},{"damage":21,"enemies":"Book of Stabbing","floor":25,"turns":6},{"damage":0,"enemies":"2 Thieves","floor":27,"turns":4},{"damage":0,"enemies":"Cultist and Chosen","floor":29,"turns":7},{"damage":14,"enemies":"Slavers","floor":30,"turns":4},{"damage":0,"enemies":"Centurion and Healer","floor":31,"turns":4},{"damage":1,"enemies":"Collector","floor":33,"turns":9},{"damage":0,"enemies":"3 Darklings","floor":35,"turns":3},{"damage":0,"enemies":"3 Shapes","floor":36,"turns":4},{"damage":10,"enemies":"Giant Head","floor":40,"turns":7},{"damage":0,"enemies":"Spire Growth","floor":42,"turns":5},{"damage":12,"enemies":"Reptomancer","floor":45,"turns":8},{"damage":13,"enemies":"2 Orb Walkers","floor":47,"turns":5},{"damage":0,"enemies":"4 Shapes","floor":48,"turns":2},{"damage":16,"enemies":"Time Eater","floor":50,"turns":8},{"damage":1,"enemies":"Shield and Spear","floor":54,"turns":7},{"damage":18,"enemies":"The Heart","floor":55,"turns":9}],"seed_played":"-1524348336560020048","potions_obtained":[{"floor":5,"key":"Ancient Potion"},{"floor":8,"key":"SpeedPotion"},{"floor":14,"key":"Poison Potion"}],"is_trial":false,"path_per_floor":["M","?","$","M","M","E","T","M","T","M","R","E","R","E","R","B",null,"M","?","?","?","$","E","?","E","T","M","R","M","E","M","R","B",null,"M","M","?","$","?","E","R","M","T","R","E","?","?","M","R","B",null,"R","$","E","B",null],"character_chosen":"THE_SILENT","items_purchased":["Oddly Smooth Stone","Backflip","Noxious Fumes","Adrenaline","Well Laid Plans+1","Lantern","Deadly Poison","Happy Flower","Adrenaline","Pear","Secret Technique"],"campfire_rested":1,"item_purchase_floors":[3,3,22,22,38,38,38,53,53,53,53],"current_hp_per_floor":[70,58,58,58,58,30,30,30,30,29,50,35,35,17,17,35,70,62,46,38,61,61,61,61,40,40,40,40,40,26,26,26,50,70,70,70,66,66,66,56,56,56,56,56,44,44,31,31,31,40,66,66,76,75,58],"gold":647,"neow_bonus":"HUNDRED_GOLD","is_prod":false,"is_daily":false,"chose_seed":false,"campfire_upgraded":7,"win_rate":0,"timestamp":1551220464,"path_taken":["M","?","$","M","M","E","?","M","T","M","R","E","R","E","R","BOSS","M","?","?","?","$","E","?","E","T","M","R","M","E","M","R","BOSS","M","M","?","$","?","E","R","M","T","R","E","?","?","M","R","BOSS","R","$","E","BOSS"],"build_version":"2019-02-06","purchased_purges":2,"victory":true,"max_hp_per_floor":[70,70,70,70,70,70,70,70,70,70,70,70,70,70,70,70,70,70,70,70,70,70,70,70,70,70,70,70,70,70,70,70,70,70,70,70,66,66,66,66,66,66,66,66,66,66,66,66,66,66,66,66,76,76,76],"card_choices":[{"not_picked":["Bane","Prepared"],"picked":"Dodge and Roll","floor":1},{"not_picked":["Blade Dance","Underhanded Strike"],"picked":"All Out Attack","floor":4},{"not_picked":["Cloak And Dagger","Slice"],"picked":"Skewer","floor":5},{"not_picked":["PiercingWail","Backflip"],"picked":"Flying Knee","floor":6},{"not_picked":["Phantasmal Killer","Slice"],"picked":"Deadly Poison","floor":8},{"not_picked":["Riddle With Holes","Deflect"],"picked":"Sucker Punch","floor":10},{"not_picked":["Night Terror","Storm of Steel"],"picked":"PiercingWail","floor":12},{"not_picked":["Accuracy","Malaise"],"picked":"Poisoned Stab","floor":14},{"not_picked":["Die Die Die","Bullet Time"],"picked":"Corpse Explosion","floor":16},{"not_picked":["Outmaneuver","Dagger Throw"],"picked":"Cloak And Dagger","floor":18},{"not_picked":["Concentrate","Reflex"],"picked":"PiercingWail","floor":20},{"not_picked":["Dodge and Roll","Deflect"],"picked":"Backstab","floor":23},{"not_picked":["Crippling Poison","Deadly Poison"],"picked":"Footwork+1","floor":25},{"not_picked":["Dagger Throw","Outmaneuver"],"picked":"Backflip+1","floor":27},{"not_picked":["Dodge and Roll","Choke+1"],"picked":"Backflip+1","floor":29},{"not_picked":["Setup","Deflect+1"],"picked":"Catalyst","floor":30},{"not_picked":["Unload","Deflect"],"picked":"Catalyst","floor":31},{"not_picked":["Envenom+1","Venomology"],"picked":"Burst","floor":33},{"not_picked":["Dodge and Roll","PiercingWail"],"picked":"Cloak And Dagger+1","floor":35},{"not_picked":["Choke+1","Blade Dance+1"],"picked":"Sucker Punch+1","floor":36},{"not_picked":["Underhanded Strike+1","Dodge and Roll"],"picked":"Blur","floor":40},{"not_picked":["Outmaneuver","Reflex+1","Backstab+1"],"picked":"SKIP","floor":42},{"not_picked":["Escape Plan","Dagger Throw+1"],"picked":"Dodge and Roll","floor":45},{"not_picked":["All Out Attack+1","Cloak And Dagger+1"],"picked":"Calculated Gamble+1","floor":47},{"not_picked":["Poisoned Stab+1","Setup+1"],"picked":"Night Terror","floor":48},{"not_picked":["Slice","Dagger Spray+1"],"picked":"Deadly Poison","floor":54}],"player_experience":4709752,"relics_obtained":[{"floor":6,"key":"Snake Skull"},{"floor":7,"key":"Pantograph"},{"floor":9,"key":"Omamori"},{"floor":12,"key":"Dream Catcher"},{"floor":14,"key":"Kunai"},{"floor":19,"key":"Nilry\u0027s Codex"},{"floor":20,"key":"Red Mask"},{"floor":23,"key":"Bag of Marbles"},{"floor":25,"key":"Bottled Tornado"},{"floor":30,"key":"Tough Bandages"},{"floor":40,"key":"Shuriken"},{"floor":40,"key":"Thread and Needle"},{"floor":43,"key":"Bag of Preparation"},{"floor":45,"key":"Torii"},{"floor":45,"key":"Mummified Hand"},{"floor":47,"key":"Nunchaku"},{"floor":54,"key":"Art of War"},{"floor":54,"key":"Boot"}],"event_choices":[{"damage_healed":0,"gold_gain":0,"player_choice":"Success","damage_taken":12,"relics_obtained":["Gremlin Horn"],"max_hp_gain":0,"max_hp_loss":0,"event_name":"Scrap Ooze","floor":2,"gold_loss":0},{"damage_healed":0,"gold_gain":0,"player_choice":"Obtained Book","damage_taken":16,"max_hp_gain":0,"max_hp_loss":0,"event_name":"Cursed Tome","floor":19,"gold_loss":0},{"damage_healed":0,"gold_gain":0,"player_choice":"Fought Bandits","damage_taken":0,"max_hp_gain":0,"max_hp_loss":0,"event_name":"Masked Bandits","floor":20,"gold_loss":0},{"damage_healed":23,"gold_gain":0,"player_choice":"Heal","damage_taken":0,"max_hp_gain":0,"max_hp_loss":0,"event_name":"The Library","floor":21,"gold_loss":0},{"damage_healed":0,"gold_gain":0,"player_choice":"Opened","damage_taken":0,"relics_obtained":["Frozen Egg 2"],"max_hp_gain":0,"max_hp_loss":0,"event_name":"The Mausoleum","floor":24,"gold_loss":0,"cards_obtained":["Writhe"]},{"damage_healed":0,"gold_gain":0,"player_choice":"Max HP","damage_taken":0,"max_hp_gain":0,"max_hp_loss":4,"event_name":"Winding Halls","floor":37,"gold_loss":0},{"damage_healed":0,"gold_gain":999,"player_choice":"Gold","damage_taken":0,"max_hp_gain":0,"max_hp_loss":0,"event_name":"MindBloom","floor":39,"gold_loss":0,"cards_obtained":["Normality","Normality"]},{"damage_healed":0,"gold_gain":222,"player_choice":"Wore Mask","damage_taken":0,"max_hp_gain":0,"max_hp_loss":0,"event_name":"Tomb of Lord Red Mask","floor":46,"gold_loss":0},{"damage_healed":0,"gold_gain":0,"player_choice":"Fight","damage_taken":0,"max_hp_gain":0,"max_hp_loss":0,"event_name":"Mysterious Sphere","floor":47,"gold_loss":0}],"is_beta":true,"boss_relics":[{"not_picked":["Astrolabe","HoveringKite"],"picked":"Sozu"},{"not_picked":["WristBlade","Orrery"],"picked":"Black Star"}],"items_purged_floors":[22,53],"is_endless":false,"potions_floor_spawned":[5,8,14,20,23,25,30,36,40,47,48],"ascension_level":1}