{"gold_per_floor":[118,118,12,12,23,56,56,131,158,187,200,219,247,270,282,294],"floor_reached":16,"playtime":1446,"items_purged":[],"score":390,"play_id":"995ee385-8aa4-40e8-91e2-516ecb39d875","local_time":"20190414164151","is_ascension_mode":true,"campfire_choices":[{"data":"Pommel Strike","floor":7.0,"key":"SMITH"},{"data":"Heavy Blade","floor":15.0,"key":"SMITH"}],"neow_cost":"NONE","seed_source_timestamp":257955413936849,"circlet_count":0,"master_deck":["AscendersBane","Strike_R+1","Strike_R","Strike_R","Strike_R","Strike_R+1","Defend_R","Defend_R","Defend_R","Defend_R","Bash","Ghostly Armor","Blind","Pommel Strike+1","Offering","Spot Weakness","Cleave","Heavy Blade+1","Clothesline","Sword Boomerang"],"special_seed":0,"relics":["Burning Blood","NeowsBlessing","Paper Frog","Smiling Mask","PreservedInsect","MawBank"],"potions_floor_usage":[16],"damage_taken":[{"damage":0.0,"enemies":"Jaw Worm","floor":1.0,"turns":1.0},{"damage":0.0,"enemies":"2 Louse","floor":5.0,"turns":1.0},{"damage":0.0,"enemies":"3 Sentries","floor":6.0,"turns":1.0},{"damage":24.0,"enemies":"Gremlin Nob","floor":10.0,"turns":4.0},{"damage":6.0,"enemies":"Small Slimes","floor":11.0,"turns":2.0},{"damage":4.0,"enemies":"Exordium Wildlife","floor":12.0,"turns":3.0},{"damage":26.0,"enemies":"3 Sentries","floor":13.0,"turns":4.0},{"damage":6.0,"enemies":"Blue Slaver","floor":14.0,"turns":1.0}],"seed_played":"4099544505477675484","potions_obtained":[{"floor":5.0,"key":"Fruit Juice"},{"floor":6.0,"key":"PowerPotion"},{"floor":12.0,"key":"Dexterity Potion"}],"is_trial":false,"path_per_floor":["M","?","$","?","M","E","R","?","T","E","M","M","E","M","R","B"],"character_chosen":"IRONCLAD","items_purchased":["Blind"],"campfire_rested":0,"item_purchase_floors":[3],"current_hp_per_floor":[74,51,51,51,57,63,63,63,63,45,45,52,32,32,32,0],"gold":294,"neow_bonus":"THREE_ENEMY_KILL","is_prod":false,"is_daily":false,"chose_seed":false,"campfire_upgraded":2,"win_rate":0,"timestamp":1555274511,"path_taken":["M","?","$","?","M","E","R","?","T","E","M","?","E","M","R","BOSS"],"build_version":"2019-04-04","purchased_purges":0,"victory":false,"max_hp_per_floor":[75,75,75,75,75,75,75,75,75,75,75,80,80,80,80,80],"card_choices":[{"not_picked":["Heavy Blade","Rupture"],"picked":"Ghostly Armor","floor":1.0},{"not_picked":["True Grit","Flex"],"picked":"Pommel Strike","floor":5.0},{"not_picked":["Clothesline","Spot Weakness"],"picked":"Offering","floor":6.0},{"not_picked":["Blood for Blood","Infernal Blade"],"picked":"Spot Weakness","floor":10.0},{"not_picked":["Perfected Strike","Sentinel"],"picked":"Cleave","floor":11.0},{"not_picked":["Spot Weakness","Pummel"],"picked":"Heavy Blade","floor":12.0},{"not_picked":["Headbutt","Berserk"],"picked":"Clothesline","floor":13.0},{"not_picked":["Rage","Iron Wave"],"picked":"Sword Boomerang","floor":14.0}],"player_experience":973380,"relics_obtained":[{"floor":6.0,"key":"Paper Frog"},{"floor":9.0,"key":"Smiling Mask"},{"floor":10.0,"key":"PreservedInsect"},{"floor":13.0,"key":"MawBank"}],"event_choices":[{"damage_healed":0.0,"max_hp_gain":0.0,"max_hp_loss":0.0,"gold_gain":0.0,"event_name":"Shining Light","player_choice":"Entered Light","floor":2.0,"gold_loss":0.0,"damage_taken":23.0,"cards_upgraded":["Strike_R","Strike_R"]},{"damage_healed":0.0,"max_hp_gain":0.0,"max_hp_loss":0.0,"gold_gain":0.0,"event_name":"The Cleric","player_choice":"Leave","floor":4.0,"gold_loss":0.0,"damage_taken":0.0},{"damage_healed":0.0,"max_hp_gain":0.0,"max_hp_loss":0.0,"gold_gain":75.0,"event_name":"Golden Wing","player_choice":"Gained Gold","floor":8.0,"gold_loss":0.0,"damage_taken":0.0}],"is_beta":true,"boss_relics":[],"items_purged_floors":[],"is_endless":false,"potions_floor_spawned":[5,6,10,12],"killed_by":"The Guardian","ascension_level":20}