{"gold_per_floor":[109,120,132,132,144,144,179,179,179,329,24,56,56,90,90,165,165,179,179,192,192,192,192,192],"floor_reached":24,"playtime":1681,"items_purged":["Doubt"],"score":424,"play_id":"b6b24827-f314-458b-a543-b701187e0ef2","local_time":"20181118101330","is_ascension_mode":true,"campfire_choices":[{"data":"Armaments","floor":6,"key":"SMITH"},{"floor":8,"key":"REST"},{"data":"Whirlwind","floor":15,"key":"SMITH"},{"floor":23,"key":"REST"}],"neow_cost":"NONE","seed_source_timestamp":311551207613755,"circlet_count":0,"master_deck":["AscendersBane","Defend_R+1","Defend_R+1","Defend_R+1","Defend_R+1","Bash","Armaments+1","Uppercut+1","Reckless Charge","Clothesline","Anger","Evolve","Reaper","Whirlwind+1","Demon Form","Thunderclap+1","Carnage+1","Impervious+1"],"relics":["Burning Blood","Juzu Bracelet","Pantograph","WingedGreaves","Red Skull","Astrolabe"],"potions_floor_usage":[24,24],"damage_taken":[{"damage":1,"enemies":"Cultist","floor":1,"turns":3},{"damage":10,"enemies":"Small Slimes","floor":2,"turns":4},{"damage":0,"enemies":"Jaw Worm","floor":3,"turns":3},{"damage":14,"enemies":"Large Slime","floor":5,"turns":8},{"damage":25,"enemies":"Lagavulin","floor":7,"turns":6},{"damage":27,"enemies":"3 Sentries","floor":12,"turns":8},{"damage":35,"enemies":"Lagavulin","floor":14,"turns":8},{"damage":56,"enemies":"The Guardian","floor":16,"turns":14},{"damage":23,"enemies":"Chosen","floor":18,"turns":6},{"damage":39,"enemies":"Shell Parasite","floor":20,"turns":6},{"damage":80,"enemies":"Gremlin Leader","floor":24,"turns":6}],"seed_played":"8236771883236254824","potions_obtained":[{"floor":1,"key":"LiquidBronze"},{"floor":5,"key":"SneckoOil"},{"floor":14,"key":"Weak Potion"},{"floor":20,"key":"PowerPotion"}],"is_trial":false,"path_per_floor":["M","M","M","?","M","R","E","R","T","?","$","E","?","E","R","B",null,"M","?","M","?","?","R","E"],"character_chosen":"IRONCLAD","items_purchased":["Evolve","Reaper"],"campfire_rested":2,"item_purchase_floors":[11,11],"current_hp_per_floor":[73,69,75,75,67,67,48,70,70,70,70,59,52,23,23,8,58,41,41,24,24,39,61,0],"gold":192,"neow_bonus":"TRANSFORM_CARD","is_prod":false,"is_daily":false,"chose_seed":false,"campfire_upgraded":2,"win_rate":0,"timestamp":1542554010,"path_taken":["M","?","M","?","M","R","E","R","T","?","$","E","?","E","R","BOSS","M","?","M","?","?","R","E"],"build_version":"2018-11-15","purchased_purges":1,"victory":false,"max_hp_per_floor":[75,75,75,75,75,75,75,75,75,75,75,75,75,75,75,75,75,75,75,75,75,75,75,75],"card_choices":[{"not_picked":["Sword Boomerang","Armaments"],"picked":"Uppercut","floor":1},{"not_picked":["Armaments","True Grit"],"picked":"Reckless Charge","floor":2},{"not_picked":["Perfected Strike","Shockwave"],"picked":"Clothesline","floor":3},{"not_picked":["Reckless Charge","Sword Boomerang"],"picked":"Anger","floor":5},{"not_picked":["True Grit","Sever Soul","Warcry"],"picked":"SKIP","floor":7},{"not_picked":["Bludgeon","Rage"],"picked":"Whirlwind","floor":12},{"not_picked":["Carnage","Iron Wave","Perfected Strike"],"picked":"SKIP","floor":14},{"not_picked":["Carnage","Iron Wave","Perfected Strike"],"picked":"SKIP","floor":14},{"not_picked":["Double Tap","Reaper"],"picked":"Demon Form","floor":16},{"not_picked":["Thunderclap","Dropkick","Anger"],"picked":"SKIP","floor":18},{"not_picked":["Armaments","Reckless Charge","Wild Strike"],"picked":"SKIP","floor":20}],"player_experience":988008,"relics_obtained":[{"floor":7,"key":"Juzu Bracelet"},{"floor":9,"key":"Pantograph"},{"floor":12,"key":"WingedGreaves"},{"floor":14,"key":"Red Skull"}],"event_choices":[{"damage_healed":0,"gold_gain":0,"player_choice":"Grow","damage_taken":0,"max_hp_gain":0,"max_hp_loss":0,"event_name":"Living Wall","floor":4,"gold_loss":0,"cards_upgraded":["Uppercut"]},{"damage_healed":0,"gold_gain":150,"player_choice":"AGREE","damage_taken":0,"max_hp_gain":0,"max_hp_loss":0,"event_name":"Liars Game","floor":10,"gold_loss":0,"cards_obtained":["Doubt"]},{"cards_removed":["Strike_R"],"damage_healed":0,"gold_gain":0,"player_choice":"Card Removal","damage_taken":7,"max_hp_gain":0,"max_hp_loss":0,"event_name":"Golden Wing","floor":13,"gold_loss":0},{"damage_healed":0,"gold_gain":0,"player_choice":"Simplicity","damage_taken":0,"max_hp_gain":0,"max_hp_loss":0,"event_name":"Back to Basics","floor":19,"gold_loss":0,"cards_upgraded":["Defend_R","Defend_R","Defend_R","Defend_R"]},{"damage_healed":0,"gold_gain":0,"player_choice":"Ignored","damage_taken":0,"max_hp_gain":0,"max_hp_loss":0,"event_name":"The Mausoleum","floor":21,"gold_loss":0},{"damage_healed":15,"gold_gain":0,"player_choice":"Heal","damage_taken":0,"max_hp_gain":0,"max_hp_loss":0,"event_name":"The Library","floor":22,"gold_loss":0}],"is_beta":true,"boss_relics":[{"not_picked":["Orrery","Black Blood"],"picked":"Astrolabe"}],"items_purged_floors":[11],"is_endless":false,"potions_floor_spawned":[1,5,14,20],"killed_by":"Gremlin Leader","ascension_level":20}