{"gold_per_floor":[117,149,165,165,185,185,215,241,264,264,344,369,382,399,399,515,515,533,533,258,258,358,358,358,379,379,391,405,405,459,475,475,598,598,613,627,653,55,55,55,74,91,145,160,160,85,85,85,85,100,100,120,120,120,44,64,49],"floor_reached":57,"playtime":2912,"items_purged":["Strike_B"],"score":748,"play_id":"a6a7ef5a-d114-4a35-b9a7-c13c02b7c96d","local_time":"20190506003526","is_ascension_mode":false,"campfire_choices":[{"data":"Chill","floor":6,"key":"SMITH"},{"floor":10,"key":"DIG"},{"floor":15,"key":"REST"},{"floor":23,"key":"DIG"},{"floor":29,"key":"DIG"},{"floor":32,"key":"REST"},{"floor":40,"key":"RECALL"},{"floor":51,"key":"DIG"},{"data":"vexMod:Overload","floor":54,"key":"SMITH"}],"neow_cost":"CURSE","seed_source_timestamp":2110045619070515,"circlet_count":0,"master_deck":["Strike_B","Strike_B","Strike_B","Defend_B","Defend_B","Defend_B","Defend_B","Zap","Dualcast","vexMod:GoldenLightningCard","Hologram","Rebound","Chill+1","Beam Cell","Ball Lightning","Rebound","Coolheaded","Defragment","vexMod:Overload+1","Coolheaded+1","Hello World","vexMod:NamedBlast","vexMod:VolumeVengeance","Violence","Heatsinks","hubris:Compulsion","vexMod:DiverseOrb","Cold Snap","Mirror Shield","FIFO Queue","Glacier+1","FIFO Queue","Consume+1","Coolheaded+1","Static Discharge","Pot Of Greed","Mirror Shield","Crystallizer","vexMod:Overload","Glacier+1"],"relics":["Cracked Core","ReplayTheSpireMod:Multitool","vexMod:DeviousBotling","hubris:BallOfYels","vexMod:MagicMissile","vexMod:FallenStar","Mummified Hand","hubris:CuriousFeather","Enchiridion","ReplayTheSpireMod:ShopPack","MutagenicStrength","StoneCalendar","hubris:Reverence","trackpad:IciclePrecepts","ReplayTheSpireMod:Lightbulb","Dodecahedron","Art of War","Bottled Flame","vexMod:HeadHunter","Nuclear Battery","Lee\u0027s Waffle","Shuriken","Boot","Replay:WaspNest"],"potions_floor_usage":[16,16,16,22,57,57,57],"damage_taken":[{"damage":6,"enemies":"Jaw Worm","floor":1,"turns":3},{"damage":1,"enemies":"Cultist","floor":2,"turns":3},{"damage":9,"enemies":"2 Louse","floor":3,"turns":2},{"damage":10,"enemies":"Looter","floor":5,"turns":4},{"damage":2,"enemies":"2 Fungi Beasts","floor":7,"turns":3},{"damage":0,"enemies":"3 Louse","floor":8,"turns":3},{"damage":19,"enemies":"Lagavulin Event","floor":11,"turns":4},{"damage":12,"enemies":"Gremlin Nob","floor":12,"turns":3},{"damage":14,"enemies":"Large Slime","floor":13,"turns":2},{"damage":4,"enemies":"Lots of Slimes","floor":14,"turns":4},{"damage":18,"enemies":"Hexaghost","floor":16,"turns":5},{"damage":10,"enemies":"Spheric Guardian","floor":18,"turns":4},{"damage":1,"enemies":"Colosseum Slavers","floor":22,"turns":2},{"damage":0,"enemies":"Colosseum Nobs","floor":22,"turns":4},{"damage":9,"enemies":"Shell Parasite","floor":25,"turns":3},{"damage":0,"enemies":"Gremlin Leader","floor":27,"turns":4},{"damage":8,"enemies":"Centurion and Healer","floor":28,"turns":5},{"damage":12,"enemies":"Book of Stabbing","floor":30,"turns":6},{"damage":1,"enemies":"Cultist and Chosen","floor":31,"turns":3},{"damage":18,"enemies":"Automaton","floor":33,"turns":7},{"damage":0,"enemies":"3 Shapes","floor":35,"turns":3},{"damage":0,"enemies":"3 Darklings","floor":36,"turns":2},{"damage":0,"enemies":"Jaw Worm Horde","floor":37,"turns":4},{"damage":0,"enemies":"4 Shapes","floor":41,"turns":2},{"damage":10,"enemies":"Transient","floor":42,"turns":5},{"damage":0,"enemies":"Spire Growth","floor":44,"turns":5},{"damage":4,"enemies":"3 Darklings","floor":50,"turns":4},{"damage":14,"enemies":"Time Eater","floor":52,"turns":8},{"damage":39,"enemies":"Shield and Spear","floor":56,"turns":5},{"damage":50,"enemies":"The Heart","floor":57,"turns":5}],"seed_played":"-3592601821063101655","potions_obtained":[{"floor":2,"key":"AttackPotion"},{"floor":7,"key":"AttackPotion"},{"floor":8,"key":"AttackPotion"},{"floor":18,"key":"SkillPotion"},{"floor":31,"key":"Strength Potion"},{"floor":33,"key":"Elixir"},{"floor":35,"key":"PowerPotion"},{"floor":56,"key":"Dexterity Potion"}],"is_trial":false,"path_per_floor":["M","M","M","?","M","R","M","M","T","R","?","E","M","M","R","B",null,"M","?","$","?","?","R","?","M","T","E","M","R","E","M","R","B",null,"M","M","M","$","?","R","M","M","T","M","R","$","PTL","PTL","?","M","R","B",null,"R","$","E","B"],"character_chosen":"DEFECT","items_purchased":["Hello World","ReplayTheSpireMod:ShopPack","FIFO Queue","Lee\u0027s Waffle","Consume","Shuriken","Static Discharge","Crystallizer"],"campfire_rested":2,"item_purchase_floors":[20,20,38,38,38,38,46,55],"current_hp_per_floor":[69,68,59,59,49,49,47,47,47,47,30,20,6,3,22,6,65,55,39,39,39,41,41,41,33,33,35,29,29,19,19,38,22,65,65,65,65,72,68,68,68,58,58,60,68,68,68,68,68,66,66,54,68,68,68,29,0],"gold":49,"neow_bonus":"ONE_RARE_RELIC","is_prod":false,"is_daily":false,"chose_seed":false,"campfire_upgraded":2,"win_rate":0,"timestamp":1557113726,"path_taken":["M","M","M","?","?","R","M","M","T","R","?","E","M","M","R","BOSS","M","?","$","?","?","R","?","M","T","E","M","R","E","M","R","BOSS","M","M","M","$","?","R","M","M","T","M","R","$","PTL","PTL","?","M","R","BOSS","R","$","E","BOSS"],"build_version":"2019-01-23","purchased_purges":1,"victory":false,"max_hp_per_floor":[75,75,75,65,65,65,65,65,65,65,65,65,65,65,65,65,65,65,65,65,65,65,65,65,65,65,65,65,65,65,65,65,65,65,65,65,65,72,68,68,68,68,68,68,68,68,68,68,68,68,68,68,68,68,68,68,68],"card_choices":[{"not_picked":["Barrage","vexMod:BeamPop"],"picked":"vexMod:GoldenLightningCard","floor":1},{"not_picked":["vexMod:BeamPop","Gash"],"picked":"Hologram","floor":2},{"not_picked":["Gash","Panic Button"],"picked":"Rebound","floor":3},{"not_picked":["Force Field","Sweeping Beam"],"picked":"Chill","floor":5},{"not_picked":["vexMod:ShockKick","Rebound"],"picked":"Beam Cell","floor":7},{"not_picked":["Streamline","Coolheaded"],"picked":"Ball Lightning","floor":8},{"not_picked":["Fission","Sweeping Beam"],"picked":"Rebound","floor":11},{"not_picked":["Rip and Tear","Stack","Amplify"],"picked":"SKIP","floor":12},{"not_picked":["vexMod:OrbBoomerang","Sweeping Beam"],"picked":"Coolheaded","floor":13},{"not_picked":["vexMod:OrbBoomerang","Leap"],"picked":"Defragment","floor":14},{"not_picked":["Multi-Cast","All For One"],"picked":"vexMod:Overload","floor":16},{"not_picked":["FIFO Queue","Steam Power"],"picked":"Coolheaded+1","floor":18},{"not_picked":["vexMod:Stardash","HandOfGreed"],"picked":"vexMod:NamedBlast","floor":20},{"not_picked":["Discovery","vexMod:NamedBlast"],"picked":"vexMod:VolumeVengeance","floor":20},{"not_picked":["vexMod:StairwayStrike"],"picked":"Violence","floor":20},{"not_picked":["Doom and Gloom","Recycle"],"picked":"Heatsinks","floor":22},{"not_picked":["Gash","Beam Cell+1"],"picked":"vexMod:DiverseOrb","floor":25},{"not_picked":["Steam","Rip and Tear+1"],"picked":"Cold Snap","floor":27},{"not_picked":["Darkness+1","vexMod:ChargeBeam+1","vexMod:GoldenLightningCard"],"picked":"SKIP","floor":28},{"not_picked":["Barrage","ReplaySolidLightProjector+1"],"picked":"SKIP","floor":30},{"not_picked":["vexMod:DarkConflux","Skim","Undo"],"picked":"SKIP","floor":31},{"not_picked":["Rainbow","Meteor Strike"],"picked":"Mirror Shield","floor":33},{"not_picked":["Lockon","Force Field"],"picked":"FIFO Queue","floor":35},{"not_picked":["Beam Cell","Leap+1","Reinforced Body"],"picked":"SKIP","floor":36},{"not_picked":["vexMod:DiverseOrb","vexMod:ShockKick+1"],"picked":"Glacier+1","floor":37},{"not_picked":["Rebound"],"picked":"Coolheaded+1","floor":41},{"not_picked":["Melter+1","Undo"],"picked":"SKIP","floor":42},{"not_picked":["Auto Shields+1","vexMod:RocketPunch+1","ReplaySort+1"],"picked":"SKIP","floor":44},{"not_picked":["Tempest","vexMod:RocketPunch+1"],"picked":"Mirror Shield","floor":50},{"not_picked":["All For One","Multi-Cast"],"picked":"vexMod:Overload","floor":56},{"not_picked":["vexMod:SystemUpdate","Go for the Eyes+1"],"picked":"Glacier+1","floor":56}],"player_experience":1297581,"relics_obtained":[{"floor":9,"key":"hubris:BallOfYels"},{"floor":10,"key":"vexMod:MagicMissile"},{"floor":12,"key":"Mummified Hand"},{"floor":19,"key":"Enchiridion"},{"floor":22,"key":"StoneCalendar"},{"floor":22,"key":"hubris:Reverence"},{"floor":23,"key":"trackpad:IciclePrecepts"},{"floor":26,"key":"Dodecahedron"},{"floor":27,"key":"Art of War"},{"floor":29,"key":"Bottled Flame"},{"floor":30,"key":"vexMod:HeadHunter"},{"floor":51,"key":"Boot"},{"floor":56,"key":"Replay:WaspNest"}],"event_choices":[{"damage_healed":0,"gold_gain":0,"player_choice":"Searched \u00272\u0027 times","damage_taken":0,"relics_obtained":["vexMod:FallenStar"],"max_hp_gain":0,"max_hp_loss":0,"event_name":"Dead Adventurer","floor":11,"gold_loss":0},{"damage_healed":0,"gold_gain":0,"player_choice":"Obtained Book","damage_taken":16,"max_hp_gain":0,"max_hp_loss":0,"event_name":"Cursed Tome","floor":19,"gold_loss":0},{"damage_healed":0,"gold_gain":0,"player_choice":"Inject Mutagens","damage_taken":0,"relics_obtained":["MutagenicStrength"],"max_hp_gain":0,"max_hp_loss":0,"event_name":"Drug Dealer","floor":21,"gold_loss":0},{"damage_healed":0,"gold_gain":0,"player_choice":"Fight","damage_taken":0,"max_hp_gain":0,"max_hp_loss":0,"event_name":"Colosseum","floor":22,"gold_loss":0},{"damage_healed":0,"gold_gain":0,"player_choice":"Fought Nobs","damage_taken":0,"max_hp_gain":0,"max_hp_loss":0,"event_name":"Colosseum","floor":22,"gold_loss":0},{"damage_healed":0,"gold_gain":0,"player_choice":"Max HP","damage_taken":0,"max_hp_gain":0,"max_hp_loss":4,"event_name":"Winding Halls","floor":39,"gold_loss":0},{"cards_removed":["Overencumbered"],"damage_healed":0,"gold_gain":0,"player_choice":"Took Card","damage_taken":0,"max_hp_gain":0,"max_hp_loss":0,"event_name":"NoteForYourself","floor":49,"gold_loss":0,"cards_obtained":["Pot Of Greed"]}],"is_beta":false,"boss_relics":[{"not_picked":["Replay:Wanted Poster","Replay:Drink Me"],"picked":"vexMod:DeviousBotling"},{"not_picked":["Pandora\u0027s Box","Lizard Tail"],"picked":"Nuclear Battery"}],"items_purged_floors":[20],"is_endless":false,"potions_floor_spawned":[2,7,8,12,18,22,31,33,35,41,50,56],"killed_by":"The Heart","ascension_level":0}