{"gold_per_floor":[117,192,19,19,31,31,43,77,77,77,129,129,157,169,169,248,248,260,260,185,200,215,215,244,244,267,267,293,293,343,393,393,393],"floor_reached":33,"playtime":1797,"items_purged":[],"score":538,"play_id":"8fbd1c20-1de1-410d-a6e1-7db0db963b44","local_time":"20190405113604","is_ascension_mode":true,"campfire_choices":[{"data":"Zap","floor":6,"key":"SMITH"},{"floor":10,"key":"REST"},{"data":"Coolheaded","floor":12,"key":"SMITH"},{"data":"Hologram","floor":15,"key":"SMITH"},{"floor":23,"key":"REST"},{"floor":25,"key":"REST"},{"data":"Seek","floor":29,"key":"SMITH"},{"floor":32,"key":"REST"}],"neow_cost":"NONE","seed_source_timestamp":4512669040933,"circlet_count":0,"master_deck":["AscendersBane","Strike_B","Defend_B","Defend_B","Defend_B","Defend_B+1","Zap+1","Dualcast","Ball Lightning+1","Gash","Coolheaded+1","Seek+1","Hologram+1","Reinforced Body","Rainbow","Sunder+1","Ball Lightning+1","FTL+1","Core Surge+1","Gash+1","Sweeping Beam+1"],"relics":["Cracked Core","Pen Nib","Bronze Scales","Molten Egg 2","Bottled Lightning","The Courier","Runic Dome","PreservedInsect","Juzu Bracelet","Red Mask","Bag of Marbles"],"potions_floor_usage":[8,8,16,23,33],"damage_taken":[{"damage":5,"enemies":"Small Slimes","floor":1,"turns":4},{"damage":0,"enemies":"Jaw Worm","floor":5,"turns":3},{"damage":6,"enemies":"Cultist","floor":7,"turns":3},{"damage":3,"enemies":"3 Sentries","floor":8,"turns":6},{"damage":32,"enemies":"Gremlin Nob","floor":13,"turns":4},{"damage":0,"enemies":"3 Louse","floor":14,"turns":2},{"damage":2,"enemies":"Hexaghost","floor":16,"turns":8},{"damage":18,"enemies":"2 Thieves","floor":18,"turns":4},{"damage":6,"enemies":"Shell Parasite","floor":21,"turns":5},{"damage":0,"enemies":"3 Cultists","floor":22,"turns":4},{"damage":19,"enemies":"Book of Stabbing","floor":24,"turns":4},{"damage":0,"enemies":"Masked Bandits","floor":28,"turns":2},{"damage":100,"enemies":"Collector","floor":33,"turns":9}],"seed_played":"4997257962647919632","potions_obtained":[{"floor":1,"key":"Block Potion"},{"floor":7,"key":"SkillPotion"},{"floor":8,"key":"SpeedPotion"},{"floor":13,"key":"PowerPotion"},{"floor":21,"key":"Strength Potion"},{"floor":22,"key":"Fruit Juice"}],"is_trial":false,"path_per_floor":["M","?","$","?","M","R","M","E","T","R","T","R","E","M","R","B",null,"M","?","?","M","M","R","E","R","T","?","?","R","?","T","R","B"],"character_chosen":"DEFECT","items_purchased":["Bronze Scales"],"campfire_rested":4,"item_purchase_floors":[3],"current_hp_per_floor":[59,48,48,27,27,27,21,18,18,39,39,39,7,7,7,5,55,37,17,17,11,11,40,21,45,45,45,45,45,45,45,69,0],"gold":393,"neow_bonus":"RANDOM_COMMON_RELIC","is_prod":false,"is_daily":false,"chose_seed":false,"campfire_upgraded":4,"win_rate":0,"timestamp":1554478564,"path_taken":["M","?","$","?","M","R","M","E","T","R","?","R","E","?","R","BOSS","M","?","?","M","M","R","E","R","T","?","?","R","?","?","R","BOSS"],"build_version":"2019-01-23","purchased_purges":0,"victory":false,"max_hp_per_floor":[71,71,71,71,71,71,71,71,71,71,71,71,71,71,71,71,71,71,76,76,76,76,81,81,81,81,81,81,81,81,81,81,81],"card_choices":[{"not_picked":["Heatsinks","Barrage"],"picked":"Ball Lightning","floor":1},{"not_picked":["Steam Power","Hologram"],"picked":"Gash","floor":5},{"not_picked":["Rebound","Auto Shields"],"picked":"Coolheaded","floor":7},{"not_picked":["Streamline","Beam Cell"],"picked":"Seek","floor":8},{"not_picked":["Stack","Beam Cell+1"],"picked":"Hologram","floor":13},{"not_picked":["Tempest","Recycle"],"picked":"Reinforced Body","floor":14},{"not_picked":["Creative AI","Amplify"],"picked":"Rainbow","floor":16},{"not_picked":["Chaos","Recycle"],"picked":"Sunder+1","floor":18},{"not_picked":["Conserve Battery","Stack","Capacitor"],"picked":"SKIP","floor":21},{"not_picked":["Turbo","Leap"],"picked":"Ball Lightning+1","floor":22},{"not_picked":["Blizzard+1","Leap"],"picked":"FTL+1","floor":24},{"not_picked":["Darkness","Genetic Algorithm+1"],"picked":"Sweeping Beam+1","floor":28}],"player_experience":1237198,"relics_obtained":[{"floor":8,"key":"Molten Egg 2"},{"floor":9,"key":"Bottled Lightning"},{"floor":13,"key":"The Courier"},{"floor":24,"key":"PreservedInsect"},{"floor":26,"key":"Juzu Bracelet"},{"floor":28,"key":"Red Mask"},{"floor":31,"key":"Bag of Marbles"}],"event_choices":[{"damage_healed":0,"gold_gain":75,"player_choice":"Gather Gold","damage_taken":11,"max_hp_gain":0,"max_hp_loss":0,"event_name":"World of Goop","floor":2,"gold_loss":0},{"damage_healed":0,"gold_gain":0,"player_choice":"Entered Light","damage_taken":21,"max_hp_gain":0,"max_hp_loss":0,"event_name":"Shining Light","floor":4,"gold_loss":0,"cards_upgraded":["Ball Lightning","Defend_B"]},{"damage_healed":0,"gold_gain":0,"player_choice":"Shed Blood","damage_taken":25,"max_hp_gain":5,"max_hp_loss":0,"event_name":"Forgotten Altar","floor":19,"gold_loss":0},{"cards_removed":["Strike_B"],"damage_healed":0,"gold_gain":0,"player_choice":"Gave Gold","damage_taken":0,"max_hp_gain":0,"max_hp_loss":0,"event_name":"Beggar","floor":20,"gold_loss":75},{"damage_healed":0,"gold_gain":0,"cards_transformed":["Strike_B","Strike_B"],"player_choice":"Became Test Subject","damage_taken":0,"max_hp_gain":0,"max_hp_loss":0,"event_name":"Drug Dealer","floor":27,"gold_loss":0,"cards_obtained":["Core Surge","Gash"]},{"damage_healed":0,"gold_gain":0,"player_choice":"Fought Bandits","damage_taken":0,"max_hp_gain":0,"max_hp_loss":0,"event_name":"Masked Bandits","floor":28,"gold_loss":0},{"damage_healed":0,"gold_gain":50,"player_choice":"Stole From Cult","damage_taken":0,"max_hp_gain":0,"max_hp_loss":0,"event_name":"Nest","floor":30,"gold_loss":0}],"is_beta":false,"boss_relics":[{"not_picked":["Sozu","Inserter"],"picked":"Runic Dome"}],"items_purged_floors":[],"is_endless":false,"potions_floor_spawned":[1,7,8,13,21,22],"killed_by":"Collector","ascension_level":20}