{"gold_per_floor":[112,187,187,60,78,78,113,62,62,62,74,88,123,133,133,228,228,247,247,142,152,172,172],"floor_reached":23,"playtime":703,"items_purged":[],"score":330,"play_id":"1a0b79d0-8b3f-4f51-9174-436a8178dcff","local_time":"20181228150953","is_ascension_mode":true,"campfire_choices":[{"data":"Double Energy","floor":6,"key":"SMITH"},{"data":"Tempest","floor":10,"key":"SMITH"},{"floor":15,"key":"REST"}],"neow_cost":"NONE","seed_source_timestamp":585666531988320,"circlet_count":0,"master_deck":["Strike_B","Strike_B","Strike_B","Strike_B","Defend_B","Defend_B","Defend_B","Defend_B","Zap","Dualcast","Go for the Eyes","Double Energy+1","Conserve Battery","Conserve Battery","Tempest+1","Turbo","Ball Lightning","Glacier","Chill","Storm","Electrodynamics","Conserve Battery+1","Heatsinks","Coolheaded","Force Field","Double Energy","Conserve Battery"],"relics":["Cracked Core","NeowsBlessing","Centennial Puzzle","Pantograph","Cables","Happy Flower","Sozu"],"potions_floor_usage":[13,23],"damage_taken":[{"damage":0,"enemies":"2 Louse","floor":1,"turns":1},{"damage":0,"enemies":"Jaw Worm","floor":5,"turns":1},{"damage":0,"enemies":"Gremlin Nob","floor":7,"turns":1},{"damage":0,"enemies":"Cultist","floor":11,"turns":3},{"damage":5,"enemies":"2 Fungi Beasts","floor":12,"turns":2},{"damage":23,"enemies":"Lagavulin","floor":13,"turns":4},{"damage":0,"enemies":"Lots of Slimes","floor":14,"turns":3},{"damage":48,"enemies":"The Guardian","floor":16,"turns":10},{"damage":12,"enemies":"Spheric Guardian","floor":18,"turns":4},{"damage":19,"enemies":"3 Byrds","floor":21,"turns":4},{"damage":8,"enemies":"Snecko","floor":22,"turns":6},{"damage":25,"enemies":"Gremlin Leader","floor":23,"turns":5}],"seed_played":"732021466423877587","potions_obtained":[{"floor":1,"key":"FearPotion"},{"floor":11,"key":"PowerPotion"},{"floor":13,"key":"SkillPotion"}],"is_trial":false,"path_per_floor":["M","?","?","$","M","R","E","$","T","R","M","M","E","M","R","B",null,"M","?","$","M","M","E"],"character_chosen":"DEFECT","items_purchased":["Double Energy","Conserve Battery","Turbo","Coolheaded","Force Field"],"campfire_rested":1,"item_purchase_floors":[4,4,8,20,20],"current_hp_per_floor":[68,57,57,57,57,57,57,57,57,57,57,52,29,29,51,27,63,51,51,51,32,24,0],"gold":172,"neow_bonus":"THREE_ENEMY_KILL","is_prod":false,"is_daily":false,"chose_seed":false,"campfire_upgraded":2,"win_rate":0,"timestamp":1546020593,"path_taken":["M","?","?","$","M","R","E","$","T","R","?","M","E","M","R","BOSS","M","?","$","M","M","E"],"build_version":"2018-12-20","purchased_purges":0,"victory":false,"max_hp_per_floor":[75,75,75,75,75,75,75,75,75,75,75,75,75,75,75,75,75,75,75,75,75,75,75],"card_choices":[{"not_picked":["Genetic Algorithm","Cold Snap"],"picked":"Go for the Eyes","floor":1},{"not_picked":["Tempest","Compile Driver"],"picked":"Conserve Battery","floor":5},{"not_picked":["Meteor Strike","Leap"],"picked":"Tempest","floor":7},{"not_picked":["Force Field","Capacitor"],"picked":"Ball Lightning","floor":11},{"not_picked":["Redo","Beam Cell"],"picked":"Glacier","floor":12},{"not_picked":["Beam Cell","Sweeping Beam"],"picked":"Chill","floor":13},{"not_picked":["Streamline","Coolheaded"],"picked":"Storm","floor":14},{"not_picked":["Echo Form","Thunder Strike"],"picked":"Electrodynamics","floor":16},{"not_picked":["Go for the Eyes","Streamline"],"picked":"Conserve Battery+1","floor":18},{"not_picked":["Darkness","Conserve Battery"],"picked":"Double Energy","floor":21},{"not_picked":["Coolheaded","Streamline+1"],"picked":"Conserve Battery","floor":22}],"player_experience":554567,"relics_obtained":[{"floor":7,"key":"Pantograph"},{"floor":9,"key":"Cables"},{"floor":13,"key":"Happy Flower"}],"event_choices":[{"damage_healed":0,"gold_gain":75,"player_choice":"Gather Gold","damage_taken":11,"max_hp_gain":0,"max_hp_loss":0,"event_name":"World of Goop","floor":2,"gold_loss":0},{"damage_healed":0,"gold_gain":0,"player_choice":"Gave Potion","damage_taken":0,"relics_obtained":["Centennial Puzzle"],"max_hp_gain":0,"max_hp_loss":0,"event_name":"WeMeetAgain","floor":3,"gold_loss":0},{"damage_healed":0,"gold_gain":0,"player_choice":"Read","damage_taken":0,"max_hp_gain":0,"max_hp_loss":0,"event_name":"The Library","floor":19,"gold_loss":0,"cards_obtained":["Heatsinks"]}],"is_beta":false,"boss_relics":[{"not_picked":["Ectoplasm","Cursed Key"],"picked":"Sozu"}],"items_purged_floors":[],"is_endless":false,"potions_floor_spawned":[1,11,13],"killed_by":"Gremlin Leader","ascension_level":7}