{"gold_per_floor":[109,109,109,9,25,25,54,54,54,54,68,68,134,158,158,286,286,307,323,338,46,46,78,78,159,159,37,37,16,16,48,48,152,152,171,16,29,49,19,51,64,77,103,103,119,16,16,26,26,26],"floor_reached":50,"playtime":2193,"items_purged":["Parasite"],"score":647,"play_id":"0756acdd-2597-423f-8529-14ecad8bcef7","local_time":"20190427180437","is_ascension_mode":true,"campfire_choices":[{"data":"Dualcast","floor":6.0,"key":"SMITH"},{"data":"Buffer","floor":15.0,"key":"SMITH"},{"data":"Self Repair","floor":28.0,"key":"SMITH"},{"data":"Defragment","floor":30.0,"key":"SMITH"},{"data":"Multi-Cast","floor":32.0,"key":"SMITH"},{"floor":49,"key":"RECALL"}],"neow_cost":"NONE","seed_source_timestamp":0,"circlet_count":0,"master_deck":["Strike_B+1","Strike_B","Strike_B","Strike_B+1","Defend_B","Defend_B+1","Defend_B","Zap+1","Dualcast+1","Ball Lightning","Gash","Sweeping Beam","FTL","Beam Cell","Streamline","Conserve Battery","Buffer+1","Multi-Cast+1","Defragment+1","Ball Lightning","Beam Cell+1","Self Repair","Storm","Storm","Storm","Self Repair+1","Melter","Gash","Hello World","Leap","Ball Lightning","Creative AI","Gash+1","Gash","Auto Shields+1","Capacitor","Gash","Tempest+1","Gash","Barrage","Buffer+1"],"special_seed":0,"relics":["Cracked Core","NeowsBlessing","Centennial Puzzle","Ornamental Fan","Mummified Hand","The Courier","Bloody Idol","Tiny Chest","Coffee Dripper","Letter Opener","Symbiotic Virus","Matryoshka","DataDisk","Sozu","Vajra","Turnip","Whetstone"],"potions_floor_usage":[],"damage_taken":[{"damage":0.0,"enemies":"Jaw Worm","floor":1.0,"turns":1.0},{"damage":0.0,"enemies":"2 Louse","floor":5.0,"turns":1.0},{"damage":0.0,"enemies":"Gremlin Nob","floor":7.0,"turns":1.0},{"damage":0.0,"enemies":"Cultist","floor":11.0,"turns":2.0},{"damage":16.0,"enemies":"3 Sentries","floor":13.0,"turns":7.0},{"damage":0.0,"enemies":"Gremlin Gang","floor":14.0,"turns":1.0},{"damage":21.0,"enemies":"Hexaghost","floor":16.0,"turns":9.0},{"damage":0.0,"enemies":"Shell Parasite","floor":18.0,"turns":3.0},{"damage":0.0,"enemies":"Spheric Guardian","floor":19.0,"turns":3.0},{"damage":8.0,"enemies":"Centurion and Healer","floor":20.0,"turns":6.0},{"damage":20.0,"enemies":"Gremlin Leader","floor":23.0,"turns":4.0},{"damage":9.0,"enemies":"Book of Stabbing","floor":31.0,"turns":3.0},{"damage":53.0,"enemies":"Automaton","floor":33.0,"turns":7.0},{"damage":28.0,"enemies":"3 Darklings","floor":35.0,"turns":3.0},{"damage":24,"enemies":"3 Shapes","floor":37,"turns":2},{"damage":23,"enemies":"Writhing Mass","floor":38,"turns":3},{"damage":22,"enemies":"Giant Head","floor":40,"turns":6},{"damage":22,"enemies":"Sphere and 2 Shapes","floor":41,"turns":4},{"damage":18,"enemies":"Transient","floor":42,"turns":5},{"damage":18,"enemies":"Spire Growth","floor":45,"turns":4},{"damage":13,"enemies":"4 Shapes","floor":48,"turns":3},{"damage":35,"enemies":"Donu and Deca","floor":50,"turns":2}],"seed_played":"6671652512781729484","potions_obtained":[{"floor":11.0,"key":"Regen Potion"},{"floor":13.0,"key":"AttackPotion"},{"floor":14.0,"key":"Fire Potion"},{"floor":18.0,"key":"SteroidPotion"},{"floor":23.0,"key":"SteroidPotion"}],"is_trial":false,"path_per_floor":["M","?","?","$","M","R","E","?","T","T","M","?","E","M","R","B",null,"M","M","M","$","?","E","?","T","T","$","R","$","R","E","R","B",null,"M","$","M","M","$","E","M","M","T","?","M","$","?","M","R","B"],"character_chosen":"DEFECT","items_purchased":["Gash","Sweeping Beam","Self Repair","Storm","Storm","Storm","Self Repair","Gash","Hello World","Leap","Ball Lightning","Vajra","Gash","Capacitor","Barrage"],"campfire_rested":0,"item_purchase_floors":[4,4,21,21,21,21,21,27,27,27,29,36,36,39,46],"current_hp_per_floor":[75,75,60,60,60,60,60,48,48,48,48,48,47,47,47,26,75,75,75,67,67,67,66,66,71,71,71,71,71,71,74,74,43,75,59,59,50,39,39,39,32,29,34,34,28,28,28,30,30,0],"gold":26,"neow_bonus":"THREE_ENEMY_KILL","is_prod":false,"is_daily":false,"chose_seed":false,"campfire_upgraded":5,"win_rate":0,"timestamp":1556402677,"path_taken":["M","?","?","$","M","R","E","?","T","?","M","?","E","?","R","BOSS","M","M","M","$","?","E","?","?","T","$","R","$","R","E","R","BOSS","M","?","M","?","$","E","?","M","T","?","M","$","?","M","R","BOSS"],"build_version":"2019-01-23","purchased_purges":1,"victory":false,"max_hp_per_floor":[75,75,75,75,75,75,75,75,75,75,75,75,75,75,75,75,75,75,75,75,75,75,75,75,75,75,75,75,75,75,75,75,75,75,75,75,75,75,75,75,75,75,75,75,75,72,72,72,72,72],"card_choices":[{"not_picked":["Barrage","Cold Snap"],"picked":"Ball Lightning","floor":1.0},{"not_picked":["BootSequence","Cold Snap"],"picked":"FTL","floor":5.0},{"not_picked":["Go for the Eyes","Barrage"],"picked":"Beam Cell","floor":7.0},{"not_picked":["Turbo","Hello World"],"picked":"Streamline","floor":11.0},{"not_picked":["Tempest","Sweeping Beam"],"picked":"Conserve Battery","floor":13.0},{"not_picked":["Rebound","Recycle"],"picked":"Buffer","floor":14.0},{"not_picked":["Thunder Strike","Seek"],"picked":"Multi-Cast","floor":16.0},{"not_picked":["Redo","Ball Lightning+1"],"picked":"Defragment","floor":18.0},{"not_picked":["Go for the Eyes+1","Rebound"],"picked":"Ball Lightning","floor":19.0},{"not_picked":["Undo","Skim"],"picked":"Beam Cell+1","floor":20.0},{"not_picked":["Barrage","Turbo"],"picked":"Melter","floor":23.0},{"not_picked":["Ball Lightning+1","Hologram","Turbo+1"],"picked":"SKIP","floor":31.0},{"not_picked":["Reboot","Seek"],"picked":"Creative AI","floor":33.0},{"not_picked":["Force Field","Leap+1"],"picked":"Gash+1","floor":35.0},{"not_picked":["Chaos+1","Stack+1","Steam Power"],"picked":"SKIP","floor":37},{"not_picked":["Cold Snap","Defragment"],"picked":"Auto Shields+1","floor":38},{"not_picked":["Compile Driver+1","Reinforced Body","Sunder+1"],"picked":"SKIP","floor":40},{"not_picked":["Hologram","BootSequence+1"],"picked":"Gash","floor":41},{"not_picked":["Static Discharge","Biased Cognition"],"picked":"Tempest+1","floor":42},{"not_picked":["Steam Power","Rebound+1"],"picked":"Gash","floor":45},{"not_picked":["Stack","Reprogram","Recycle+1"],"picked":"SKIP","floor":48}],"player_experience":120482,"relics_obtained":[{"floor":7.0,"key":"Centennial Puzzle"},{"floor":9.0,"key":"Mummified Hand"},{"floor":10.0,"key":"The Courier"},{"floor":13.0,"key":"Tiny Chest"},{"floor":23.0,"key":"Letter Opener"},{"floor":25.0,"key":"Symbiotic Virus"},{"floor":26.0,"key":"Matryoshka"},{"floor":31.0,"key":"DataDisk"},{"floor":40,"key":"Turnip"},{"floor":43,"key":"Whetstone"}],"event_choices":[{"damage_healed":0.0,"max_hp_gain":0.0,"max_hp_loss":0.0,"gold_gain":0.0,"event_name":"Liars Game","player_choice":"Ignored","floor":2.0,"gold_loss":0.0,"damage_taken":0.0},{"damage_healed":0.0,"max_hp_gain":0.0,"max_hp_loss":0.0,"gold_gain":0.0,"event_name":"Shining Light","player_choice":"Entered Light","floor":3.0,"gold_loss":0.0,"damage_taken":15.0,"cards_upgraded":["Zap","Defend_B"]},{"damage_healed":0.0,"max_hp_gain":0.0,"max_hp_loss":0.0,"gold_gain":0.0,"event_name":"Scrap Ooze","player_choice":"Success","floor":8.0,"gold_loss":0.0,"damage_taken":12.0,"relics_obtained":["Ornamental Fan"]},{"damage_healed":0.0,"max_hp_gain":0.0,"max_hp_loss":0.0,"gold_gain":0.0,"event_name":"Golden Idol","player_choice":"Take Wound","floor":12.0,"gold_loss":0.0,"damage_taken":0.0,"relics_obtained":["Golden Idol"],"cards_obtained":["Injury"]},{"damage_healed":0.0,"max_hp_gain":0.0,"max_hp_loss":0.0,"gold_gain":0.0,"event_name":"Forgotten Altar","player_choice":"Gave Idol","floor":22.0,"relics_lost":["Golden Idol"],"gold_loss":0.0,"damage_taken":0.0,"relics_obtained":["Bloody Idol"]},{"cards_removed":["Injury"],"damage_healed":0.0,"max_hp_gain":0.0,"max_hp_loss":0.0,"gold_gain":0.0,"event_name":"Back to Basics","player_choice":"Elegance","floor":24.0,"gold_loss":0.0,"damage_taken":0.0},{"cards_removed":["Defend_B"],"damage_healed":0,"gold_gain":0,"player_choice":"Removed Skill","damage_taken":0,"max_hp_gain":0,"max_hp_loss":0,"event_name":"Falling","floor":44,"gold_loss":0},{"damage_healed":0,"gold_gain":0,"player_choice":"Copied","damage_taken":0,"max_hp_gain":0,"max_hp_loss":0,"event_name":"Duplicator","floor":47,"gold_loss":0,"cards_obtained":["Buffer"]}],"is_beta":false,"boss_relics":[{"not_picked":["White Beast Statue","Snecko Eye"],"picked":"Coffee Dripper"},{"not_picked":["Calling Bell","Eternal Feather"],"picked":"Sozu"}],"items_purged_floors":[46],"is_endless":false,"potions_floor_spawned":[11,13,14,18,23,38,41,42,48],"killed_by":"Donu and Deca","ascension_level":2}