{"gold_per_floor":[111,124,134,99,74,74,108,108,135,135,135,24,24,38,38,137,137,148,73,23,34,34,34],"floor_reached":23,"playtime":939,"items_purged":[],"score":187,"play_id":"2c78eb8b-6e81-4494-955f-569d836e9c09","local_time":"20190327231126","is_ascension_mode":false,"campfire_choices":[{"data":"Sword Boomerang","floor":6,"key":"SMITH"},{"data":"Sword Boomerang","floor":8,"key":"SMITH"},{"floor":13,"key":"REST"},{"data":"Shrug It Off","floor":15,"key":"SMITH"}],"neow_cost":"NONE","seed_source_timestamp":393762515132500,"circlet_count":0,"master_deck":["Strike_R","Strike_R","Strike_R","Strike_R","Defend_R+1","Defend_R","Defend_R","Defend_R","Bash+1","Shrug It Off+1","Sword Boomerang+1","Sword Boomerang+1","Shrug It Off","Headbutt+1","Rage","Combust","Thunderclap","Reaper","Entrench+1","Armaments","Anger"],"relics":["Burning Blood","Pen Nib","Potion Belt","Snecko Eye"],"potions_floor_usage":[7,16,23],"damage_taken":[{"damage":1,"enemies":"Cultist","floor":1,"turns":3},{"damage":5,"enemies":"2 Louse","floor":2,"turns":3},{"damage":10,"enemies":"Jaw Worm","floor":3,"turns":4},{"damage":39,"enemies":"3 Sentries","floor":7,"turns":13},{"damage":5,"enemies":"3 Louse","floor":14,"turns":3},{"damage":27,"enemies":"Slime Boss","floor":16,"turns":9},{"damage":19,"enemies":"Spheric Guardian","floor":18,"turns":5},{"damage":15,"enemies":"Shell Parasite","floor":21,"turns":6},{"damage":94,"enemies":"Gremlin Leader","floor":23,"turns":4}],"seed_played":"-8639009881218118640","potions_obtained":[{"floor":3,"key":"Swift Potion"},{"floor":7,"key":"Explosive Potion"},{"floor":14,"key":"Weak Potion"},{"floor":21,"key":"Regen Potion"}],"is_trial":false,"path_per_floor":["M","M","M","?","$","R","E","R","T","?","?","$","R","M","R","B",null,"M","?","$","M","?","E"],"character_chosen":"IRONCLAD","items_purchased":["Shrug It Off","Rage","Combust","Armaments"],"campfire_rested":1,"item_purchase_floors":[5,12,12,20],"current_hp_per_floor":[80,80,76,80,80,80,47,47,47,31,24,24,48,49,49,28,80,67,67,67,66,66,0],"gold":34,"neow_bonus":"UPGRADE_CARD","is_prod":false,"is_daily":false,"chose_seed":false,"campfire_upgraded":3,"win_rate":0.0,"timestamp":1553742686,"path_taken":["M","M","?","?","$","R","E","R","T","?","?","$","R","M","R","BOSS","M","?","$","M","?","E"],"build_version":"2019-01-23","purchased_purges":0,"victory":false,"max_hp_per_floor":[80,80,80,80,80,80,80,80,80,80,80,80,80,80,80,80,80,80,80,80,80,80,80],"card_choices":[{"not_picked":["Pommel Strike","Clash"],"picked":"Shrug It Off","floor":1},{"not_picked":["Rage","Searing Blow"],"picked":"Sword Boomerang","floor":2},{"not_picked":["Heavy Blade","Shrug It Off"],"picked":"Sword Boomerang","floor":3},{"not_picked":["Iron Wave","Pommel Strike"],"picked":"Headbutt","floor":7},{"not_picked":["Flex","Headbutt"],"picked":"Thunderclap","floor":14},{"not_picked":["Feed","Bludgeon"],"picked":"Reaper","floor":16},{"not_picked":["Dropkick","Twin Strike"],"picked":"Entrench+1","floor":18},{"not_picked":["Body Slam+1","Entrench"],"picked":"Anger","floor":21}],"player_experience":14123,"relics_obtained":[{"floor":7,"key":"Pen Nib"},{"floor":9,"key":"Potion Belt"}],"event_choices":[{"damage_healed":20,"gold_gain":0,"player_choice":"Healed","damage_taken":0,"max_hp_gain":0,"max_hp_loss":0,"event_name":"The Cleric","floor":4,"gold_loss":35},{"damage_healed":0,"gold_gain":0,"player_choice":"Entered Light","damage_taken":16,"max_hp_gain":0,"max_hp_loss":0,"event_name":"Shining Light","floor":10,"gold_loss":0,"cards_upgraded":["Defend_R","Headbutt"]},{"damage_healed":0,"gold_gain":0,"player_choice":"Fled","damage_taken":7,"max_hp_gain":0,"max_hp_loss":0,"event_name":"Scrap Ooze","floor":11,"gold_loss":0},{"cards_removed":["Strike_R"],"damage_healed":0,"gold_gain":0,"player_choice":"Gave Gold","damage_taken":0,"max_hp_gain":0,"max_hp_loss":0,"event_name":"Beggar","floor":19,"gold_loss":75}],"is_beta":false,"boss_relics":[{"not_picked":["Cursed Key","Fusion Hammer"],"picked":"Snecko Eye"}],"items_purged_floors":[],"is_endless":false,"potions_floor_spawned":[3,7,14,21],"killed_by":"Gremlin Leader","ascension_level":0}