{"gold_per_floor":[114,114,127,139,153,153,180,180,180,180,206,217,217,251,251,346,346,362,48,48,64,74,74,102,102,150,98,98,112,127,157,157,262,262,272,285,43,43,63,63,82,82,82,110,74,74,93,107,107,107],"floor_reached":51,"playtime":4369,"items_purged":[],"score":879,"play_id":"6072fb42-6639-46fe-a89e-3ae1bd64a813","local_time":"20180712153700","is_ascension_mode":true,"campfire_choices":[{"floor":6,"key":"REST"},{"floor":8,"key":"REST"},{"data":"Rip and Tear","floor":10,"key":"SMITH"},{"floor":15,"key":"DIG"},{"floor":23,"key":"REST"},{"floor":25,"key":"REST"},{"floor":28,"key":"REST"},{"floor":32,"key":"REST"},{"floor":40,"key":"REST"},{"floor":42,"key":"REST"},{"floor":49,"key":"DIG"}],"neow_cost":"","seed_source_timestamp":1022140125997897,"circlet_count":0,"master_deck":["Strike_B+1","Strike_B","Strike_B","Strike_B","Defend_B","Defend_B","Defend_B+1","Zap+1","Dualcast+1","White Noise","Leap","Reinforced Body","Rip and Tear+1","White Noise","Echo Form","Leap","Steam Power","Buffer","Force Field","Defragment","RitualDagger","Doom and Gloom","Capacitor","Reinforced Body","Stack","Ball Lightning","Ball Lightning","Buffer","Thunder Strike","Compile Driver+1","Stack+1","Storm","Conserve Battery+1","Mind Blast","Chill+1","Doom and Gloom+1","Seek+1","Reinforced Body+1","Hello World","Hello World"],"relics":["Cracked Core","Mummified Hand","Emotion Chip","Shovel","Blood Vial","Boot","Nuclear Battery","Kunai","Art of War","Omamori","Toxic Egg 2","Fusion Hammer","Oddly Smooth Stone","War Paint","Peace Pipe","Blue Candle"],"potions_floor_usage":[7,11,16,18,30,31,44,47,50],"damage_taken":[{"damage":1,"enemies":"2 Louse","floor":1,"turns":3},{"damage":0,"enemies":"Small Slimes","floor":3,"turns":2},{"damage":0,"enemies":"Cultist","floor":4,"turns":3},{"damage":8,"enemies":"Blue Slaver","floor":5,"turns":4},{"damage":26,"enemies":"Lagavulin","floor":7,"turns":6},{"damage":20,"enemies":"3 Sentries","floor":11,"turns":4},{"damage":9,"enemies":"Exordium Thugs","floor":12,"turns":3},{"damage":10,"enemies":"Gremlin Nob","floor":14,"turns":3},{"damage":25,"enemies":"The Guardian","floor":16,"turns":10},{"damage":3,"enemies":"Chosen","floor":18,"turns":5},{"damage":5,"enemies":"Spheric Guardian","floor":21,"turns":5},{"damage":12,"enemies":"3 Cultists","floor":22,"turns":5},{"damage":67,"enemies":"Gremlin Leader","floor":24,"turns":7},{"damage":0,"enemies":"Snecko","floor":29,"turns":6},{"damage":1,"enemies":"Sentry and Sphere","floor":30,"turns":6},{"damage":25,"enemies":"Book of Stabbing","floor":31,"turns":5},{"damage":2,"enemies":"Champ","floor":33,"turns":9},{"damage":1,"enemies":"Orb Walker","floor":35,"turns":5},{"damage":38,"enemies":"3 Darklings","floor":36,"turns":4},{"damage":12,"enemies":"4 Shapes","floor":39,"turns":4},{"damage":0,"enemies":"Maw","floor":41,"turns":9},{"damage":0,"enemies":"Nemesis","floor":44,"turns":5},{"damage":0,"enemies":"3 Darklings","floor":47,"turns":5},{"damage":3,"enemies":"4 Shapes","floor":48,"turns":3},{"damage":76,"enemies":"Time Eater","floor":50,"turns":10}],"seed_played":"-1148435289942621609","potions_obtained":[{"floor":4,"key":"Regen Potion"},{"floor":5,"key":"FearPotion"},{"floor":12,"key":"Ancient Potion"},{"floor":14,"key":"SkillPotion"},{"floor":21,"key":"FairyPotion"},{"floor":24,"key":"Block Potion"},{"floor":29,"key":"Swift Potion"},{"floor":35,"key":"Poison Potion"},{"floor":39,"key":"Swift Potion"},{"floor":44,"key":"EssenceOfSteel"}],"is_trial":false,"path_per_floor":["M","?","M","M","M","R","E","R","T","R","E","M","?","E","R","B",null,"M","$","?","M","M","R","E","R","T","$","R","M","M","E","R","B",null,"M","M","$","?","M","R","M","R","T","E","$","?","M","M","R","B"],"character_chosen":"DEFECT","items_purchased":["Kunai","Defragment","Stack","Storm","Oddly Smooth Stone","Conserve Battery+1","Reinforced Body+1"],"campfire_rested":8,"item_purchase_floors":[19,19,27,37,37,37,45],"current_hp_per_floor":[74,59,59,66,58,75,49,71,71,71,56,47,72,62,62,39,75,72,72,66,63,53,75,8,30,30,30,52,54,55,32,54,54,75,74,44,44,44,34,56,58,75,75,75,75,75,75,72,72,7],"gold":107,"neow_bonus":"","is_prod":false,"is_daily":false,"chose_seed":false,"campfire_upgraded":1,"win_rate":0,"timestamp":1531420620,"path_taken":["M","?","M","M","M","R","E","R","T","R","E","M","?","E","R","BOSS","M","$","?","M","M","R","E","R","T","$","R","M","M","E","R","BOSS","M","M","$","?","?","R","M","R","T","E","$","?","M","M","R","BOSS"],"build_version":"2018-07-05","purchased_purges":0,"victory":true,"max_hp_per_floor":[75,75,75,75,75,75,75,75,75,75,75,75,75,75,75,75,75,75,75,75,75,75,75,75,75,75,75,75,75,75,75,75,75,75,75,75,75,75,75,75,75,75,75,75,75,75,75,75,75,75],"card_choices":[{"not_picked":["Rebound","Force Field"],"picked":"White Noise","floor":1},{"not_picked":["Stack","Storm"],"picked":"Leap","floor":3},{"not_picked":["Redo","Stack"],"picked":"Reinforced Body","floor":4},{"not_picked":["Skim","Cold Snap"],"picked":"Rip and Tear","floor":5},{"not_picked":["Conserve Battery","Tempest"],"picked":"White Noise","floor":7},{"not_picked":["Turbo","White Noise"],"picked":"Echo Form","floor":11},{"not_picked":["Doom and Gloom","Barrage"],"picked":"Leap","floor":12},{"not_picked":["Leap","Steam"],"picked":"Steam Power","floor":14},{"not_picked":["Multi-Cast","All For One"],"picked":"Buffer","floor":16},{"not_picked":["Stack+1","Aggregate"],"picked":"Force Field","floor":18},{"not_picked":["Steam","Turbo"],"picked":"Doom and Gloom","floor":21},{"not_picked":["Darkness","Steam+1"],"picked":"Capacitor","floor":22},{"not_picked":["Meteor Strike","Scrape"],"picked":"Reinforced Body","floor":24},{"not_picked":["Turbo","Leap"],"picked":"Ball Lightning","floor":29},{"not_picked":["Leap","Turbo+1"],"picked":"Ball Lightning","floor":30},{"not_picked":["Sweeping Beam","Conserve Battery"],"picked":"Buffer","floor":31},{"not_picked":["Multi-Cast+1","Hyperbeam"],"picked":"Thunder Strike","floor":33},{"not_picked":["Cold Snap","Streamline+1"],"picked":"Compile Driver+1","floor":35},{"not_picked":["Streamline+1","Cold Snap+1"],"picked":"Stack+1","floor":36},{"not_picked":["Blind+1","Enlightenment+1"],"picked":"Mind Blast","floor":38},{"not_picked":["Rip and Tear","Capacitor+1"],"picked":"Chill+1","floor":39},{"not_picked":["Turbo+1","Streamline"],"picked":"Doom and Gloom+1","floor":41},{"not_picked":["Blizzard","Static Discharge+1"],"picked":"Seek+1","floor":44},{"not_picked":["Redo+1","Go for the Eyes+1"],"picked":"Hello World","floor":47},{"not_picked":["Conserve Battery+1","Turbo+1"],"picked":"Hello World","floor":48}],"player_experience":439043,"relics_obtained":[{"floor":7,"key":"Mummified Hand"},{"floor":9,"key":"Emotion Chip"},{"floor":11,"key":"Shovel"},{"floor":14,"key":"Blood Vial"},{"floor":15,"key":"Boot"},{"floor":24,"key":"Art of War"},{"floor":26,"key":"Omamori"},{"floor":31,"key":"Toxic Egg 2"},{"floor":43,"key":"War Paint"},{"floor":44,"key":"Peace Pipe"},{"floor":49,"key":"Blue Candle"}],"event_choices":[{"event_name":"Shining Light","player_choice":"Entered Light","floor":2,"damage_taken":0},{"event_name":"Big Fish","player_choice":"Banana","floor":13,"damage_taken":0},{"event_name":"Nest","player_choice":"Joined the Cult","floor":20,"damage_taken":0},{"event_name":"SensoryStone","player_choice":"Memory 1","floor":38,"damage_taken":0},{"event_name":"Falling","player_choice":"Removed Skill","floor":46,"damage_taken":0}],"boss_relics":[{"not_picked":["Inserter","Coffee Dripper"],"picked":"Nuclear Battery"},{"not_picked":["Velvet Choker","Tiny House"],"picked":"Fusion Hammer"}],"items_purged_floors":[],"is_endless":false,"potions_floor_spawned":[4,5,12,14,21,24,29,35,39,44],"ascension_level":4}