{"gold_per_floor":[362,437,437,457,7,7,36,50,50,61,93,110,142,160,160,264,264,284,294,308,322,337,366,366,86,112,112,127,152,152,6,6,111,111,122,142,142,160,172,172,206,108,158,158,158,158,158,29,29,29,29,29,3,31,31],"floor_reached":56,"playtime":2628,"items_purged":["Strike_B","Strike_B","Strike_B","Zap"],"score":1262,"play_id":"b7db2f3b-4e9f-4d1a-95da-ab8cac6bdb8b","local_time":"20190319122735","is_ascension_mode":false,"campfire_choices":[{"data":"Defragment","floor":6,"key":"SMITH"},{"data":"1","floor":15,"key":"LIFT"},{"floor":24,"key":"REST"},{"data":"2","floor":27,"key":"LIFT"},{"data":"3","floor":30,"key":"LIFT"},{"floor":32,"key":"REST"},{"data":"Strike_B","floor":40,"key":"PURGE"},{"data":"Defend_B","floor":44,"key":"PURGE"},{"floor":47,"key":"RECALL"},{"data":"Streamline+1","floor":49,"key":"PURGE"},{"data":"Defend_B+1","floor":52,"key":"PURGE"}],"neow_cost":"TEN_PERCENT_HP_LOSS","seed_source_timestamp":249386189750718,"circlet_count":0,"master_deck":["Defend_B+1","Defend_B+1","Dualcast+1","Defragment+1","Coolheaded+1","Rip and Tear+1","Core Surge+1","Streamline+1","Cold Snap+1","Compile Driver+1","Echo Form+1","Capacitor+1","Sweeping Beam+1","Machine Learning+1","Seek+1","Skim+1","Ball Lightning+1","Amplify+1","Hologram+1","Defragment+1","Panache+1","Electrodynamics+1","Leap+1","Turbo+1","Go for the Eyes+1"],"relics":["FrozenCore","Peace Pipe","Membership Card","Pocketwatch","Bottled Flame","Calipers","Girya","Happy Flower","Fusion Hammer","Frozen Egg 2","Mercury Hourglass","Bag of Preparation","Sundial","FossilizedHelix","Unceasing Top","Mark of the Bloom","Shuriken","Bronze Scales"],"potions_floor_usage":[7,13,13,19,21,22,23,28,29,41,41,50,55,55,55],"damage_taken":[{"damage":0,"enemies":"Cultist","floor":1,"turns":3},{"damage":3,"enemies":"Jaw Worm","floor":4,"turns":4},{"damage":1,"enemies":"3 Sentries","floor":7,"turns":2},{"damage":0,"enemies":"Small Slimes","floor":8,"turns":3},{"damage":4,"enemies":"Red Slaver","floor":10,"turns":3},{"damage":10,"enemies":"Gremlin Nob","floor":11,"turns":3},{"damage":3,"enemies":"Looter","floor":12,"turns":3},{"damage":1,"enemies":"3 Sentries","floor":13,"turns":5},{"damage":5,"enemies":"3 Louse","floor":14,"turns":3},{"damage":7,"enemies":"Hexaghost","floor":16,"turns":8},{"damage":4,"enemies":"Chosen","floor":18,"turns":4},{"damage":9,"enemies":"Shell Parasite","floor":19,"turns":5},{"damage":5,"enemies":"Sentry and Sphere","floor":20,"turns":5},{"damage":6,"enemies":"Cultist and Chosen","floor":21,"turns":4},{"damage":2,"enemies":"Shelled Parasite and Fungi","floor":22,"turns":7},{"damage":27,"enemies":"Slavers","floor":23,"turns":2},{"damage":0,"enemies":"Snake Plant","floor":28,"turns":4},{"damage":8,"enemies":"Book of Stabbing","floor":29,"turns":5},{"damage":22,"enemies":"Champ","floor":33,"turns":6},{"damage":7,"enemies":"Orb Walker","floor":35,"turns":3},{"damage":16,"enemies":"3 Darklings","floor":36,"turns":3},{"damage":0,"enemies":"Writhing Mass","floor":38,"turns":5},{"damage":0,"enemies":"Spire Growth","floor":39,"turns":4},{"damage":0,"enemies":"Reptomancer","floor":41,"turns":6},{"damage":9,"enemies":"Time Eater","floor":50,"turns":7},{"damage":7,"enemies":"Shield and Spear","floor":54,"turns":4},{"damage":6,"enemies":"The Heart","floor":55,"turns":7}],"seed_played":"5978915955821286450","potions_obtained":[{"floor":7,"key":"FairyPotion"},{"floor":10,"key":"Swift Potion"},{"floor":12,"key":"Explosive Potion"},{"floor":14,"key":"Explosive Potion"},{"floor":16,"key":"Weak Potion"},{"floor":18,"key":"FocusPotion"},{"floor":21,"key":"Weak Potion"},{"floor":22,"key":"PowerPotion"},{"floor":28,"key":"FearPotion"},{"floor":38,"key":"Weak Potion"},{"floor":39,"key":"Block Potion"},{"floor":46,"key":"Block Potion"},{"floor":46,"key":"PowerPotion"}],"is_trial":false,"path_per_floor":["M","?","?","M","$","R","E","M","T","M","E","M","E","M","R","B",null,"M","M","M","M","M","E","R","$","T","R","M","E","R","$","R","B",null,"M","M","?","M","M","R","E","$","T","R","?","?","R","$","R","B",null,"R","$","E","B",null],"character_chosen":"DEFECT","items_purchased":["Membership Card","PowerPotion","Rip and Tear","Pocketwatch","Mercury Hourglass","LiquidBronze","Amplify","Weak Potion","Panache+1","Go for the Eyes","Shuriken","Strength Potion"],"campfire_rested":2,"item_purchase_floors":[5,5,5,5,25,25,25,25,31,42,48,53],"current_hp_per_floor":[68,57,57,54,54,54,53,53,53,49,39,36,35,30,30,23,68,64,55,50,44,42,15,35,35,35,35,35,27,27,27,47,25,68,61,45,45,45,45,45,45,45,45,45,45,45,45,45,45,36,36,36,36,29,23],"gold":31,"neow_bonus":"TWO_FIFTY_GOLD","is_prod":false,"is_daily":false,"chose_seed":false,"campfire_upgraded":1,"win_rate":0,"timestamp":1552998455,"path_taken":["M","?","?","M","$","R","E","M","T","M","E","M","E","M","R","BOSS","M","M","?","M","M","E","R","$","T","R","M","E","R","$","R","BOSS","M","?","?","M","M","R","E","?","T","R","?","?","R","$","R","BOSS","R","$","E","BOSS"],"build_version":"2019-03-15","purchased_purges":4,"victory":true,"max_hp_per_floor":[68,68,68,68,68,68,68,68,68,68,68,68,68,68,68,68,68,68,68,68,68,68,68,68,68,68,68,68,68,68,68,68,68,68,68,68,68,68,68,68,68,68,68,68,68,68,68,68,68,68,68,68,68,68,68],"card_choices":[{"not_picked":["Sweeping Beam","Cold Snap"],"picked":"Defragment","floor":1},{"not_picked":["Compile Driver","Sunder"],"picked":"Coolheaded","floor":4},{"not_picked":["Coolheaded","Turbo"],"picked":"Core Surge","floor":7},{"not_picked":["Redo","Beam Cell"],"picked":"Streamline","floor":8},{"not_picked":["Compile Driver","Barrage"],"picked":"Cold Snap","floor":10},{"not_picked":["Hello World","Rip and Tear"],"picked":"Compile Driver","floor":11},{"not_picked":["Cold Snap","Sweeping Beam"],"picked":"Echo Form","floor":12},{"not_picked":["Consume","Fusion"],"picked":"Capacitor","floor":13},{"not_picked":["Go for the Eyes","Skim"],"picked":"Sweeping Beam","floor":14},{"not_picked":["Hyperbeam","Multi-Cast"],"picked":"Machine Learning","floor":16},{"not_picked":["Rebound","Beam Cell","Go for the Eyes"],"picked":"SKIP","floor":18},{"not_picked":["Lockon+1","Darkness","Rebound+1"],"picked":"SKIP","floor":19},{"not_picked":["Skim","Lockon"],"picked":"Seek","floor":20},{"not_picked":["Hello World","Auto Shields"],"picked":"Skim","floor":21},{"not_picked":["Turbo","Beam Cell"],"picked":"Streamline+1","floor":22},{"not_picked":["Redo","Streamline"],"picked":"Ball Lightning","floor":23},{"not_picked":["Aggregate+1","Cold Snap"],"picked":"Hologram+1","floor":28},{"not_picked":["Conserve Battery","Heatsinks+1"],"picked":"Defragment+1","floor":29},{"not_picked":["Echo Form+1","Core Surge"],"picked":"Electrodynamics+1","floor":33},{"not_picked":["Stack","Turbo"],"picked":"Leap","floor":35},{"not_picked":["Leap","Gash","Lockon"],"picked":"SKIP","floor":36},{"not_picked":["Reprogram+1","Scrape","Redo"],"picked":"SKIP","floor":38},{"not_picked":["White Noise+1","Redo","Double Energy"],"picked":"SKIP","floor":39},{"not_picked":["Steam","Leap"],"picked":"Turbo+1","floor":41},{"not_picked":["Stack","Beam Cell","All For One"],"picked":"SKIP","floor":54}],"player_experience":1102061,"relics_obtained":[{"floor":3,"key":"Peace Pipe"},{"floor":7,"key":"Bottled Flame"},{"floor":9,"key":"Calipers"},{"floor":11,"key":"Girya"},{"floor":13,"key":"Happy Flower"},{"floor":23,"key":"Frozen Egg 2"},{"floor":26,"key":"Bag of Preparation"},{"floor":29,"key":"Sundial"},{"floor":37,"key":"FossilizedHelix"},{"floor":41,"key":"Unceasing Top"},{"floor":54,"key":"Bronze Scales"}],"event_choices":[{"damage_healed":0,"gold_gain":75,"player_choice":"Gather Gold","damage_taken":11,"max_hp_gain":0,"max_hp_loss":0,"event_name":"World of Goop","floor":2,"gold_loss":0},{"damage_healed":0,"gold_gain":0,"player_choice":"Relic","damage_taken":0,"max_hp_gain":0,"max_hp_loss":0,"event_name":"Wheel of Change","floor":3,"gold_loss":0},{"damage_healed":0,"gold_gain":0,"player_choice":"Relic","damage_taken":0,"max_hp_gain":0,"max_hp_loss":0,"event_name":"Wheel of Change","floor":37,"gold_loss":0},{"damage_healed":0,"gold_gain":0,"player_choice":"Upgrade","damage_taken":0,"relics_obtained":["Mark of the Bloom"],"max_hp_gain":0,"max_hp_loss":0,"event_name":"MindBloom","floor":45,"gold_loss":0,"cards_upgraded":["Defend_B","Defend_B","Defend_B","Dualcast","Coolheaded","Rip and Tear","Core Surge","Streamline","Cold Snap","Compile Driver","Echo Form","Capacitor","Sweeping Beam","Machine Learning","Seek","Skim","Ball Lightning","Amplify","Leap","Go for the Eyes"]},{"damage_healed":0,"gold_gain":0,"player_choice":"Got Potions","damage_taken":0,"max_hp_gain":0,"max_hp_loss":0,"event_name":"Lab","floor":46,"gold_loss":0}],"is_beta":true,"boss_relics":[{"not_picked":["Coffee Dripper","Tiny House"],"picked":"Fusion Hammer"},{"not_picked":["Busted Crown","Orrery"],"picked":"FrozenCore"}],"items_purged_floors":[5,25,31,42],"is_endless":false,"potions_floor_spawned":[7,10,12,14,16,18,21,22,28,38,39],"ascension_level":0}