{"gold_per_floor":[115,126,201,201,216,216,231,275,275,295,295,295,311,193,193,286,286,302,302,320,320,340,340,384,384,409,409,430,299,299,314,314,410,410,423,423,423,448,448,448,472,487,487,487],"floor_reached":44,"playtime":2652,"items_purged":["Strike_B"],"score":860,"play_id":"5967962d-3843-4709-b828-a750568007f2","local_time":"20190120112440","is_ascension_mode":true,"campfire_choices":[{"data":"Defragment","floor":6,"key":"SMITH"},{"data":"Sunder","floor":11,"key":"SMITH"},{"data":"Loop","floor":15,"key":"SMITH"},{"floor":23,"key":"REST"},{"floor":27,"key":"REST"},{"floor":30,"key":"REST"},{"data":"Storm","floor":32,"key":"SMITH"},{"data":"Defragment","floor":40,"key":"SMITH"}],"neow_cost":"NONE","seed_source_timestamp":134698989063667,"circlet_count":0,"master_deck":["AscendersBane","Zap+1","Dualcast","Cold Snap","Defragment+1","Loop+1","Sunder+1","Coolheaded","Conserve Battery","Genetic Algorithm","Storm+1","All For One","Defragment","Defragment+1","Darkness","Undo","Loop+1","Necronomicurse","Capacitor+1","Reinforced Body","Hologram","Doom and Gloom+1","Sweeping Beam+1","Seek","Force Field","Coolheaded","Glacier+1"],"relics":["Cracked Core","Golden Idol","Lantern","Happy Flower","Pandora\u0027s Box","Necronomicon","Molten Egg 2","Pen Nib","Sozu"],"potions_floor_usage":[8,10,12,18,24,24,33,33],"damage_taken":[{"damage":1,"enemies":"Cultist","floor":1,"turns":3},{"damage":0,"enemies":"Jaw Worm","floor":2,"turns":4},{"damage":10,"enemies":"2 Louse","floor":5,"turns":2},{"damage":9,"enemies":"Red Slaver","floor":7,"turns":3},{"damage":11,"enemies":"Gremlin Nob","floor":8,"turns":3},{"damage":5,"enemies":"Large Slime","floor":10,"turns":4},{"damage":11,"enemies":"3 Louse","floor":13,"turns":3},{"damage":6,"enemies":"Hexaghost","floor":16,"turns":11},{"damage":7,"enemies":"2 Thieves","floor":18,"turns":3},{"damage":7,"enemies":"Chosen","floor":20,"turns":3},{"damage":6,"enemies":"Snecko","floor":22,"turns":5},{"damage":25,"enemies":"Book of Stabbing","floor":24,"turns":3},{"damage":16,"enemies":"3 Cultists","floor":28,"turns":5},{"damage":11,"enemies":"Centurion and Healer","floor":31,"turns":5},{"damage":18,"enemies":"Collector","floor":33,"turns":6},{"damage":0,"enemies":"Orb Walker","floor":35,"turns":2},{"damage":14,"enemies":"3 Darklings","floor":38,"turns":3},{"damage":9,"enemies":"Writhing Mass","floor":41,"turns":5},{"damage":15,"enemies":"4 Shapes","floor":42,"turns":5},{"damage":23,"enemies":"Nemesis","floor":44,"turns":3}],"seed_played":"6221528441546669965","potions_obtained":[{"floor":1,"key":"Fruit Juice"},{"floor":7,"key":"FearPotion"},{"floor":8,"key":"Ancient Potion"},{"floor":10,"key":"Swift Potion"},{"floor":12,"key":"Fruit Juice"},{"floor":12,"key":"Block Potion"},{"floor":20,"key":"SpeedPotion"},{"floor":22,"key":"LiquidBronze"},{"floor":24,"key":"Energy Potion"}],"is_trial":false,"path_per_floor":["M","M","?","?","M","R","M","E","T","M","R","?","M","$","R","B",null,"M","?","M","?","M","R","E","?","T","R","M","$","R","M","R","B",null,"M","?","?","M","?","R","M","M","T","E"],"character_chosen":"DEFECT","items_purchased":["Storm","Doom and Gloom+1","PowerPotion"],"campfire_rested":3,"item_purchase_floors":[14,29,29],"current_hp_per_floor":[63,63,52,52,42,42,33,22,22,22,22,27,16,16,16,10,58,51,51,44,23,17,39,14,14,14,36,20,20,42,31,31,13,59,59,59,59,45,45,45,36,21,21,0],"gold":487,"neow_bonus":"UPGRADE_CARD","is_prod":false,"is_daily":false,"chose_seed":false,"campfire_upgraded":5,"win_rate":0,"timestamp":1548001480,"path_taken":["M","M","?","?","M","R","M","E","T","M","R","?","M","$","R","BOSS","M","?","M","?","M","R","E","?","T","R","?","$","R","M","R","BOSS","M","?","?","?","?","R","?","M","T","E"],"build_version":"2019-01-19","purchased_purges":1,"victory":false,"max_hp_per_floor":[71,71,71,64,64,64,64,64,64,69,69,74,74,74,74,74,74,74,74,74,74,74,74,74,74,74,74,74,74,74,74,74,74,74,74,74,74,74,74,74,74,74,74,74],"card_choices":[{"not_picked":["Undo","Hologram"],"picked":"Cold Snap","floor":1},{"not_picked":["Steam","Barrage"],"picked":"Defragment","floor":2},{"not_picked":["Fusion","BootSequence"],"picked":"Loop","floor":5},{"not_picked":["Chill","Conserve Battery"],"picked":"Sunder","floor":7},{"not_picked":["Turbo","Steam"],"picked":"Coolheaded","floor":8},{"not_picked":["Stack","Steam"],"picked":"Conserve Battery","floor":10},{"not_picked":["Turbo","Stack"],"picked":"Genetic Algorithm","floor":13},{"not_picked":["Chaos+1","Double Energy"],"picked":"Undo","floor":18},{"not_picked":["Consume","Aggregate"],"picked":"Loop+1","floor":20},{"not_picked":["Reprogram","Compile Driver"],"picked":"Capacitor+1","floor":22},{"not_picked":["Undo","Buffer"],"picked":"Reinforced Body","floor":24},{"not_picked":["Redo","Capacitor+1"],"picked":"Hologram","floor":28},{"not_picked":["Scrape+1","Auto Shields"],"picked":"Sweeping Beam+1","floor":31},{"not_picked":["Fission","Core Surge+1"],"picked":"Seek","floor":33},{"not_picked":["Darkness","Fusion+1"],"picked":"Force Field","floor":35},{"not_picked":["Compile Driver+1","Leap"],"picked":"Glacier+1","floor":38},{"not_picked":["Redo","Leap","Conserve Battery"],"picked":"SKIP","floor":41},{"not_picked":["Conserve Battery","Rip and Tear+1","White Noise"],"picked":"SKIP","floor":42}],"player_experience":1111985,"relics_obtained":[{"floor":8,"key":"Lantern"},{"floor":9,"key":"Happy Flower"},{"floor":21,"key":"Necronomicon"},{"floor":24,"key":"Molten Egg 2"},{"floor":26,"key":"Pen Nib"}],"event_choices":[{"damage_healed":0,"gold_gain":75,"player_choice":"Gather Gold","damage_taken":11,"max_hp_gain":0,"max_hp_loss":0,"event_name":"World of Goop","floor":3,"gold_loss":0},{"damage_healed":0,"gold_gain":0,"player_choice":"Lose Max HP","damage_taken":0,"relics_obtained":["Golden Idol"],"max_hp_gain":0,"max_hp_loss":7,"event_name":"Golden Idol","floor":4,"gold_loss":0},{"damage_healed":0,"gold_gain":0,"player_choice":"Got Potions","damage_taken":0,"max_hp_gain":0,"max_hp_loss":0,"event_name":"Lab","floor":12,"gold_loss":0},{"cards_removed":["Machine Learning"],"damage_healed":0,"gold_gain":0,"player_choice":"Elegance","damage_taken":0,"max_hp_gain":0,"max_hp_loss":0,"event_name":"Back to Basics","floor":19,"gold_loss":0},{"damage_healed":0,"gold_gain":0,"player_choice":"Obtained Book","damage_taken":21,"max_hp_gain":0,"max_hp_loss":0,"event_name":"Cursed Tome","floor":21,"gold_loss":0},{"cards_removed":["Static Discharge"],"damage_healed":0,"gold_gain":0,"player_choice":"Purged","damage_taken":0,"max_hp_gain":0,"max_hp_loss":0,"event_name":"Purifier","floor":25,"gold_loss":0},{"damage_healed":0,"gold_gain":0,"player_choice":"Ignored","damage_taken":0,"max_hp_gain":0,"max_hp_loss":0,"event_name":"Tomb of Lord Red Mask","floor":36,"gold_loss":0},{"damage_healed":0,"gold_gain":0,"player_choice":"Copied","damage_taken":0,"max_hp_gain":0,"max_hp_loss":0,"event_name":"Duplicator","floor":37,"gold_loss":0,"cards_obtained":["Coolheaded"]},{"cards_removed":["Static Discharge"],"damage_healed":0,"gold_gain":0,"player_choice":"Card Removal","damage_taken":0,"max_hp_gain":0,"max_hp_loss":0,"event_name":"Wheel of Change","floor":39,"gold_loss":0}],"is_beta":true,"boss_relics":[{"not_picked":["Runic Dome","Black Star"],"picked":"Pandora\u0027s Box"},{"not_picked":["Orrery","Lizard Tail"],"picked":"Sozu"}],"items_purged_floors":[14],"is_endless":false,"potions_floor_spawned":[1,7,8,10,16,20,22,24,31,41,42],"killed_by":"Nemesis","ascension_level":20}