{"gold_per_floor":[111,61,61,61,78,107,107,136,136,169,12,37,53,64,64,159,159,172,192,192,206,206,532,532,562,562,577,606,606,633,644,644,747,747,766,766,821,821,896,926,926,377,377,394,424,437,437,471,471,471,471,471,30,55,55],"floor_reached":56,"playtime":4997,"items_purged":["Strike_B"],"score":1652,"play_id":"870f87a9-911f-43d1-9503-ab62daf02ca0","local_time":"20190217072712","is_ascension_mode":true,"campfire_choices":[{"data":"Biased Cognition","floor":7,"key":"SMITH"},{"data":"Rainbow","floor":15,"key":"SMITH"},{"data":"Tempest","floor":24,"key":"SMITH"},{"data":"Turbo","floor":32,"key":"SMITH"},{"data":"Seek","floor":41,"key":"SMITH"},{"floor":47,"key":"RECALL"},{"data":"Ghostly","floor":49,"key":"SMITH"},{"data":"Ghostly","floor":52,"key":"SMITH"}],"neow_cost":"TEN_PERCENT_HP_LOSS","seed_source_timestamp":5424556749841495,"circlet_count":0,"master_deck":["Strike_B","Defend_B+1","Defend_B","Defend_B","Zap+1","Dualcast","Biased Cognition+1","Glacier","Chill","White Noise","Rebound+1","Rainbow+1","Core Surge+1","FTL+1","Coolheaded","Cold Snap+1","Seek+1","Hologram+1","Genetic Algorithm","Auto Shields+1","Ghostly+1","Ghostly+1","Ghostly","Ghostly","Ghostly","Tempest+1","Turbo+1","Doom and Gloom+1","Redo+1","FTL+1","Double Energy+1","Echo Form+1","Compile Driver+1","Master of Strategy+1","Mayhem+1","Mayhem+1","FTL+1","Beam Cell+1","Loop+1","Ball Lightning+1","Finesse+1","Hologram+1","Steam Power+1","Conserve Battery+1","Rip and Tear+1","Echo Form+1","Steam+1"],"relics":["Cracked Core","Meat on the Bone","Molten Egg 2","Bottled Lightning","Shuriken","Runic Pyramid","Old Coin","Gambling Chip","Toxic Egg 2","Mummified Hand","Frozen Egg 2","Coffee Dripper","Du-Vu Doll","Bag of Marbles","War Paint","Prayer Wheel","Pear","Potion Belt","Chemical X","Happy Flower","Bird Faced Urn"],"potions_floor_usage":[10,21,37,42,45,54,55,55,55,55],"damage_taken":[{"damage":0,"enemies":"2 Louse","floor":1,"turns":3},{"damage":1,"enemies":"Small Slimes","floor":5,"turns":4},{"damage":11,"enemies":"Lagavulin","floor":6,"turns":9},{"damage":11,"enemies":"Gremlin Nob","floor":8,"turns":4},{"damage":2,"enemies":"Lagavulin","floor":10,"turns":6},{"damage":4,"enemies":"3 Sentries","floor":12,"turns":6},{"damage":0,"enemies":"Cultist","floor":13,"turns":3},{"damage":0,"enemies":"Exordium Wildlife","floor":14,"turns":3},{"damage":0,"enemies":"The Guardian","floor":16,"turns":8},{"damage":0,"enemies":"3 Byrds","floor":18,"turns":4},{"damage":6,"enemies":"2 Thieves","floor":19,"turns":4},{"damage":11,"enemies":"Snake Plant","floor":21,"turns":4},{"damage":2,"enemies":"Book of Stabbing","floor":23,"turns":10},{"damage":1,"enemies":"Slavers","floor":25,"turns":8},{"damage":0,"enemies":"Centurion and Healer","floor":27,"turns":7},{"damage":0,"enemies":"Gremlin Leader","floor":28,"turns":7},{"damage":0,"enemies":"Slavers","floor":30,"turns":7},{"damage":1,"enemies":"Cultist and Chosen","floor":31,"turns":5},{"damage":0,"enemies":"Collector","floor":33,"turns":10},{"damage":0,"enemies":"3 Darklings","floor":35,"turns":7},{"damage":2,"enemies":"2 Orb Walkers","floor":37,"turns":5},{"damage":0,"enemies":"Giant Head","floor":40,"turns":7},{"damage":0,"enemies":"Orb Walker","floor":44,"turns":4},{"damage":22,"enemies":"Nemesis","floor":45,"turns":5},{"damage":1,"enemies":"Sphere and 2 Shapes","floor":46,"turns":5},{"damage":0,"enemies":"Reptomancer","floor":48,"turns":8},{"damage":6,"enemies":"Awakened One","floor":50,"turns":9},{"damage":6,"enemies":"Shield and Spear","floor":54,"turns":5},{"damage":18,"enemies":"The Heart","floor":55,"turns":13}],"seed_played":"-6667890447047943257","potions_obtained":[{"floor":6,"key":"Regen Potion"},{"floor":13,"key":"EssenceOfSteel"},{"floor":16,"key":"Weak Potion"},{"floor":21,"key":"Dexterity Potion"},{"floor":25,"key":"Regen Potion"},{"floor":37,"key":"FearPotion"},{"floor":44,"key":"Ancient Potion"},{"floor":45,"key":"Ancient Potion"}],"is_trial":false,"path_per_floor":["M","?","?","?","M","E","R","E","T","E","$","E","M","M","R","B",null,"M","M","?","M","?","E","R","E","T","M","E","?","E","M","R","B",null,"M","?","?","?","?","E","R","$","T","M","E","M","R","E","R","B",null,"R","$","E","B",null],"character_chosen":"DEFECT","items_purchased":["Core Surge+1","Loop+1","Fruit Juice","PowerPotion","Ball Lightning+1","Finesse+1","War Paint","SpeedPotion","AttackPotion","Chemical X","Happy Flower"],"campfire_rested":0,"item_purchase_floors":[11,42,42,42,42,42,42,53,53,53,53],"current_hp_per_floor":[68,68,73,73,72,61,61,50,50,63,63,59,59,59,59,59,73,73,67,54,43,39,37,37,36,36,36,36,36,36,35,35,35,39,39,29,39,39,36,36,36,41,41,41,41,40,40,40,40,34,54,54,54,48,54],"gold":55,"neow_bonus":"THREE_RARE_CARDS","is_prod":false,"is_daily":false,"chose_seed":false,"campfire_upgraded":7,"win_rate":0,"timestamp":1550406432,"path_taken":["M","?","?","?","M","E","R","E","T","E","$","E","M","M","R","BOSS","M","?","?","M","?","E","R","E","T","M","E","?","E","M","R","BOSS","M","?","?","?","?","E","R","$","T","?","E","M","R","E","R","BOSS","R","$","E","BOSS"],"build_version":"2019-02-06","purchased_purges":1,"victory":true,"max_hp_per_floor":[68,68,73,73,73,73,73,73,73,73,73,73,73,73,73,73,73,73,73,78,78,39,39,39,39,39,39,39,39,39,39,39,39,39,39,39,39,39,39,39,39,44,44,44,54,54,54,54,54,54,54,54,54,54,54],"card_choices":[{"not_picked":["Reboot","Creative AI"],"picked":"Biased Cognition","floor":0},{"not_picked":["Ball Lightning","Streamline"],"picked":"Glacier","floor":1},{"not_picked":["Barrage","Go for the Eyes"],"picked":"Chill","floor":5},{"not_picked":["Beam Cell","Steam"],"picked":"White Noise","floor":6},{"not_picked":["Heatsinks","Double Energy"],"picked":"Rebound","floor":8},{"not_picked":["Leap","Compile Driver+1"],"picked":"Rainbow","floor":10},{"not_picked":["Aggregate","Sweeping Beam+1"],"picked":"FTL+1","floor":12},{"not_picked":["Leap","Reinforced Body"],"picked":"Coolheaded","floor":13},{"not_picked":["Skim","Barrage+1"],"picked":"Cold Snap+1","floor":14},{"not_picked":["Multi-Cast","Buffer"],"picked":"Seek","floor":16},{"not_picked":["Sweeping Beam+1","Streamline+1"],"picked":"Hologram+1","floor":18},{"not_picked":["Force Field+1","Heatsinks+1"],"picked":"Genetic Algorithm","floor":19},{"not_picked":["Conserve Battery","Beam Cell+1"],"picked":"Auto Shields+1","floor":21},{"not_picked":["Scrape+1","Creative AI"],"picked":"Tempest","floor":23},{"not_picked":["Beam Cell+1","Tempest"],"picked":"Turbo","floor":25},{"not_picked":["Ball Lightning+1","Amplify+1"],"picked":"Doom and Gloom+1","floor":27},{"not_picked":["Undo+1","Cold Snap+1"],"picked":"Redo+1","floor":28},{"not_picked":["Leap+1","Redo+1"],"picked":"FTL+1","floor":30},{"not_picked":["Go for the Eyes+1","Steam+1"],"picked":"Double Energy+1","floor":31},{"not_picked":["Biased Cognition+1","Fission+1"],"picked":"Echo Form+1","floor":33},{"not_picked":["Chill+1","Stack+1"],"picked":"Compile Driver+1","floor":35},{"not_picked":["Mind Blast+1","Trip+1"],"picked":"Master of Strategy+1","floor":36},{"not_picked":["Magnetism+1","Master of Strategy+1"],"picked":"Mayhem+1","floor":36},{"not_picked":["Finesse+1","Deep Breath+1"],"picked":"Mayhem+1","floor":36},{"not_picked":["Scrape+1","Chill+1"],"picked":"FTL+1","floor":37},{"not_picked":["Hyperbeam+1","Skim+1"],"picked":"Beam Cell+1","floor":40},{"not_picked":["Barrage+1","Gash+1"],"picked":"Hologram+1","floor":44},{"not_picked":["Sweeping Beam+1","Static Discharge+1"],"picked":"Steam Power+1","floor":44},{"not_picked":["Leap+1","Reinforced Body+1"],"picked":"Conserve Battery+1","floor":45},{"not_picked":["Scrape+1","Gash+1"],"picked":"Rip and Tear+1","floor":46},{"not_picked":["Scrape+1","Compile Driver+1","Lockon+1"],"picked":"SKIP","floor":46},{"not_picked":["Genetic Algorithm+1","Beam Cell+1"],"picked":"Echo Form+1","floor":48},{"not_picked":["Gash+1","Beam Cell+1"],"picked":"Steam+1","floor":54}],"player_experience":4561294,"relics_obtained":[{"floor":6,"key":"Meat on the Bone"},{"floor":8,"key":"Molten Egg 2"},{"floor":10,"key":"Bottled Lightning"},{"floor":12,"key":"Shuriken"},{"floor":23,"key":"Old Coin"},{"floor":25,"key":"Gambling Chip"},{"floor":26,"key":"Toxic Egg 2"},{"floor":28,"key":"Mummified Hand"},{"floor":30,"key":"Frozen Egg 2"},{"floor":37,"key":"Du-Vu Doll"},{"floor":40,"key":"Bag of Marbles"},{"floor":43,"key":"Prayer Wheel"},{"floor":45,"key":"Pear"},{"floor":48,"key":"Potion Belt"},{"floor":54,"key":"Bird Faced Urn"}],"event_choices":[{"cards_removed":["Strike_B"],"damage_healed":0,"gold_gain":0,"player_choice":"Card Removal","damage_taken":0,"max_hp_gain":0,"max_hp_loss":0,"event_name":"The Cleric","floor":2,"gold_loss":50},{"damage_healed":0,"gold_gain":0,"player_choice":"Donut","damage_taken":0,"max_hp_gain":5,"max_hp_loss":0,"event_name":"Big Fish","floor":3,"gold_loss":0},{"cards_removed":["Defend_B"],"damage_healed":0,"gold_gain":0,"player_choice":"Purged","damage_taken":0,"max_hp_gain":0,"max_hp_loss":0,"event_name":"Purifier","floor":4,"gold_loss":0},{"damage_healed":0,"gold_gain":0,"player_choice":"Shed Blood","damage_taken":18,"max_hp_gain":5,"max_hp_loss":0,"event_name":"Forgotten Altar","floor":20,"gold_loss":0},{"damage_healed":0,"gold_gain":0,"player_choice":"Became a Ghost","damage_taken":0,"max_hp_gain":0,"max_hp_loss":39,"event_name":"Ghosts","floor":22,"gold_loss":0,"cards_obtained":["Ghostly","Ghostly","Ghostly","Ghostly","Ghostly"]},{"cards_removed":["Strike_B"],"damage_healed":0,"gold_gain":0,"player_choice":"Purged","damage_taken":0,"max_hp_gain":0,"max_hp_loss":0,"event_name":"Purifier","floor":29,"gold_loss":0},{"damage_healed":0,"gold_gain":0,"player_choice":"Memory 3","damage_taken":10,"max_hp_gain":0,"max_hp_loss":0,"event_name":"SensoryStone","floor":36,"gold_loss":0},{"damage_healed":0,"gold_gain":0,"player_choice":"Fight","damage_taken":0,"max_hp_gain":0,"max_hp_loss":0,"event_name":"Mysterious Sphere","floor":37,"gold_loss":0},{"damage_healed":0,"gold_gain":0,"player_choice":"Ignored","damage_taken":0,"max_hp_gain":0,"max_hp_loss":0,"event_name":"Tomb of Lord Red Mask","floor":38,"gold_loss":0},{"damage_healed":0,"gold_gain":75,"player_choice":"Touch","damage_taken":3,"max_hp_gain":0,"max_hp_loss":0,"event_name":"FaceTrader","floor":39,"gold_loss":0}],"is_beta":true,"boss_relics":[{"not_picked":["White Beast Statue","Pandora\u0027s Box"],"picked":"Runic Pyramid"},{"not_picked":["Astrolabe","Orrery"],"picked":"Coffee Dripper"}],"items_purged_floors":[42],"is_endless":false,"potions_floor_spawned":[6,13,16,21,25,27,37,44,45,46],"ascension_level":1}