{"gold_per_floor":[367,381,126,126,136,136,150,184,254,284],"floor_reached":10,"playtime":1247,"items_purged":["Strike_R"],"score":136,"play_id":"b1954192-b3e7-4bc2-a59d-39b0da8a5f62","local_time":"20181113165852","is_ascension_mode":true,"campfire_choices":[{"data":"Apotheosis","floor":6,"key":"SMITH"}],"neow_cost":"TEN_PERCENT_HP_LOSS","seed_source_timestamp":1414274379116784,"circlet_count":0,"master_deck":["AscendersBane","Strike_R","Strike_R","Strike_R","Defend_R","Defend_R","Defend_R","Defend_R","Bash","Sword Boomerang","Iron Wave","Apotheosis+1","Barricade","Anger","Seeing Red"],"relics":["Burning Blood","Unceasing Top","Mummified Hand"],"potions_floor_usage":[8],"damage_taken":[{"damage":9,"enemies":"Jaw Worm","floor":1,"turns":4},{"damage":1,"enemies":"Small Slimes","floor":2,"turns":5},{"damage":0,"enemies":"Cultist","floor":5,"turns":3},{"damage":4,"enemies":"2 Fungi Beasts","floor":7,"turns":4},{"damage":44,"enemies":"Gremlin Nob","floor":8,"turns":5},{"damage":35,"enemies":"3 Sentries","floor":10,"turns":4}],"seed_played":"-8342816110175298104","potions_obtained":[{"floor":2,"key":"FearPotion"}],"is_trial":false,"path_per_floor":["M","M","$","?","M","R","M","E","T","?"],"character_chosen":"IRONCLAD","items_purchased":["Apotheosis"],"campfire_rested":0,"item_purchase_floors":[3],"current_hp_per_floor":[65,68,68,61,67,67,68,30,30,0],"gold":284,"neow_bonus":"TWO_FIFTY_GOLD","is_prod":false,"is_daily":false,"chose_seed":false,"campfire_upgraded":1,"win_rate":0,"timestamp":1542146332,"path_taken":["M","M","$","?","M","R","M","E","T","?"],"build_version":"2018-11-12","purchased_purges":1,"victory":false,"max_hp_per_floor":[68,68,68,68,68,68,68,68,68,68],"card_choices":[{"not_picked":["Warcry","Havoc"],"picked":"Sword Boomerang","floor":1},{"not_picked":["Pummel","Havoc"],"picked":"Iron Wave","floor":2},{"not_picked":["Twin Strike","Headbutt"],"picked":"Barricade","floor":5},{"not_picked":["Cleave","Flex"],"picked":"Anger","floor":7},{"not_picked":["Searing Blow","Pommel Strike"],"picked":"Seeing Red","floor":8}],"player_experience":952879,"relics_obtained":[{"floor":8,"key":"Unceasing Top"},{"floor":9,"key":"Mummified Hand"}],"event_choices":[{"cards_removed":["Strike_R"],"damage_healed":0,"gold_gain":0,"player_choice":"Card Removal","damage_taken":7,"max_hp_gain":0,"max_hp_loss":0,"event_name":"Golden Wing","floor":4,"gold_loss":0},{"damage_healed":0,"gold_gain":30,"player_choice":"Searched \u00272\u0027 times","damage_taken":0,"max_hp_gain":0,"max_hp_loss":0,"event_name":"Dead Adventurer","floor":10,"gold_loss":0}],"is_beta":true,"boss_relics":[],"items_purged_floors":[3],"is_endless":false,"potions_floor_spawned":[2],"killed_by":"3 Sentries","ascension_level":20}