{"gold_per_floor":[119,132,132,146,166,197,197,297,346,365,540,540,567,587,587,692,692,706,706,706,721,732,732,107,137,149,161,200,212,224],"floor_reached":30,"playtime":1316,"items_purged":[],"score":306,"play_id":"4911b1b1-1f9c-4861-9d20-ca43e6ce5d0c","local_time":"20190503220507","is_ascension_mode":true,"campfire_choices":[{"data":"Static Discharge","floor":7.0,"key":"SMITH"},{"data":"Darkness","floor":15.0,"key":"SMITH"},{"floor":23.0,"key":"REST"},{"floor":27.0,"key":"REST"},{"floor":29,"key":"RECALL"}],"neow_cost":"NONE","seed_source_timestamp":0,"circlet_count":0,"master_deck":["Strike_B+1","Strike_B+1","Strike_B+1","Strike_B+1","Defend_B+1","Defend_B+1","Defend_B+1","Defend_B+1","Dualcast","Self Repair","Gash+1","FTL","Cold Snap+1","Static Discharge+1","Beam Cell+1","Auto Shields","Darkness+1","Creative AI","Coolheaded","Clumsy","Gash","Storm","Glacier+1","Apotheosis","Heatsinks","Ball Lightning+1","Storm","Capacitor"],"special_seed":0,"relics":["Cracked Core","Boot","Question Card","Art of War","Pen Nib","Fusion Hammer","Lantern","Anchor","MawBank","Pear","Whetstone"],"potions_floor_usage":[30],"damage_taken":[{"damage":7.0,"enemies":"Jaw Worm","floor":1.0,"turns":3.0},{"damage":1.0,"enemies":"Cultist","floor":2.0,"turns":3.0},{"damage":0.0,"enemies":"Small Slimes","floor":4.0,"turns":3.0},{"damage":7.0,"enemies":"Looter","floor":5.0,"turns":4.0},{"damage":27.0,"enemies":"Lagavulin","floor":6.0,"turns":7.0},{"damage":1.0,"enemies":"3 Louse","floor":10.0,"turns":2.0},{"damage":23.0,"enemies":"3 Sentries","floor":13.0,"turns":5.0},{"damage":6.0,"enemies":"Blue Slaver","floor":14.0,"turns":2.0},{"damage":22.0,"enemies":"Slime Boss","floor":16.0,"turns":8.0},{"damage":17.0,"enemies":"Spheric Guardian","floor":18.0,"turns":5.0},{"damage":8.0,"enemies":"2 Thieves","floor":21.0,"turns":3.0},{"damage":29.0,"enemies":"Shelled Parasite and Fungi","floor":22.0,"turns":3.0},{"damage":52.0,"enemies":"Slavers","floor":25.0,"turns":6.0},{"damage":12,"enemies":"Book of Stabbing","floor":28,"turns":5},{"damage":56,"enemies":"Slavers","floor":30,"turns":3}],"seed_played":"-1142585679186196163","potions_obtained":[{"floor":2.0,"key":"Fire Potion"},{"floor":10.0,"key":"PowerPotion"},{"floor":16.0,"key":"GamblersBrew"},{"floor":18.0,"key":"Swift Potion"},{"floor":25.0,"key":"EntropicBrew"}],"is_trial":false,"path_per_floor":["M","M","$","M","M","E","R","?","T","M","?","?","E","M","R","B",null,"M","?","?","M","M","R","$","E","T","R","E","R","E"],"character_chosen":"DEFECT","items_purchased":["Lantern","Apotheosis","Heatsinks","Anchor","Ball Lightning"],"campfire_rested":2,"item_purchase_floors":[24,24,24,24,24],"current_hp_per_floor":[68,74,74,75,75,55,55,55,55,61,61,46,30,24,24,9,75,65,65,65,64,42,64,64,22,32,57,55,55,0],"gold":224,"neow_bonus":"RANDOM_COMMON_RELIC","is_prod":false,"is_daily":false,"chose_seed":false,"campfire_upgraded":2,"win_rate":0,"timestamp":1556935507,"path_taken":["M","M","$","M","M","E","R","?","T","?","?","?","E","M","R","BOSS","M","?","?","M","M","R","$","E","T","R","E","R","E"],"build_version":"2019-01-23","purchased_purges":0,"victory":false,"max_hp_per_floor":[75,75,75,75,75,75,75,75,75,75,75,75,75,75,75,75,75,75,75,75,75,75,75,75,75,85,85,85,85,85],"card_choices":[{"not_picked":["Beam Cell","Skim"],"picked":"Self Repair","floor":1.0},{"not_picked":["Capacitor","Tempest"],"picked":"Gash","floor":2.0},{"not_picked":["Melter","Stack"],"picked":"FTL","floor":4.0},{"not_picked":["Redo","Steam"],"picked":"Cold Snap","floor":5.0},{"not_picked":["Sunder","Streamline"],"picked":"Static Discharge","floor":6.0},{"not_picked":["Tempest","Barrage","Undo"],"picked":"Beam Cell","floor":10.0},{"not_picked":["Beam Cell","Leap","Loop"],"picked":"Auto Shields","floor":13.0},{"not_picked":["BootSequence","Reboot","Turbo"],"picked":"Darkness","floor":14.0},{"not_picked":["Thunder Strike","Meteor Strike","Fission"],"picked":"Creative AI","floor":16.0},{"not_picked":["Scrape","Hologram","Barrage"],"picked":"Coolheaded","floor":18.0},{"not_picked":["Leap","Rip and Tear","Go for the Eyes"],"picked":"Storm","floor":21.0},{"not_picked":["Rebound","Multi-Cast","Conserve Battery"],"picked":"Glacier+1","floor":22.0},{"not_picked":["Recycle+1","Melter+1","BootSequence"],"picked":"Storm","floor":25.0},{"not_picked":["Leap","Beam Cell","Double Energy+1"],"picked":"Capacitor","floor":28}],"player_experience":149853,"relics_obtained":[{"floor":6.0,"key":"Question Card"},{"floor":9.0,"key":"Art of War"},{"floor":13.0,"key":"Pen Nib"},{"floor":25.0,"key":"MawBank"},{"floor":26.0,"key":"Pear"},{"floor":28,"key":"Whetstone"}],"event_choices":[{"damage_healed":0.0,"max_hp_gain":0.0,"max_hp_loss":0.0,"gold_gain":100.0,"event_name":"Wheel of Change","player_choice":"Gold","floor":8.0,"gold_loss":0.0,"damage_taken":0.0},{"damage_healed":0.0,"max_hp_gain":0.0,"max_hp_loss":0.0,"gold_gain":175.0,"event_name":"Liars Game","player_choice":"AGREE","floor":11.0,"gold_loss":0.0,"damage_taken":0.0,"cards_obtained":["Doubt"]},{"damage_healed":0.0,"max_hp_gain":0.0,"max_hp_loss":0.0,"gold_gain":0.0,"event_name":"Shining Light","player_choice":"Entered Light","floor":12.0,"gold_loss":0.0,"damage_taken":15.0,"cards_upgraded":["Cold Snap","Beam Cell"]},{"damage_healed":0.0,"max_hp_gain":0.0,"max_hp_loss":0.0,"gold_gain":0.0,"event_name":"Back to Basics","player_choice":"Simplicity","floor":19.0,"gold_loss":0.0,"damage_taken":0.0,"cards_upgraded":["Strike_B","Strike_B","Strike_B","Strike_B","Defend_B","Defend_B","Defend_B","Defend_B"]},{"damage_healed":0.0,"max_hp_gain":0.0,"max_hp_loss":0.0,"gold_gain":0.0,"cards_transformed":["Doubt","Zap"],"event_name":"Drug Dealer","player_choice":"Became Test Subject","floor":20.0,"gold_loss":0.0,"damage_taken":0.0,"cards_obtained":["Clumsy","Gash"]}],"is_beta":false,"boss_relics":[{"not_picked":["Velvet Choker","Calling Bell"],"picked":"Fusion Hammer"}],"items_purged_floors":[],"is_endless":false,"potions_floor_spawned":[2,10,16,18,25],"killed_by":"Slavers","ascension_level":2}