{"gold_per_floor":[111,186,5,5,20,49,102,115,115,115,132,132,161,179,179,282,282,293,313,4,19,19,19,29,29,29,47,47,77,77,77,77,181,181,196,21,21,0,11,41,61,16,16,16,16,34,34,49,49,49,49,49,2,37,37],"floor_reached":56,"playtime":2836,"items_purged":["Strike_B","Hello World+1"],"score":1255,"play_id":"d129c7a9-dd86-4422-98ce-f8491b391407","local_time":"20190508212725","is_ascension_mode":false,"campfire_choices":[{"data":"Zap","floor":10,"key":"SMITH"},{"data":"Beam Cell","floor":12,"key":"SMITH"},{"data":"Darkness","floor":15,"key":"SMITH"},{"data":"Biased Cognition","floor":23,"key":"SMITH"},{"data":"Go for the Eyes","floor":25,"key":"SMITH"},{"data":"Capacitor","floor":30,"key":"SMITH"},{"data":"Coolheaded","floor":32,"key":"SMITH"},{"data":"Capacitor","floor":45,"key":"SMITH"},{"data":"Dualcast","floor":47,"key":"SMITH"},{"floor":49,"key":"RECALL"},{"data":"Conserve Battery","floor":52,"key":"SMITH"}],"neow_cost":"PERCENT_DAMAGE","seed_source_timestamp":899055967718066,"circlet_count":0,"master_deck":["Defend_B","Defend_B","Defend_B","Defend_B","Zap+1","Dualcast+1","Loop+1","Melter","Beam Cell+1","Cold Snap","Auto Shields","Undo","Darkness+1","Coolheaded+1","Biased Cognition+1","Buffer+1","Seek+1","Go for the Eyes+1","Turbo+1","Compile Driver","Capacitor+1","Core Surge","Capacitor+1","Flash of Steel","Conserve Battery+1","Leap","Static Discharge+1","Ball Lightning","Go for the Eyes+1"],"relics":["Cracked Core","Emotion Chip","Strawberry","StoneCalendar","Pocketwatch","Astrolabe","Kunai","Pen Nib","Sundial","Runic Pyramid","Red Mask","Incense Burner","Singing Bowl","Bronze Scales"],"potions_floor_usage":[6,19,39,40,55,55],"damage_taken":[{"damage":0,"enemies":"Small Slimes","floor":1,"turns":2},{"damage":0,"enemies":"Jaw Worm","floor":5,"turns":4},{"damage":6,"enemies":"Gremlin Nob","floor":6,"turns":3},{"damage":0,"enemies":"2 Louse","floor":8,"turns":2},{"damage":4,"enemies":"Large Slime","floor":11,"turns":4},{"damage":2,"enemies":"Lagavulin","floor":13,"turns":6},{"damage":0,"enemies":"Blue Slaver","floor":14,"turns":3},{"damage":16,"enemies":"The Guardian","floor":16,"turns":7},{"damage":0,"enemies":"Shell Parasite","floor":18,"turns":4},{"damage":4,"enemies":"3 Byrds","floor":19,"turns":3},{"damage":0,"enemies":"Snecko","floor":21,"turns":6},{"damage":8,"enemies":"3 Cultists","floor":24,"turns":4},{"damage":0,"enemies":"Snake Plant","floor":27,"turns":5},{"damage":0,"enemies":"Book of Stabbing","floor":29,"turns":4},{"damage":0,"enemies":"Champ","floor":33,"turns":9},{"damage":1,"enemies":"Orb Walker","floor":35,"turns":4},{"damage":0,"enemies":"3 Shapes","floor":39,"turns":5},{"damage":6,"enemies":"Nemesis","floor":40,"turns":5},{"damage":15,"enemies":"Writhing Mass","floor":41,"turns":6},{"damage":0,"enemies":"Transient","floor":46,"turns":5},{"damage":0,"enemies":"3 Darklings","floor":48,"turns":7},{"damage":2,"enemies":"Donu and Deca","floor":50,"turns":10},{"damage":43,"enemies":"Shield and Spear","floor":54,"turns":6},{"damage":15,"enemies":"The Heart","floor":55,"turns":8}],"seed_played":"1714924247259069551","potions_obtained":[{"floor":1,"key":"FocusPotion"},{"floor":8,"key":"EssenceOfSteel"},{"floor":13,"key":"Dexterity Potion"},{"floor":16,"key":"AttackPotion"},{"floor":19,"key":"Swift Potion"},{"floor":24,"key":"Block Potion"},{"floor":40,"key":"Explosive Potion"},{"floor":48,"key":"SteroidPotion"}],"is_trial":false,"path_per_floor":["M","?","$","?","M","E","T","M","T","R","M","R","E","M","R","B",null,"M","M","$","M","$","R","M","R","T","M","?","E","R","?","R","B",null,"M","$","?","?","M","E","M","$","T","?","R","M","R","M","R","B",null,"R","$","E","B",null],"character_chosen":"DEFECT","items_purchased":["Melter","Beam Cell","Kunai","Go for the Eyes","Capacitor","Leap","Ball Lightning"],"campfire_rested":0,"item_purchase_floors":[3,3,20,20,36,42,53],"current_hp_per_floor":[54,43,43,43,43,44,44,44,44,44,40,40,38,38,38,22,82,82,78,78,78,78,78,70,70,70,70,70,70,70,54,54,54,87,86,86,86,86,86,80,65,65,65,65,65,65,65,67,67,65,89,89,89,46,31],"gold":37,"neow_bonus":"ONE_RARE_RELIC","is_prod":false,"is_daily":false,"chose_seed":false,"campfire_upgraded":10,"win_rate":0,"timestamp":1557347245,"path_taken":["M","?","$","?","M","E","?","?","T","R","M","R","E","M","R","BOSS","M","M","$","M","$","R","M","R","T","M","?","E","R","?","R","BOSS","M","$","?","?","M","E","M","$","T","?","R","M","R","M","R","BOSS","R","$","E","BOSS"],"build_version":"2019-05-07","purchased_purges":2,"victory":true,"max_hp_per_floor":[75,75,75,75,75,82,82,82,82,82,82,82,82,82,82,82,82,82,82,82,82,82,82,82,82,82,82,82,82,82,87,87,87,87,87,87,87,87,87,87,87,87,87,87,87,87,87,89,89,89,89,89,89,89,89],"card_choices":[{"not_picked":["Skim","Steam Power"],"picked":"Loop","floor":1},{"not_picked":["Reprogram","Undo"],"picked":"Cold Snap","floor":5},{"not_picked":["Stack","Gash"],"picked":"Auto Shields","floor":6},{"not_picked":["Heatsinks","Lockon"],"picked":"Undo","floor":8},{"not_picked":["Stack","Gash","Reprogram"],"picked":"SKIP","floor":11},{"not_picked":["Capacitor","Seek"],"picked":"Darkness","floor":13},{"not_picked":["Melter","Reprogram"],"picked":"Coolheaded","floor":14},{"not_picked":["Machine Learning","Hyperbeam"],"picked":"Biased Cognition","floor":16},{"not_picked":["Beam Cell","Leap","Ball Lightning"],"picked":"SKIP","floor":18},{"not_picked":["Chaos","Doom and Gloom"],"picked":"Gash+1","floor":19},{"not_picked":["Doom and Gloom","Consume+1","Leap"],"picked":"SKIP","floor":21},{"not_picked":["Chaos","Consume+1"],"picked":"Turbo+1","floor":24},{"not_picked":["Consume","Sunder"],"picked":"Compile Driver","floor":27},{"not_picked":["Go for the Eyes","Ball Lightning"],"picked":"Capacitor","floor":29},{"not_picked":["Echo Form","All For One"],"picked":"Core Surge","floor":33},{"not_picked":["Beam Cell","Hello World+1","Aggregate+1"],"picked":"SKIP","floor":35},{"not_picked":["PanicButton","Metamorphosis"],"picked":"Flash of Steel","floor":37},{"not_picked":["Aggregate","Heatsinks","Redo"],"picked":"SKIP","floor":39},{"not_picked":["Turbo","Sweeping Beam","Compile Driver+1"],"picked":"SKIP","floor":40},{"not_picked":["Machine Learning","Sweeping Beam+1"],"picked":"Conserve Battery","floor":41},{"not_picked":["Hello World","Go for the Eyes"],"picked":"Static Discharge+1","floor":46},{"not_picked":["Leap","Hello World+1","Darkness+1"],"picked":"Singing Bowl","floor":48},{"not_picked":["White Noise+1","Hologram"],"picked":"Go for the Eyes+1","floor":54}],"player_experience":1353093,"relics_obtained":[{"floor":6,"key":"Strawberry"},{"floor":9,"key":"StoneCalendar"},{"floor":13,"key":"Pocketwatch"},{"floor":26,"key":"Pen Nib"},{"floor":29,"key":"Sundial"},{"floor":40,"key":"Incense Burner"},{"floor":43,"key":"Singing Bowl"},{"floor":54,"key":"Bronze Scales"}],"event_choices":[{"damage_healed":0,"gold_gain":75,"player_choice":"Gather Gold","damage_taken":11,"max_hp_gain":0,"max_hp_loss":0,"event_name":"World of Goop","floor":2,"gold_loss":0},{"damage_healed":0,"gold_gain":0,"player_choice":"Grow","damage_taken":0,"max_hp_gain":0,"max_hp_loss":0,"event_name":"Living Wall","floor":4,"gold_loss":0,"cards_upgraded":["Loop"]},{"damage_healed":0,"gold_gain":0,"player_choice":"Ignored","damage_taken":0,"max_hp_gain":0,"max_hp_loss":0,"event_name":"Beggar","floor":28,"gold_loss":0},{"damage_healed":0,"gold_gain":0,"player_choice":"Shed Blood","damage_taken":21,"max_hp_gain":5,"max_hp_loss":0,"event_name":"Forgotten Altar","floor":31,"gold_loss":0},{"damage_healed":0,"gold_gain":0,"player_choice":"Memory 1","damage_taken":0,"max_hp_gain":0,"max_hp_loss":0,"event_name":"SensoryStone","floor":37,"gold_loss":0},{"damage_healed":0,"gold_gain":0,"player_choice":"Paid","damage_taken":0,"relics_obtained":["Red Mask"],"max_hp_gain":0,"max_hp_loss":0,"event_name":"Tomb of Lord Red Mask","floor":38,"gold_loss":21},{"cards_removed":["Gash"],"damage_healed":0,"gold_gain":0,"player_choice":"Removed Attack","damage_taken":0,"max_hp_gain":0,"max_hp_loss":0,"event_name":"Falling","floor":44,"gold_loss":0}],"is_beta":true,"boss_relics":[{"not_picked":["Eternal Feather","Empty Cage"],"picked":"Astrolabe"},{"not_picked":["Snecko Eye","Nuclear Battery"],"picked":"Runic Pyramid"}],"items_purged_floors":[3,36],"is_endless":false,"potions_floor_spawned":[1,8,13,16,19,24,33,35,40,48],"ascension_level":0}