{"gold_per_floor":[112,132,148,323,323,323,346,346,346,346,366,394,409,409,409,512,512,527,802,812,337,350,350,415,415,415,415,425,61,61,86,86,86],"floor_reached":33,"playtime":883,"items_purged":["Regret"],"score":405,"play_id":"8cc0f255-5d87-4e5c-ba17-36c5ee522495","local_time":"20190120233416","is_ascension_mode":true,"campfire_choices":[{"data":"Seeing Red","floor":6,"key":"SMITH"},{"data":"Dramatic Entrance","floor":8,"key":"SMITH"},{"data":"Perfected Strike","floor":10,"key":"SMITH"},{"floor":15,"key":"REST"},{"floor":23,"key":"REST"},{"floor":25,"key":"REST"},{"data":"Doubt","floor":27,"key":"PURGE"},{"floor":32,"key":"REST"}],"neow_cost":"NONE","seed_source_timestamp":646690832160137,"circlet_count":0,"master_deck":["Strike_R+1","Strike_R+1","Strike_R+1","Strike_R+1","Strike_R+1","Defend_R+1","Defend_R+1","Defend_R+1","Defend_R+1","Bash","Dramatic Entrance+1","Anger","Perfected Strike+1","Seeing Red+1","Reckless Charge","Anger","Armaments","Limit Break","Clumsy","Parasite","Pommel Strike","Headbutt","Spot Weakness","Havoc","Bloodletting+1","Seeing Red","Intimidate","Apotheosis"],"relics":["Burning Blood","Shuriken","Darkstone Periapt","Calling Bell","Strawberry","Matryoshka","Thread and Needle","Peace Pipe","Tiny Chest","Oddly Smooth Stone","Vajra","Toolbox","Blood Vial","Red Skull"],"potions_floor_usage":[16,16,18,22,24,33],"damage_taken":[{"damage":3,"enemies":"2 Louse","floor":1,"turns":2},{"damage":9,"enemies":"Jaw Worm","floor":2,"turns":3},{"damage":0,"enemies":"Small Slimes","floor":3,"turns":2},{"damage":10,"enemies":"Gremlin Gang","floor":11,"turns":3},{"damage":50,"enemies":"3 Sentries","floor":12,"turns":8},{"damage":7,"enemies":"2 Fungi Beasts","floor":13,"turns":2},{"damage":28,"enemies":"Slime Boss","floor":16,"turns":8},{"damage":46,"enemies":"2 Thieves","floor":18,"turns":5},{"damage":12,"enemies":"Spheric Guardian","floor":20,"turns":4},{"damage":14,"enemies":"Snecko","floor":22,"turns":4},{"damage":42,"enemies":"Book of Stabbing","floor":24,"turns":4},{"damage":42,"enemies":"Shelled Parasite and Fungi","floor":28,"turns":6},{"damage":77,"enemies":"Automaton","floor":33,"turns":6}],"seed_played":"-6201773571603667291","potions_obtained":[{"floor":3,"key":"Weak Potion"},{"floor":11,"key":"Regen Potion"},{"floor":13,"key":"Dexterity Potion"},{"floor":16,"key":"Fire Potion"},{"floor":20,"key":"Block Potion"},{"floor":28,"key":"Energy Potion"}],"is_trial":false,"path_per_floor":["M","M","M","?","?","R","T","R","T","R","M","E","M","?","R","B",null,"M","?","M","$","M","R","E","R","T","R","M","$","?","T","R","B"],"character_chosen":"IRONCLAD","items_purchased":["Spot Weakness","Peace Pipe","Havoc","Apotheosis","Toolbox"],"campfire_rested":4,"item_purchase_floors":[21,21,21,29,29],"current_hp_per_floor":[75,72,78,78,71,71,71,71,71,71,67,23,22,6,30,23,91,51,57,51,51,43,76,40,73,73,73,37,37,37,37,70,0],"gold":86,"neow_bonus":"RANDOM_COLORLESS","is_prod":false,"is_daily":false,"chose_seed":false,"campfire_upgraded":3,"win_rate":0,"timestamp":1548038056,"path_taken":["M","M","M","?","?","R","?","R","T","R","M","E","M","?","R","BOSS","M","?","?","$","M","R","E","R","T","R","M","$","?","?","R","BOSS"],"build_version":"2019-01-17v2","purchased_purges":1,"victory":false,"max_hp_per_floor":[80,80,80,80,80,80,80,80,80,80,80,80,80,80,80,80,105,105,111,111,111,111,111,111,111,111,111,111,111,111,111,111,111],"card_choices":[{"not_picked":["Flex","Flame Barrier"],"picked":"Anger","floor":1},{"not_picked":["Iron Wave","Sentinel"],"picked":"Perfected Strike","floor":2},{"not_picked":["Searing Blow","Wild Strike"],"picked":"Seeing Red","floor":3},{"not_picked":["Clothesline","Pommel Strike"],"picked":"Reckless Charge","floor":11},{"not_picked":["Heavy Blade","Wild Strike"],"picked":"Anger","floor":12},{"not_picked":["Headbutt","Fire Breathing"],"picked":"Armaments","floor":13},{"not_picked":["Berserk","Reaper"],"picked":"Limit Break","floor":16},{"not_picked":["Combust","Clash+1"],"picked":"Pommel Strike","floor":18},{"not_picked":["Rupture","Twin Strike"],"picked":"Headbutt","floor":20},{"not_picked":["Clothesline+1","Sword Boomerang"],"picked":"Bloodletting+1","floor":22},{"not_picked":["Sentinel","Iron Wave"],"picked":"Seeing Red","floor":24},{"not_picked":["Sentinel+1","Clash+1"],"picked":"Intimidate","floor":28}],"player_experience":663478,"relics_obtained":[{"floor":9,"key":"Shuriken"},{"floor":12,"key":"Darkstone Periapt"},{"floor":17,"key":"Strawberry"},{"floor":17,"key":"Matryoshka"},{"floor":17,"key":"Thread and Needle"},{"floor":24,"key":"Tiny Chest"},{"floor":26,"key":"Oddly Smooth Stone"},{"floor":26,"key":"Vajra"},{"floor":31,"key":"Blood Vial"},{"floor":31,"key":"Red Skull"}],"event_choices":[{"damage_healed":0,"gold_gain":175,"player_choice":"AGREE","damage_taken":0,"max_hp_gain":0,"max_hp_loss":0,"event_name":"Liars Game","floor":4,"gold_loss":0,"cards_obtained":["Doubt"]},{"cards_removed":["Doubt"],"damage_healed":0,"gold_gain":0,"player_choice":"Card Removal","damage_taken":7,"max_hp_gain":0,"max_hp_loss":0,"event_name":"Golden Wing","floor":5,"gold_loss":0},{"damage_healed":0,"gold_gain":0,"player_choice":"Entered Light","damage_taken":16,"max_hp_gain":0,"max_hp_loss":0,"event_name":"Shining Light","floor":14,"gold_loss":0,"cards_upgraded":["Strike_R","Defend_R"]},{"damage_healed":0,"gold_gain":275,"player_choice":"Desecrate","damage_taken":0,"max_hp_gain":0,"max_hp_loss":0,"event_name":"Golden Shrine","floor":19,"gold_loss":0,"cards_obtained":["Regret"]},{"damage_healed":0,"gold_gain":0,"player_choice":"Simplicity","damage_taken":0,"max_hp_gain":0,"max_hp_loss":0,"event_name":"Back to Basics","floor":30,"gold_loss":0,"cards_upgraded":["Strike_R","Strike_R","Strike_R","Strike_R","Defend_R","Defend_R","Defend_R"]}],"is_beta":false,"boss_relics":[{"not_picked":["Philosopher\u0027s Stone","Fusion Hammer"],"picked":"Calling Bell"}],"items_purged_floors":[21],"is_endless":false,"potions_floor_spawned":[3,11,13,16,20,28],"killed_by":"Automaton","ascension_level":7}