{"gold_per_floor":[111,186,17,17,41,41,69,69,69,69,103,103,130,150,150,252,252,262,289,305,6,17,17,43,43,97,112,125,140,140,174,174,269,269,289,289,289,301,401,418,451,451,527,527,527,543,543,554,554,554],"floor_reached":50,"playtime":2573,"items_purged":[],"score":788,"play_id":"b1ef6bd7-33e6-455a-acba-8317a5ad3a4f","local_time":"20190216011750","is_ascension_mode":true,"campfire_choices":[{"data":"Zap","floor":6,"key":"SMITH"},{"data":"Sweeping Beam","floor":8,"key":"SMITH"},{"floor":12,"key":"REST"},{"data":"Ball Lightning","floor":15,"key":"SMITH"},{"floor":23,"key":"REST"},{"data":"Chill","floor":25,"key":"SMITH"},{"floor":30,"key":"REST"},{"floor":32,"key":"RECALL"},{"floor":42,"key":"REST"},{"data":"Writhe","floor":45,"key":"PURGE"},{"data":"Reboot","floor":47,"key":"SMITH"},{"data":"Loop","floor":49,"key":"SMITH"}],"neow_cost":"NONE","seed_source_timestamp":126392965179034,"circlet_count":0,"master_deck":["Strike_B","Strike_B","Strike_B","Strike_B","Defend_B","Defend_B","Defend_B+1","Defend_B","Zap+1","Dualcast+1","Leap","Sweeping Beam+1","Ball Lightning+1","Scrape+1","Cold Snap+1","Go for the Eyes+1","Reboot+1","Sweeping Beam+1","Cold Snap+1","Hologram","Thunder Strike+1","Double Energy+1","Cold Snap+1","Loop+1","Chill+1","Self Repair","Stack+1","Beam Cell+1","Rainbow","Rebound+1","Dark Shackles","Conserve Battery+1","Blizzard+1","FTL+1","Compile Driver+1","Leap+1"],"relics":["Cracked Core","Juzu Bracelet","Blood Vial","Art of War","Bag of Preparation","Molten Egg 2","Mango","Pantograph","Orrery","Red Mask","Dead Branch","Ornamental Fan","Tiny Chest","Smiling Mask","Nuclear Battery","Emotion Chip","Peace Pipe","Blue Candle"],"potions_floor_usage":[7,13,33,40,41,41],"damage_taken":[{"damage":0,"enemies":"Small Slimes","floor":1,"turns":3},{"damage":14,"enemies":"Gremlin Nob","floor":7,"turns":4},{"damage":7,"enemies":"Lagavulin","floor":11,"turns":5},{"damage":4,"enemies":"3 Sentries","floor":13,"turns":6},{"damage":0,"enemies":"2 Louse","floor":14,"turns":1},{"damage":48,"enemies":"Slime Boss","floor":16,"turns":9},{"damage":12,"enemies":"3 Byrds","floor":18,"turns":5},{"damage":22,"enemies":"Masked Bandits","floor":19,"turns":4},{"damage":1,"enemies":"2 Thieves","floor":20,"turns":3},{"damage":0,"enemies":"Sentry and Sphere","floor":22,"turns":3},{"damage":44,"enemies":"Slavers","floor":24,"turns":4},{"damage":0,"enemies":"Snake Plant","floor":27,"turns":2},{"damage":15,"enemies":"Shelled Parasite and Fungi","floor":28,"turns":7},{"damage":26,"enemies":"3 Cultists","floor":29,"turns":5},{"damage":4,"enemies":"Gremlin Leader","floor":31,"turns":6},{"damage":62,"enemies":"Automaton","floor":33,"turns":12},{"damage":9,"enemies":"3 Darklings","floor":35,"turns":5},{"damage":0,"enemies":"3 Shapes","floor":38,"turns":4},{"damage":7,"enemies":"Mind Bloom Boss Battle","floor":39,"turns":5},{"damage":5,"enemies":"Maw","floor":40,"turns":8},{"damage":68,"enemies":"Giant Head","floor":41,"turns":9},{"damage":0,"enemies":"Spire Growth","floor":46,"turns":5},{"damage":31,"enemies":"4 Shapes","floor":48,"turns":5},{"damage":104,"enemies":"Donu and Deca","floor":50,"turns":7}],"seed_played":"9037220388103501491","potions_obtained":[{"floor":1,"key":"Weak Potion"},{"floor":11,"key":"AttackPotion"},{"floor":16,"key":"FearPotion"},{"floor":18,"key":"Swift Potion"},{"floor":20,"key":"FocusPotion"},{"floor":27,"key":"FairyPotion"},{"floor":35,"key":"Swift Potion"},{"floor":40,"key":"Energy Potion"},{"floor":41,"key":"SpeedPotion"}],"is_trial":false,"path_per_floor":["M","?","$","?","T","R","E","R","T","?","E","R","E","M","R","B",null,"M","?","M","$","M","R","E","R","T","M","M","M","R","E","R","B",null,"M","?","?","M","?","M","E","R","T","?","R","M","R","M","R","B"],"character_chosen":"DEFECT","items_purchased":["Blood Vial","Sweeping Beam","Dead Branch"],"campfire_rested":4,"item_purchase_floors":[3,3,21],"current_hp_per_floor":[68,57,57,42,42,42,30,30,30,12,21,47,45,47,47,26,73,63,43,44,44,46,72,30,30,30,32,26,9,35,40,40,12,70,63,63,63,72,89,89,28,54,54,76,76,85,85,56,56,0],"gold":554,"neow_bonus":"RANDOM_COMMON_RELIC","is_prod":false,"is_daily":false,"chose_seed":false,"campfire_upgraded":6,"win_rate":0,"timestamp":1550290670,"path_taken":["M","?","$","?","?","R","E","R","T","?","E","R","E","M","R","BOSS","M","?","M","$","M","R","E","R","T","M","M","M","R","E","R","BOSS","M","?","?","M","?","M","E","R","T","?","R","M","R","M","R","BOSS"],"build_version":"2019-01-23","purchased_purges":0,"victory":false,"max_hp_per_floor":[75,75,75,75,75,75,75,75,75,75,89,89,89,89,89,89,89,89,89,89,89,89,89,89,89,89,89,89,89,89,89,89,89,89,89,89,89,89,89,89,89,89,89,89,89,89,89,89,89,89],"card_choices":[{"not_picked":["FTL","Aggregate"],"picked":"Leap","floor":1},{"not_picked":["Redo","Stack"],"picked":"Ball Lightning","floor":7},{"not_picked":["Redo","Steam Power"],"picked":"Scrape+1","floor":11},{"not_picked":["Go for the Eyes+1","Rebound+1"],"picked":"Cold Snap+1","floor":13},{"not_picked":["Compile Driver+1","Gash+1"],"picked":"Go for the Eyes+1","floor":14},{"not_picked":["Biased Cognition","Machine Learning"],"picked":"Reboot","floor":16},{"not_picked":["Beam Cell+1","Streamline+1"],"picked":"Sweeping Beam+1","floor":17},{"not_picked":["Auto Shields","Reinforced Body"],"picked":"Cold Snap+1","floor":17},{"not_picked":["Lockon+1","Reinforced Body"],"picked":"Hologram","floor":17},{"not_picked":["Stack","Compile Driver+1"],"picked":"Thunder Strike+1","floor":17},{"not_picked":["Ball Lightning+1","Consume+1"],"picked":"Double Energy+1","floor":18},{"not_picked":["Hologram","Steam"],"picked":"Cold Snap+1","floor":19},{"not_picked":["Coolheaded","Compile Driver+1"],"picked":"Loop","floor":20},{"not_picked":["Coolheaded","Steam","Stack"],"picked":"SKIP","floor":22},{"not_picked":["Storm","Hologram"],"picked":"Chill","floor":24},{"not_picked":["Undo","Reprogram+1"],"picked":"Self Repair","floor":27},{"not_picked":["Turbo+1","Steam Power","Amplify"],"picked":"SKIP","floor":28},{"not_picked":["Coolheaded","Aggregate+1"],"picked":"Stack+1","floor":29},{"not_picked":["Sunder+1","Stack"],"picked":"Beam Cell+1","floor":31},{"not_picked":["Biased Cognition","Meteor Strike+1"],"picked":"Rainbow","floor":33},{"not_picked":["Beam Cell+1","Cold Snap+1"],"picked":"Rebound+1","floor":35},{"not_picked":["Chrysalis","Discovery"],"picked":"Dark Shackles","floor":36},{"not_picked":["Ball Lightning+1","Coolheaded+1"],"picked":"Conserve Battery+1","floor":38},{"not_picked":["Undo","Gash+1"],"picked":"Blizzard+1","floor":39},{"not_picked":["Coolheaded+1","Turbo+1"],"picked":"FTL+1","floor":40},{"not_picked":["Steam","Reboot"],"picked":"Compile Driver+1","floor":41},{"not_picked":["Coolheaded+1","Steam+1","Streamline+1"],"picked":"SKIP","floor":46},{"not_picked":["Compile Driver+1","Hello World"],"picked":"Leap+1","floor":48}],"player_experience":768037,"relics_obtained":[{"floor":5,"key":"Art of War"},{"floor":7,"key":"Bag of Preparation"},{"floor":11,"key":"Mango"},{"floor":13,"key":"Pantograph"},{"floor":19,"key":"Red Mask"},{"floor":24,"key":"Ornamental Fan"},{"floor":26,"key":"Tiny Chest"},{"floor":31,"key":"Smiling Mask"},{"floor":39,"key":"Emotion Chip"},{"floor":41,"key":"Peace Pipe"},{"floor":43,"key":"Blue Candle"}],"event_choices":[{"damage_healed":0,"gold_gain":75,"player_choice":"Gather Gold","damage_taken":11,"max_hp_gain":0,"max_hp_loss":0,"event_name":"World of Goop","floor":2,"gold_loss":0},{"damage_healed":0,"gold_gain":0,"player_choice":"Entered Light","damage_taken":15,"max_hp_gain":0,"max_hp_loss":0,"event_name":"Shining Light","floor":4,"gold_loss":0,"cards_upgraded":["Dualcast","Defend_B"]},{"damage_healed":0,"gold_gain":0,"player_choice":"Success","damage_taken":18,"relics_obtained":["Molten Egg 2"],"max_hp_gain":0,"max_hp_loss":0,"event_name":"Scrap Ooze","floor":10,"gold_loss":0},{"damage_healed":0,"gold_gain":0,"player_choice":"Fought Bandits","damage_taken":0,"max_hp_gain":0,"max_hp_loss":0,"event_name":"Masked Bandits","floor":19,"gold_loss":0},{"damage_healed":0,"gold_gain":0,"player_choice":"Memory 1","damage_taken":0,"max_hp_gain":0,"max_hp_loss":0,"event_name":"SensoryStone","floor":36,"gold_loss":0},{"damage_healed":0,"gold_gain":0,"player_choice":"Bought 0 Potions","damage_taken":0,"max_hp_gain":0,"max_hp_loss":0,"event_name":"The Woman in Blue","floor":37,"gold_loss":0},{"damage_healed":0,"gold_gain":0,"player_choice":"Fight","damage_taken":0,"max_hp_gain":0,"max_hp_loss":0,"event_name":"MindBloom","floor":39,"gold_loss":0},{"damage_healed":22,"gold_gain":0,"player_choice":"Writhe","damage_taken":0,"max_hp_gain":0,"max_hp_loss":0,"event_name":"Winding Halls","floor":44,"gold_loss":0,"cards_obtained":["Writhe"]}],"is_beta":false,"boss_relics":[{"not_picked":["Calling Bell","Velvet Choker"],"picked":"Orrery"},{"not_picked":["Pandora\u0027s Box","Runic Dome"],"picked":"Nuclear Battery"}],"items_purged_floors":[],"is_endless":false,"potions_floor_spawned":[1,11,16,18,20,27,28,29,35,39,40,41],"killed_by":"Donu and Deca","ascension_level":9}