{"gold_per_floor":[113,133,183,199,214,214,246,0,27,27,27,27,45,76,76,151,151,168,168,222,241,253,253,267,294,294,294,294,326,11,37,37,112,112,132,152,168,188,188,188,215,215,242,242,268,213,228,240,240,240,240,240,240,26,53,53],"floor_reached":56,"playtime":6084,"items_purged":["Strike_G","Strike_G"],"score":2150,"play_id":"b3dd61b7-d8a3-455f-93b2-8d54226601d0","local_time":"20190213175123","is_ascension_mode":true,"campfire_choices":[{"data":"Neutralize","floor":6,"key":"SMITH"},{"data":"Bouncing Flask","floor":10,"key":"SMITH"},{"data":"Crippling Poison","floor":15,"key":"SMITH"},{"data":"Malaise","floor":23,"key":"SMITH"},{"data":"Deadly Poison","floor":27,"key":"SMITH"},{"data":"Ghostly","floor":32,"key":"SMITH"},{"floor":40,"key":"RECALL"},{"floor":42,"key":"REST"},{"floor":49,"key":"REST"},{"floor":53,"key":"REST"}],"neow_cost":"TEN_PERCENT_HP_LOSS","seed_source_timestamp":27143263717115,"circlet_count":0,"master_deck":["AscendersBane","Defend_G","Defend_G","Defend_G","Defend_G","Strike_G","Survivor","Neutralize+1","Bouncing Flask+1","Deadly Poison+1","Dagger Spray+1","Backflip","Crippling Poison+1","Malaise+1","Ghostly","Ghostly","Ghostly+1","Burst+1","Crippling Poison+1","Footwork+1","Dodge and Roll+1","Impatience+1","Backflip+1","Footwork","Leg Sweep+1"],"relics":["Ring of the Snake","Pocketwatch","Strawberry","Orichalcum","Oddly Smooth Stone","Anchor","Busted Crown","Vajra","Centennial Puzzle","Dream Catcher","Strange Spoon","Bag of Marbles","Astrolabe","Toxic Egg 2","Regal Pillow","Sundial","Boot"],"potions_floor_usage":[7,14,14,24,25,33,38,56,56],"damage_taken":[{"damage":6,"enemies":"Small Slimes","floor":1,"turns":6},{"damage":8,"enemies":"Cultist","floor":2,"turns":5},{"damage":0,"enemies":"2 Louse","floor":4,"turns":3},{"damage":2,"enemies":"2 Fungi Beasts","floor":5,"turns":4},{"damage":17,"enemies":"3 Sentries","floor":7,"turns":9},{"damage":0,"enemies":"Exordium Wildlife","floor":13,"turns":3},{"damage":4,"enemies":"Gremlin Nob","floor":14,"turns":3},{"damage":2,"enemies":"Hexaghost","floor":16,"turns":7},{"damage":0,"enemies":"Spheric Guardian","floor":18,"turns":3},{"damage":3,"enemies":"Chosen","floor":21,"turns":4},{"damage":0,"enemies":"Centurion and Healer","floor":22,"turns":7},{"damage":17,"enemies":"Cultist and Chosen","floor":24,"turns":5},{"damage":0,"enemies":"Gremlin Leader","floor":25,"turns":6},{"damage":7,"enemies":"Slavers","floor":29,"turns":6},{"damage":0,"enemies":"Book of Stabbing","floor":31,"turns":7},{"damage":10,"enemies":"Champ","floor":33,"turns":11},{"damage":0,"enemies":"3 Shapes","floor":35,"turns":2},{"damage":0,"enemies":"Orb Walker","floor":36,"turns":4},{"damage":0,"enemies":"Maw","floor":37,"turns":8},{"damage":0,"enemies":"3 Darklings","floor":38,"turns":4},{"damage":0,"enemies":"Reptomancer","floor":41,"turns":6},{"damage":7,"enemies":"Giant Head","floor":45,"turns":9},{"damage":12,"enemies":"Transient","floor":47,"turns":6},{"damage":0,"enemies":"Writhing Mass","floor":48,"turns":5},{"damage":12,"enemies":"Time Eater","floor":50,"turns":16},{"damage":1,"enemies":"Awakened One","floor":51,"turns":20},{"damage":0,"enemies":"Shield and Spear","floor":55,"turns":13},{"damage":38,"enemies":"The Heart","floor":56,"turns":9}],"seed_played":"5996292158782327189","potions_obtained":[{"floor":1,"key":"Block Potion"},{"floor":4,"key":"Strength Potion"},{"floor":7,"key":"Poison Potion"},{"floor":21,"key":"Swift Potion"},{"floor":22,"key":"Regen Potion"},{"floor":25,"key":"GamblersBrew"},{"floor":33,"key":"Fruit Juice"},{"floor":36,"key":"Block Potion"},{"floor":38,"key":"Strength Potion"},{"floor":45,"key":"SpeedPotion"}],"is_trial":false,"path_per_floor":["M","M","?","M","M","R","E","$","T","R","?","?","M","E","R","B",null,"M","?","T","M","M","R","M","E","T","R","?","E","$","E","R","B",null,"M","M","M","M","$","R","E","R","T","?","E","$","M","M","R","B","B",null,"R","$","E","B"],"character_chosen":"THE_SILENT","items_purchased":["Orichalcum","Strange Spoon","Backflip+1","GhostInAJar","Footwork","Leg Sweep+1"],"campfire_rested":3,"item_purchase_floors":[8,30,46,54,54,54],"current_hp_per_floor":[53,45,39,39,37,37,27,27,27,27,27,27,27,23,23,21,56,56,56,56,53,53,53,36,51,51,51,33,26,26,26,26,16,29,29,29,29,34,34,34,34,38,38,38,31,31,19,19,38,26,25,35,38,38,38,0],"gold":53,"neow_bonus":"ONE_RARE_RELIC","is_prod":false,"is_daily":false,"chose_seed":false,"campfire_upgraded":6,"win_rate":0,"timestamp":1550098283,"path_taken":["M","M","?","?","M","R","E","$","T","R","?","?","M","E","R","BOSS","M","?","?","M","M","R","?","E","T","R","?","E","$","E","R","BOSS","M","M","M","M","$","R","E","R","T","?","E","$","M","M","R","BOSS","BOSS","R","$","E","BOSS"],"build_version":"2019-01-23","purchased_purges":2,"victory":false,"max_hp_per_floor":[60,60,60,60,60,60,67,67,67,67,67,67,67,67,67,67,67,67,67,67,67,67,67,67,67,67,67,33,33,33,33,33,33,33,33,33,33,38,38,38,38,38,38,38,38,38,38,38,38,38,38,38,38,38,38,38],"card_choices":[{"not_picked":["Riddle With Holes","Dodge and Roll","Acrobatics"],"picked":"SKIP","floor":1},{"not_picked":["Prepared","Catalyst"],"picked":"Bouncing Flask","floor":2},{"not_picked":["PiercingWail","Heel Hook"],"picked":"Deadly Poison","floor":4},{"not_picked":["Finisher","Sucker Punch"],"picked":"Dagger Spray","floor":5},{"not_picked":["Skewer","Deadly Poison","Outmaneuver"],"picked":"SKIP","floor":7},{"not_picked":["Acrobatics","Prepared"],"picked":"Backflip","floor":13},{"not_picked":["Tools of the Trade","Dagger Spray"],"picked":"Crippling Poison","floor":14},{"not_picked":["Bullet Time","Glass Knife"],"picked":"Malaise","floor":16},{"not_picked":["Dodge and Roll"],"picked":"SKIP","floor":18},{"not_picked":["Bane"],"picked":"SKIP","floor":21},{"not_picked":["Acrobatics+1"],"picked":"SKIP","floor":22},{"not_picked":["Infinite Blades+1"],"picked":"SKIP","floor":24},{"not_picked":["Dagger Throw"],"picked":"SKIP","floor":25},{"not_picked":["Bouncing Flask"],"picked":"SKIP","floor":29},{"not_picked":["Bane"],"picked":"SKIP","floor":31},{"not_picked":["Cloak And Dagger"],"picked":"SKIP","floor":35},{"not_picked":[],"picked":"Dodge and Roll+1","floor":36},{"not_picked":["Dagger Throw+1"],"picked":"SKIP","floor":37},{"not_picked":["Heel Hook"],"picked":"SKIP","floor":38},{"not_picked":["Prepared"],"picked":"SKIP","floor":41},{"not_picked":[],"picked":"Impatience+1","floor":44},{"not_picked":["Distraction+1"],"picked":"SKIP","floor":45},{"not_picked":["Distraction+1"],"picked":"SKIP","floor":45},{"not_picked":["Blade Dance+1"],"picked":"SKIP","floor":47},{"not_picked":["Reflex+1"],"picked":"SKIP","floor":48},{"not_picked":["Cloak And Dagger+1"],"picked":"SKIP","floor":55}],"player_experience":1148818,"relics_obtained":[{"floor":7,"key":"Strawberry"},{"floor":9,"key":"Oddly Smooth Stone"},{"floor":14,"key":"Anchor"},{"floor":20,"key":"Vajra"},{"floor":25,"key":"Centennial Puzzle"},{"floor":29,"key":"Dream Catcher"},{"floor":31,"key":"Bag of Marbles"},{"floor":41,"key":"Toxic Egg 2"},{"floor":43,"key":"Regal Pillow"},{"floor":45,"key":"Sundial"},{"floor":55,"key":"Boot"}],"event_choices":[{"damage_healed":0,"gold_gain":50,"player_choice":"Touch","damage_taken":6,"max_hp_gain":0,"max_hp_loss":0,"event_name":"FaceTrader","floor":3,"gold_loss":0},{"damage_healed":0,"gold_gain":0,"player_choice":"Grow","damage_taken":0,"max_hp_gain":0,"max_hp_loss":0,"event_name":"Living Wall","floor":11,"gold_loss":0,"cards_upgraded":["Dagger Spray"]},{"damage_healed":0,"gold_gain":0,"player_choice":"Ignored","damage_taken":0,"max_hp_gain":0,"max_hp_loss":0,"event_name":"Shining Light","floor":12,"gold_loss":0},{"damage_healed":0,"gold_gain":0,"player_choice":"Ignored","damage_taken":0,"max_hp_gain":0,"max_hp_loss":0,"event_name":"Vampires","floor":19,"gold_loss":0},{"damage_healed":0,"gold_gain":0,"player_choice":"Became a Ghost","damage_taken":0,"max_hp_gain":0,"max_hp_loss":34,"event_name":"Ghosts","floor":28,"gold_loss":0,"cards_obtained":["Ghostly","Ghostly","Ghostly"]},{"damage_healed":0,"gold_gain":0,"player_choice":"Memory 1","damage_taken":0,"max_hp_gain":0,"max_hp_loss":0,"event_name":"SensoryStone","floor":44,"gold_loss":0}],"is_beta":false,"boss_relics":[{"not_picked":["Lizard Tail","Calling Bell"],"picked":"Busted Crown"},{"not_picked":["Cursed Key","Black Star"],"picked":"Astrolabe"}],"items_purged_floors":[8,30],"is_endless":false,"potions_floor_spawned":[1,4,5,7,21,22,25,33,36,37,38,45],"killed_by":"The Heart","ascension_level":20}