{"gold_per_floor":[16,26,36,53,53,81,81,91,91,91,117,142,142,162,162,260,260,280,13,13,13,26,54,54,70,94,120,120,154,69,168,168,265,265,276,276,47,47,57,92,107,133,159,159,175,175,208,219,219,219,219,219,70,99,99],"floor_reached":56,"playtime":3666,"items_purged":["Regret"],"score":1458,"play_id":"8ed015d4-4e0e-4baf-86b0-3540144a169d","local_time":"20190426175953","is_ascension_mode":true,"campfire_choices":[{"data":"Footwork","floor":7,"key":"SMITH"},{"data":"Neutralize","floor":10,"key":"SMITH"},{"data":"Malaise","floor":15,"key":"SMITH"},{"data":"A Thousand Cuts","floor":24,"key":"SMITH"},{"data":"Footwork","floor":28,"key":"SMITH"},{"data":"Sucker Punch","floor":32,"key":"SMITH"},{"floor":44,"key":"RECALL"},{"data":"Phantasmal Killer","floor":46,"key":"SMITH"},{"data":"Cloak And Dagger","floor":49,"key":"SMITH"},{"data":"Cloak And Dagger","floor":52,"key":"SMITH"}],"neow_cost":"NO_GOLD","seed_source_timestamp":3968472469158015,"circlet_count":0,"master_deck":["Defend_G","Defend_G","Defend_G","Defend_G","Defend_G","Strike_G","Strike_G","Strike_G","Strike_G","Survivor","Neutralize+1","Footwork+1","Dagger Spray","Sucker Punch+1","Infinite Blades+1","Deflect+1","Cloak And Dagger+1","Malaise+1","Heel Hook","Footwork+1","A Thousand Cuts+1","Deflect+1","Backflip","Ghostly","Ghostly","Ghostly","Ghostly","Ghostly","Flying Knee+1","Masterful Stab","Blade Dance+1","Cloak And Dagger+1","Phantasmal Killer+1","Heel Hook+1","Backflip","Escape Plan+1","Heel Hook+1","Noxious Fumes+1","Acrobatics+1","Finisher+1","Backflip","Infinite Blades","Dodge and Roll","Acrobatics","Caltrops"],"relics":["Ring of the Snake","Letter Opener","Snake Skull","Odd Mushroom","Boot","Cursed Key","Kunai","Pear","Omamori","Regal Pillow","Anchor","Happy Flower","WristBlade","Bag of Preparation","Vajra","Darkstone Periapt","Bag of Marbles","Art of War"],"potions_floor_usage":[6,16,18,18,21,55,55,55,55,55,55],"damage_taken":[{"damage":2,"enemies":"Small Slimes","floor":1,"turns":5},{"damage":0,"enemies":"Jaw Worm","floor":2,"turns":5},{"damage":0,"enemies":"2 Louse","floor":3,"turns":3},{"damage":1,"enemies":"Large Slime","floor":4,"turns":8},{"damage":16,"enemies":"Gremlin Nob","floor":6,"turns":5},{"damage":1,"enemies":"3 Louse","floor":8,"turns":4},{"damage":0,"enemies":"The Mushroom Lair","floor":11,"turns":5},{"damage":5,"enemies":"Lagavulin","floor":12,"turns":11},{"damage":30,"enemies":"Exordium Wildlife","floor":14,"turns":8},{"damage":0,"enemies":"Hexaghost","floor":16,"turns":12},{"damage":5,"enemies":"2 Thieves","floor":18,"turns":4},{"damage":2,"enemies":"Masked Bandits","floor":21,"turns":2},{"damage":0,"enemies":"Spheric Guardian","floor":22,"turns":6},{"damage":3,"enemies":"Gremlin Leader","floor":23,"turns":10},{"damage":0,"enemies":"Shelled Parasite and Fungi","floor":25,"turns":7},{"damage":7,"enemies":"Slavers","floor":27,"turns":5},{"damage":1,"enemies":"Gremlin Leader","floor":29,"turns":8},{"damage":4,"enemies":"Champ","floor":33,"turns":17},{"damage":1,"enemies":"3 Darklings","floor":35,"turns":4},{"damage":0,"enemies":"3 Shapes","floor":39,"turns":4},{"damage":3,"enemies":"Reptomancer","floor":40,"turns":6},{"damage":1,"enemies":"Jaw Worm Horde","floor":41,"turns":5},{"damage":1,"enemies":"Nemesis","floor":42,"turns":7},{"damage":0,"enemies":"Maw","floor":45,"turns":9},{"damage":2,"enemies":"Reptomancer","floor":47,"turns":6},{"damage":0,"enemies":"4 Shapes","floor":48,"turns":4},{"damage":0,"enemies":"Awakened One","floor":50,"turns":13},{"damage":3,"enemies":"Shield and Spear","floor":54,"turns":7},{"damage":28,"enemies":"The Heart","floor":55,"turns":11}],"seed_played":"-6614926418665687529","potions_obtained":[{"floor":1,"key":"Explosive Potion"},{"floor":2,"key":"PowerPotion"},{"floor":3,"key":"AttackPotion"},{"floor":12,"key":"SpeedPotion"},{"floor":14,"key":"Dexterity Potion"},{"floor":16,"key":"Dexterity Potion"},{"floor":18,"key":"SmokeBomb"},{"floor":27,"key":"Dexterity Potion"},{"floor":33,"key":"SteroidPotion"},{"floor":39,"key":"EntropicBrew"},{"floor":48,"key":"PowerPotion"}],"is_trial":false,"path_per_floor":["M","M","M","M","?","E","R","M","T","R","?","E","?","M","R","B",null,"M","$","?","?","M","E","R","M","T","E","R","E","?","?","R","B",null,"M","?","$","?","M","E","M","E","T","R","M","R","E","M","R","B",null,"R","$","E","B",null],"character_chosen":"THE_SILENT","items_purchased":["Kunai","Backflip","Bag of Preparation","Infinite Blades","Dodge and Roll","Acrobatics"],"campfire_rested":0,"item_purchase_floors":[19,19,37,53,53,53],"current_hp_per_floor":[82,82,82,81,81,65,65,64,64,64,64,59,42,12,12,12,84,79,79,42,40,40,47,47,47,47,40,40,39,39,39,39,35,52,51,51,51,51,51,48,47,46,46,46,46,46,44,44,44,44,52,52,52,49,21],"gold":99,"neow_bonus":"TWENTY_PERCENT_HP_BONUS","is_prod":false,"is_daily":false,"chose_seed":false,"campfire_upgraded":9,"win_rate":0,"timestamp":1556315993,"path_taken":["M","M","M","M","?","E","R","M","T","R","?","E","?","M","R","BOSS","M","$","?","?","M","E","R","?","T","E","R","E","?","?","R","BOSS","M","?","$","?","M","E","M","E","T","R","?","R","E","?","R","BOSS","R","$","E","BOSS"],"build_version":"2019-04-23","purchased_purges":1,"victory":true,"max_hp_per_floor":[84,84,84,84,84,84,84,84,84,84,84,84,84,84,84,84,84,84,84,42,42,42,52,52,52,52,52,52,52,52,52,52,52,52,52,52,52,52,52,52,52,52,52,52,52,52,52,52,52,52,52,52,52,52,52],"card_choices":[{"not_picked":["Crippling Poison","Dash"],"picked":"Footwork","floor":1},{"not_picked":["Eviscerate","Concentrate"],"picked":"Dagger Spray","floor":2},{"not_picked":["Backflip","Slice"],"picked":"Sucker Punch","floor":3},{"not_picked":["Well Laid Plans","Dodge and Roll"],"picked":"Infinite Blades","floor":4},{"not_picked":["Poisoned Stab","Acrobatics"],"picked":"Deflect","floor":6},{"not_picked":["Crippling Poison","Eviscerate"],"picked":"Cloak And Dagger","floor":8},{"not_picked":["PiercingWail","Slice"],"picked":"Malaise","floor":11},{"not_picked":["Deflect","Catalyst"],"picked":"Heel Hook","floor":12},{"not_picked":["Quick Slash","Dodge and Roll"],"picked":"Footwork","floor":14},{"not_picked":["Night Terror","Grand Finale"],"picked":"A Thousand Cuts","floor":16},{"not_picked":["Underhanded Strike","Crippling Poison"],"picked":"Deflect+1","floor":18},{"not_picked":["Quick Slash","Outmaneuver"],"picked":"Flying Knee+1","floor":22},{"not_picked":["Setup","Skewer"],"picked":"Masterful Stab","floor":23},{"not_picked":["Bane+1","Flying Knee","Setup"],"picked":"SKIP","floor":25},{"not_picked":["Concentrate","Outmaneuver"],"picked":"Blade Dance+1","floor":27},{"not_picked":["Deflect","Quick Slash"],"picked":"Cloak And Dagger","floor":29},{"not_picked":["Storm of Steel","Night Terror"],"picked":"Phantasmal Killer","floor":33},{"not_picked":["Dagger Spray+1","Flying Knee"],"picked":"Heel Hook+1","floor":35},{"not_picked":["Crippling Poison","Quick Slash"],"picked":"Backflip","floor":39},{"not_picked":["Sucker Punch","Bane+1"],"picked":"Escape Plan+1","floor":40},{"not_picked":["Dagger Spray+1","Cloak And Dagger+1"],"picked":"Heel Hook+1","floor":41},{"not_picked":["Dash","PiercingWail+1"],"picked":"Noxious Fumes+1","floor":42},{"not_picked":["Flechettes+1","Crippling Poison+1"],"picked":"Acrobatics+1","floor":45},{"not_picked":["Crippling Poison+1","Flying Knee+1"],"picked":"Finisher+1","floor":47},{"not_picked":["Flying Knee","Prepared"],"picked":"Backflip","floor":48},{"not_picked":["Poisoned Stab","Deflect"],"picked":"Caltrops","floor":54}],"player_experience":5504790,"relics_obtained":[{"floor":6,"key":"Letter Opener"},{"floor":9,"key":"Snake Skull"},{"floor":11,"key":"Odd Mushroom"},{"floor":12,"key":"Boot"},{"floor":23,"key":"Pear"},{"floor":26,"key":"Omamori"},{"floor":27,"key":"Regal Pillow"},{"floor":29,"key":"Anchor"},{"floor":40,"key":"Vajra"},{"floor":42,"key":"Darkstone Periapt"},{"floor":47,"key":"Bag of Marbles"},{"floor":54,"key":"Art of War"}],"event_choices":[{"damage_healed":0,"gold_gain":0,"player_choice":"Grow","damage_taken":0,"max_hp_gain":0,"max_hp_loss":0,"event_name":"Living Wall","floor":5,"gold_loss":0,"cards_upgraded":["Infinite Blades"]},{"damage_healed":0,"gold_gain":0,"player_choice":"Fought Mushrooms","damage_taken":0,"max_hp_gain":0,"max_hp_loss":0,"event_name":"Mushrooms","floor":11,"gold_loss":0},{"damage_healed":0,"gold_gain":0,"player_choice":"Entered Light","damage_taken":17,"max_hp_gain":0,"max_hp_loss":0,"event_name":"Shining Light","floor":13,"gold_loss":0,"cards_upgraded":["Deflect","Strike_G"]},{"damage_healed":0,"gold_gain":0,"player_choice":"Became a Ghost","damage_taken":0,"max_hp_gain":0,"max_hp_loss":42,"event_name":"Ghosts","floor":20,"gold_loss":0,"cards_obtained":["Ghostly","Ghostly","Ghostly","Ghostly","Ghostly"]},{"damage_healed":0,"gold_gain":0,"player_choice":"Fought Bandits","damage_taken":0,"max_hp_gain":0,"max_hp_loss":0,"event_name":"Masked Bandits","floor":21,"gold_loss":0},{"damage_healed":0,"gold_gain":0,"player_choice":"Obtained Relic","damage_taken":0,"relics_obtained":["Happy Flower"],"max_hp_gain":0,"max_hp_loss":0,"event_name":"Addict","floor":30,"gold_loss":85},{"damage_healed":0,"gold_gain":99,"player_choice":"Stole From Cult","damage_taken":0,"max_hp_gain":0,"max_hp_loss":0,"event_name":"Nest","floor":31,"gold_loss":0},{"cards_removed":["Strike_G"],"damage_healed":0,"gold_gain":0,"player_choice":"Removed Attack","damage_taken":0,"max_hp_gain":0,"max_hp_loss":0,"event_name":"Falling","floor":36,"gold_loss":0},{"damage_healed":0,"gold_gain":0,"player_choice":"0 cards matched","damage_taken":0,"max_hp_gain":0,"max_hp_loss":0,"event_name":"Match and Keep!","floor":38,"gold_loss":0,"cards_obtained":[]}],"is_beta":true,"boss_relics":[{"not_picked":["Snecko Eye","Fusion Hammer"],"picked":"Cursed Key"},{"not_picked":["Tiny House","Philosopher\u0027s Stone"],"picked":"WristBlade"}],"items_purged_floors":[37],"is_endless":false,"potions_floor_spawned":[1,2,3,12,14,16,18,21,27,33,39,40,47,48,54],"ascension_level":1}