{"gold_per_floor":[12,12,25,25,200,200,212,212,235,247,278,35,35,47,47,147,147,159,84,102,113,123,123,151,151,151,168,168,181,181,214,214,319,319,333,1332,494,494,512,546,546,70,70,85,104,104,118,118,118,118],"floor_reached":50,"playtime":1824,"items_purged":["Doubt","Normality","Normality"],"score":884,"play_id":"ecc3cceb-185c-4e51-a0aa-e5b2523ed585","local_time":"20190419161858","is_ascension_mode":true,"campfire_choices":[{"data":"Crippling Poison","floor":6.0,"key":"SMITH"},{"data":"Neutralize","floor":8.0,"key":"SMITH"},{"data":"Poisoned Stab","floor":13.0,"key":"SMITH"},{"data":"Distraction","floor":15.0,"key":"SMITH"},{"data":"After Image","floor":23.0,"key":"SMITH"},{"floor":25,"key":"REST"},{"data":"Bouncing Flask","floor":28,"key":"SMITH"},{"data":"Poisoned Stab","floor":30,"key":"SMITH"},{"floor":32,"key":"REST"},{"data":"Sucker Punch","floor":41,"key":"SMITH"},{"floor":46,"key":"REST"},{"floor":49,"key":"REST"}],"neow_cost":"NO_GOLD","seed_source_timestamp":3647650407591,"circlet_count":0,"master_deck":["AscendersBane","Defend_G","Defend_G","Defend_G","Defend_G","Strike_G","Strike_G","Strike_G","Strike_G+1","Survivor","Neutralize+1","Backstab+1","Crippling Poison+1","Backflip","Poisoned Stab+1","PiercingWail","Distraction+1","After Image+1","Bouncing Flask+1","Sucker Punch+1","Caltrops","Footwork+1","PiercingWail","Deflect+1","Poisoned Stab+1","Choke","Corpse Explosion","Caltrops","Caltrops","Catalyst+1","Deadly Poison","Cloak And Dagger+1"],"special_seed":0,"relics":["Ring of the Snake","Dream Catcher","Torii","Paper Crane","Philosopher\u0027s Stone","Centennial Puzzle","Bottled Lightning","Potion Belt","White Beast Statue","Pear","Happy Flower","Sling","Smiling Mask","Bronze Scales","HandDrill","Calipers"],"potions_floor_usage":[31,33,39,40,40,40,40,44,50,50,50],"damage_taken":[{"damage":0.0,"enemies":"2 Louse","floor":1.0,"turns":4.0},{"damage":0.0,"enemies":"Jaw Worm","floor":3.0,"turns":3.0},{"damage":0.0,"enemies":"Cultist","floor":7.0,"turns":3.0},{"damage":0.0,"enemies":"Lots of Slimes","floor":10.0,"turns":3.0},{"damage":14.0,"enemies":"Lagavulin","floor":11.0,"turns":8.0},{"damage":0.0,"enemies":"Exordium Thugs","floor":14.0,"turns":4.0},{"damage":6.0,"enemies":"Hexaghost","floor":16.0,"turns":12.0},{"damage":1.0,"enemies":"Spheric Guardian","floor":18.0,"turns":4.0},{"damage":0.0,"enemies":"Chosen","floor":20.0,"turns":4.0},{"damage":21.0,"enemies":"Sentry and Sphere","floor":21.0,"turns":5.0},{"damage":0.0,"enemies":"Snake Plant","floor":22.0,"turns":4.0},{"damage":33,"enemies":"Gremlin Leader","floor":24,"turns":9},{"damage":0,"enemies":"Cultist and Chosen","floor":27,"turns":7},{"damage":1,"enemies":"3 Cultists","floor":29,"turns":4},{"damage":11,"enemies":"Book of Stabbing","floor":31,"turns":5},{"damage":21,"enemies":"Champ","floor":33,"turns":15},{"damage":0,"enemies":"3 Shapes","floor":35,"turns":7},{"damage":2,"enemies":"3 Darklings","floor":39,"turns":3},{"damage":28,"enemies":"Reptomancer","floor":40,"turns":7},{"damage":8,"enemies":"Spire Growth","floor":44,"turns":6},{"damage":3,"enemies":"Sphere and 2 Shapes","floor":45,"turns":5},{"damage":17,"enemies":"Jaw Worm Horde","floor":47,"turns":4},{"damage":70,"enemies":"Time Eater","floor":50,"turns":10}],"seed_played":"-7995069155430512449","potions_obtained":[{"floor":3.0,"key":"Energy Potion"},{"floor":10.0,"key":"Dexterity Potion"},{"floor":11.0,"key":"Block Potion"},{"floor":14.0,"key":"FearPotion"},{"floor":18.0,"key":"AttackPotion"},{"floor":20.0,"key":"SpeedPotion"},{"floor":21.0,"key":"Block Potion"},{"floor":29,"key":"Poison Potion"},{"floor":31,"key":"GamblersBrew"},{"floor":33,"key":"LiquidBronze"},{"floor":35,"key":"Poison Potion"},{"floor":39,"key":"SpeedPotion"},{"floor":40,"key":"Fruit Juice"},{"floor":44,"key":"Explosive Potion"},{"floor":45,"key":"Poison Potion"},{"floor":47,"key":"Block Potion"}],"is_trial":false,"path_per_floor":["M","?","M","?","?","R","M","R","T","M","E","$","R","M","R","B",null,"M","$","M","M","M","R","E","R","T","M","R","M","R","E","R","B",null,"M","?","$","?","M","E","R","$","T","M","M","R","M","?","R","B"],"character_chosen":"THE_SILENT","items_purchased":["Paper Crane","Pear","Happy Flower","Sling","EssenceOfSteel","Caltrops","Bronze Scales","HandDrill","GhostInAJar"],"campfire_rested":4,"item_purchase_floors":[12,37,37,37,37,37,42,42,42],"current_hp_per_floor":[63,49,49,70,70,70,70,70,70,70,56,56,56,56,56,50,65,64,64,64,43,43,43,10,31,31,31,31,30,30,19,40,19,57,57,57,67,67,65,42,42,42,42,34,31,55,38,38,62,0],"gold":118,"neow_bonus":"REMOVE_TWO","is_prod":false,"is_daily":false,"chose_seed":false,"campfire_upgraded":8,"win_rate":0,"timestamp":1555712338,"path_taken":["M","?","M","?","?","R","M","R","T","M","E","?","R","M","R","BOSS","M","?","M","?","M","R","E","R","T","M","R","M","R","E","R","BOSS","M","?","$","?","M","E","R","$","T","M","M","R","M","?","R","BOSS"],"build_version":"2019-01-23","purchased_purges":3,"victory":false,"max_hp_per_floor":[70,70,70,70,70,70,70,70,70,70,70,70,70,70,70,70,70,70,70,70,70,70,70,70,70,70,70,70,70,70,70,70,70,70,70,70,80,76,76,81,81,81,81,81,81,81,81,81,81,81],"card_choices":[{"not_picked":["Dodge and Roll","Bane"],"picked":"Backstab","floor":1.0},{"not_picked":["PiercingWail","Flechettes"],"picked":"Crippling Poison","floor":3.0},{"not_picked":["Expertise","Dodge and Roll"],"picked":"Backflip","floor":7.0},{"not_picked":["Quick Slash","Dodge and Roll"],"picked":"Poisoned Stab","floor":10.0},{"not_picked":["Predator","All Out Attack"],"picked":"PiercingWail","floor":11.0},{"not_picked":["Reflex","Distraction","Blade Dance"],"picked":"SKIP","floor":14.0},{"not_picked":["Reflex","Blade Dance"],"picked":"Distraction","floor":14.0},{"not_picked":["Doppelganger","Adrenaline"],"picked":"After Image","floor":16.0},{"not_picked":["PiercingWail","Blade Dance","Dagger Spray+1"],"picked":"SKIP","floor":18.0},{"not_picked":["Quick Slash","Prepared"],"picked":"Bouncing Flask","floor":20.0},{"not_picked":["Prepared","Accuracy"],"picked":"Sucker Punch","floor":21.0},{"not_picked":["Dagger Throw","PiercingWail"],"picked":"Caltrops","floor":22.0},{"not_picked":["Bullet Time","Cloak And Dagger"],"picked":"Footwork+1","floor":24},{"not_picked":["Dagger Spray+1","Concentrate"],"picked":"PiercingWail","floor":25},{"not_picked":["Prepared","Eviscerate"],"picked":"Deflect+1","floor":27},{"not_picked":["Calculated Gamble","Dagger Throw"],"picked":"Poisoned Stab","floor":29},{"not_picked":["Quick Slash","Finisher","Deflect"],"picked":"SKIP","floor":31},{"not_picked":["Blade Dance","Bane"],"picked":"Choke","floor":32},{"not_picked":["Die Die Die","A Thousand Cuts"],"picked":"Corpse Explosion","floor":33},{"not_picked":["Expertise","Accuracy+1"],"picked":"Caltrops","floor":35},{"not_picked":["Dagger Throw","Flying Knee+1","Outmaneuver"],"picked":"SKIP","floor":39},{"not_picked":["Heel Hook","Slice","Blade Dance"],"picked":"SKIP","floor":40},{"not_picked":["Poisoned Stab","Heel Hook"],"picked":"Catalyst+1","floor":44},{"not_picked":["Dagger Spray","Backstab+1"],"picked":"Deadly Poison","floor":45},{"not_picked":["Blur","Phantasmal Killer"],"picked":"Cloak And Dagger+1","floor":46},{"not_picked":["Blade Dance","Quick Slash+1","Deflect"],"picked":"SKIP","floor":47}],"player_experience":1254917,"relics_obtained":[{"floor":9.0,"key":"Dream Catcher"},{"floor":11.0,"key":"Torii"},{"floor":24,"key":"Centennial Puzzle"},{"floor":26,"key":"Bottled Lightning"},{"floor":31,"key":"Potion Belt"},{"floor":40,"key":"Smiling Mask"},{"floor":43,"key":"Calipers"}],"event_choices":[{"damage_healed":0.0,"max_hp_gain":0.0,"max_hp_loss":0.0,"gold_gain":0.0,"event_name":"Shining Light","player_choice":"Entered Light","floor":2.0,"gold_loss":0.0,"damage_taken":14.0,"cards_upgraded":["Strike_G","Backstab"]},{"damage_healed":23.0,"max_hp_gain":0.0,"max_hp_loss":0.0,"gold_gain":0.0,"event_name":"Big Fish","player_choice":"Banana","floor":4.0,"gold_loss":0.0,"damage_taken":0.0},{"damage_healed":0.0,"max_hp_gain":0.0,"max_hp_loss":0.0,"gold_gain":175.0,"event_name":"Liars Game","player_choice":"AGREE","floor":5.0,"gold_loss":0.0,"damage_taken":0.0,"cards_obtained":["Doubt"]},{"damage_healed":0,"gold_gain":999,"player_choice":"Gold","damage_taken":0,"max_hp_gain":0,"max_hp_loss":0,"event_name":"MindBloom","floor":36,"gold_loss":0,"cards_obtained":["Normality","Normality"]},{"damage_healed":0,"gold_gain":0,"player_choice":"Max HP","damage_taken":0,"max_hp_gain":0,"max_hp_loss":4,"event_name":"Winding Halls","floor":38,"gold_loss":0},{"damage_healed":0,"gold_gain":0,"player_choice":"Ignored","damage_taken":0,"max_hp_gain":0,"max_hp_loss":0,"event_name":"Mysterious Sphere","floor":48,"gold_loss":0}],"is_beta":false,"boss_relics":[{"not_picked":["Snecko Eye","Lizard Tail"],"picked":"Philosopher\u0027s Stone"},{"not_picked":["Coffee Dripper","Runic Dome"],"picked":"White Beast Statue"}],"items_purged_floors":[19,37,42],"is_endless":false,"potions_floor_spawned":[3,10,11,14,18,20,21,29,31,33,35,39,40,44,45,47],"killed_by":"Time Eater","ascension_level":12}