{"gold_per_floor":[114,114,114,127,127,127,155,188,188,201,201,201,35,53,53,148,148,164,64,64,83,94,94,110,128,205,236,253,253,128,146,146,248,298,310,310,365,65,75,107,107,140,167,179,179,199,216,233,233,233,233,233,74,100,100],"floor_reached":56,"playtime":3755,"items_purged":["Strike_B","Strike_B","Strike_B","Defend_B"],"score":1254,"play_id":"29df23b0-2a6b-44ec-a30e-d085f3f10c43","local_time":"20190320123746","is_ascension_mode":false,"campfire_choices":[{"data":"Zap","floor":6,"key":"SMITH"},{"data":"Loop","floor":12,"key":"SMITH"},{"data":"Panacea","floor":15,"key":"SMITH"},{"floor":23,"key":"REST"},{"floor":29,"key":"REST"},{"floor":32,"key":"REST"},{"floor":41,"key":"REST"},{"floor":45,"key":"RECALL"},{"floor":49,"key":"REST"},{"floor":52,"key":"REST"}],"neow_cost":"TEN_PERCENT_HP_LOSS","seed_source_timestamp":335268611912051,"circlet_count":0,"master_deck":["Strike_B+1","Defend_B","Defend_B+1","Defend_B","Zap+1","Dualcast","Sweeping Beam+1","Loop+1","Leap","Self Repair","Ball Lightning","Fusion","Panacea+1","Hyperbeam","Coolheaded","Machine Learning","Skim+1","Compile Driver","Ball Lightning+1","Creative AI","Fusion+1","Steam+1","Leap","Leap+1","Undo+1","Coolheaded+1","Coolheaded+1","Rebound+1","Compile Driver+1","Recycle+1","Glacier+1","Capacitor","Go for the Eyes+1","Capacitor","Skim+1","Skim+1","Biased Cognition"],"relics":["Cracked Core","Prayer Wheel","Bag of Marbles","Odd Mushroom","Bronze Scales","Letter Opener","Fusion Hammer","Question Card","Toxic Egg 2","Tiny House","FossilizedHelix","Membership Card","Mercury Hourglass","Singing Bowl","Mummified Hand","Pantograph"],"potions_floor_usage":[8,16,24,27,33,33,37,37,40,42,50,54,55],"damage_taken":[{"damage":1,"enemies":"Jaw Worm","floor":1,"turns":3},{"damage":0,"enemies":"2 Louse","floor":4,"turns":2},{"damage":3,"enemies":"The Mushroom Lair","floor":7,"turns":3},{"damage":10,"enemies":"Gremlin Nob","floor":8,"turns":3},{"damage":0,"enemies":"Small Slimes","floor":10,"turns":2},{"damage":0,"enemies":"3 Louse","floor":14,"turns":2},{"damage":0,"enemies":"Slime Boss","floor":16,"turns":5},{"damage":4,"enemies":"3 Byrds","floor":18,"turns":2},{"damage":14,"enemies":"Shell Parasite","floor":21,"turns":4},{"damage":8,"enemies":"Shelled Parasite and Fungi","floor":22,"turns":4},{"damage":10,"enemies":"Sentry and Sphere","floor":24,"turns":3},{"damage":12,"enemies":"Snake Plant","floor":25,"turns":4},{"damage":28,"enemies":"Slavers","floor":27,"turns":4},{"damage":13,"enemies":"Snecko","floor":28,"turns":4},{"damage":8,"enemies":"Cultist and Chosen","floor":31,"turns":4},{"damage":7,"enemies":"Champ","floor":33,"turns":11},{"damage":6,"enemies":"Orb Walker","floor":35,"turns":5},{"damage":24,"enemies":"2 Orb Walkers","floor":37,"turns":5},{"damage":0,"enemies":"3 Darklings","floor":39,"turns":3},{"damage":24,"enemies":"Reptomancer","floor":40,"turns":7},{"damage":5,"enemies":"Nemesis","floor":42,"turns":7},{"damage":17,"enemies":"Sphere and 2 Shapes","floor":44,"turns":5},{"damage":0,"enemies":"Spire Growth","floor":46,"turns":6},{"damage":0,"enemies":"Maw","floor":47,"turns":10},{"damage":0,"enemies":"Jaw Worm Horde","floor":48,"turns":3},{"damage":51,"enemies":"Donu and Deca","floor":50,"turns":11},{"damage":43,"enemies":"Shield and Spear","floor":54,"turns":7},{"damage":60,"enemies":"The Heart","floor":55,"turns":12}],"seed_played":"-5002284307203958426","potions_obtained":[{"floor":7,"key":"GamblersBrew"},{"floor":8,"key":"Strength Potion"},{"floor":14,"key":"PowerPotion"},{"floor":16,"key":"SneckoOil"},{"floor":21,"key":"Poison Potion"},{"floor":24,"key":"Weak Potion"},{"floor":27,"key":"Strength Potion"},{"floor":33,"key":"Regen Potion"},{"floor":34,"key":"AttackPotion"},{"floor":37,"key":"Strength Potion"},{"floor":47,"key":"Block Potion"},{"floor":48,"key":"Poison Potion"}],"is_trial":false,"path_per_floor":["M","?","?","M","?","R","?","E","T","M","?","R","$","M","R","B",null,"M","$","?","M","M","R","M","M","T","E","M","R","$","M","R","B",null,"M","?","?","$","M","E","R","E","T","M","R","M","M","M","R","B",null,"R","$","E","B",null],"character_chosen":"DEFECT","items_purchased":["Panacea","Membership Card","Weak Potion","Mummified Hand","Skim+1"],"campfire_rested":6,"item_purchase_floors":[13,38,38,53,53],"current_hp_per_floor":[67,53,41,41,41,41,38,35,35,42,47,47,47,47,47,47,73,69,69,56,49,48,71,68,63,63,42,36,59,59,58,78,78,83,83,83,66,66,66,42,66,68,68,60,60,71,80,87,91,47,91,91,91,55,42],"gold":100,"neow_bonus":"ONE_RARE_RELIC","is_prod":false,"is_daily":false,"chose_seed":false,"campfire_upgraded":3,"win_rate":0,"timestamp":1553085466,"path_taken":["M","?","?","M","?","R","?","E","T","M","?","R","$","M","R","BOSS","M","$","?","M","M","R","M","M","T","E","M","R","$","M","R","BOSS","M","?","?","$","M","E","R","E","T","M","R","M","?","M","R","BOSS","R","$","E","BOSS"],"build_version":"2019-03-15","purchased_purges":4,"victory":true,"max_hp_per_floor":[68,68,68,68,68,68,68,68,68,68,73,73,73,73,73,73,73,73,73,78,78,78,78,78,78,78,78,78,78,78,78,78,78,83,83,83,83,83,83,83,83,83,83,85,85,89,91,91,91,91,91,91,91,91,91],"card_choices":[{"not_picked":["Sweeping Beam","Coolheaded"],"picked":"Ball Lightning","floor":1},{"not_picked":["Steam","Doom and Gloom"],"picked":"Sweeping Beam","floor":1},{"not_picked":["Leap","Sweeping Beam"],"picked":"Loop","floor":4},{"not_picked":["Heatsinks","Chaos"],"picked":"Leap","floor":4},{"not_picked":["Machine Learning","Reinforced Body"],"picked":"Self Repair","floor":7},{"not_picked":["Streamline","Reinforced Body"],"picked":"Ball Lightning","floor":8},{"not_picked":["Compile Driver","Streamline"],"picked":"Fusion","floor":10},{"not_picked":["Chaos","Turbo","Beam Cell"],"picked":"SKIP","floor":10},{"not_picked":["Chaos","Turbo","Beam Cell"],"picked":"SKIP","floor":10},{"not_picked":["Loop","Leap"],"picked":"Hyperbeam","floor":14},{"not_picked":["Sweeping Beam","Rebound"],"picked":"Coolheaded","floor":14},{"not_picked":["Multi-Cast","Hyperbeam"],"picked":"Machine Learning","floor":16},{"not_picked":["Redo","Sweeping Beam"],"picked":"Skim+1","floor":18},{"not_picked":["Consume","Coolheaded","Tempest+1"],"picked":"SKIP","floor":18},{"not_picked":["Hello World","Stack"],"picked":"Compile Driver","floor":21},{"not_picked":["Barrage","Go for the Eyes"],"picked":"Ball Lightning+1","floor":21},{"not_picked":["Steam Power","Ball Lightning"],"picked":"Creative AI","floor":22},{"not_picked":["Gash+1","Compile Driver","Beam Cell"],"picked":"SKIP","floor":22},{"not_picked":["Leap","Ball Lightning"],"picked":"Fusion+1","floor":24},{"not_picked":["Loop","Turbo"],"picked":"Steam+1","floor":24},{"not_picked":["FTL","Gash"],"picked":"Leap","floor":25},{"not_picked":["Coolheaded","Loop","Barrage+1"],"picked":"SKIP","floor":25},{"not_picked":["Sweeping Beam+1","Electrodynamics","Redo+1"],"picked":"Leap+1","floor":27},{"not_picked":["Cold Snap","Chaos+1","Lockon"],"picked":"Undo+1","floor":28},{"not_picked":["Rebound","Force Field+1","Streamline","Core Surge"],"picked":"SKIP","floor":28},{"not_picked":["Redo+1","Turbo+1","Streamline","Rip and Tear"],"picked":"SKIP","floor":31},{"not_picked":["Gash","Ball Lightning","Turbo+1","Rebound"],"picked":"SKIP","floor":31},{"not_picked":["Turbo+1","Ball Lightning","Genetic Algorithm+1"],"picked":"Coolheaded+1","floor":35},{"not_picked":["Steam+1","Beam Cell+1","Loop+1"],"picked":"Coolheaded+1","floor":35},{"not_picked":["Genetic Algorithm+1","Cold Snap","Sweeping Beam"],"picked":"Rebound+1","floor":37},{"not_picked":["Cold Snap","Amplify+1","Stack+1"],"picked":"Compile Driver+1","floor":39},{"not_picked":["Ball Lightning","Auto Shields+1","Gash","Genetic Algorithm+1"],"picked":"SKIP","floor":39},{"not_picked":["Hologram+1","Genetic Algorithm+1","Gash"],"picked":"Recycle+1","floor":40},{"not_picked":["Scrape+1","Barrage","Ball Lightning"],"picked":"Glacier+1","floor":42},{"not_picked":["Hello World+1","Compile Driver+1","Heatsinks"],"picked":"Capacitor","floor":44},{"not_picked":["Rebound+1","Chaos+1","Stack+1","Redo+1"],"picked":"Singing Bowl","floor":44},{"not_picked":["Genetic Algorithm+1","Sunder","Reinforced Body+1","Reboot+1"],"picked":"Singing Bowl","floor":46},{"not_picked":["Compile Driver","Streamline","Cold Snap+1","Hello World+1"],"picked":"Singing Bowl","floor":46},{"not_picked":["Conserve Battery+1","Sweeping Beam+1","Redo+1"],"picked":"Go for the Eyes+1","floor":47},{"not_picked":["Barrage+1","Tempest+1","Beam Cell","Static Discharge+1"],"picked":"Singing Bowl","floor":47},{"not_picked":["Auto Shields+1","Cold Snap","Rebound+1"],"picked":"Capacitor","floor":48},{"not_picked":["Double Energy+1","Melter+1","Buffer"],"picked":"Skim+1","floor":48},{"not_picked":["Storm","Leap+1","Darkness+1"],"picked":"Biased Cognition","floor":54}],"player_experience":1104689,"relics_obtained":[{"floor":7,"key":"Odd Mushroom"},{"floor":8,"key":"Bronze Scales"},{"floor":9,"key":"Letter Opener"},{"floor":26,"key":"Question Card"},{"floor":27,"key":"Toxic Egg 2"},{"floor":37,"key":"FossilizedHelix"},{"floor":40,"key":"Mercury Hourglass"},{"floor":42,"key":"Singing Bowl"},{"floor":54,"key":"Pantograph"}],"event_choices":[{"damage_healed":0,"gold_gain":0,"player_choice":"Entered Light","damage_taken":14,"max_hp_gain":0,"max_hp_loss":0,"event_name":"Shining Light","floor":2,"gold_loss":0,"cards_upgraded":["Sweeping Beam","Defend_B"]},{"damage_healed":0,"gold_gain":0,"player_choice":"Success","damage_taken":12,"relics_obtained":["Bag of Marbles"],"max_hp_gain":0,"max_hp_loss":0,"event_name":"Scrap Ooze","floor":3,"gold_loss":0},{"damage_healed":0,"gold_gain":0,"player_choice":"Ignored","damage_taken":0,"max_hp_gain":0,"max_hp_loss":0,"event_name":"Liars Game","floor":5,"gold_loss":0},{"damage_healed":0,"gold_gain":0,"player_choice":"Fought Mushrooms","damage_taken":0,"max_hp_gain":0,"max_hp_loss":0,"event_name":"Mushrooms","floor":7,"gold_loss":0},{"damage_healed":0,"gold_gain":0,"player_choice":"Donut","damage_taken":0,"max_hp_gain":5,"max_hp_loss":0,"event_name":"Big Fish","floor":11,"gold_loss":0},{"damage_healed":0,"gold_gain":0,"player_choice":"Shed Blood","damage_taken":18,"max_hp_gain":5,"max_hp_loss":0,"event_name":"Forgotten Altar","floor":20,"gold_loss":0},{"cards_removed":["Ball Lightning"],"damage_healed":0,"gold_gain":0,"player_choice":"Removed Attack","damage_taken":0,"max_hp_gain":0,"max_hp_loss":0,"event_name":"Falling","floor":36,"gold_loss":0},{"damage_healed":0,"gold_gain":0,"player_choice":"Fight","damage_taken":0,"max_hp_gain":0,"max_hp_loss":0,"event_name":"Mysterious Sphere","floor":37,"gold_loss":0}],"is_beta":true,"boss_relics":[{"not_picked":["FrozenCore","Black Star"],"picked":"Fusion Hammer"},{"not_picked":["Runic Dome","White Beast Statue"],"picked":"Tiny House"}],"items_purged_floors":[13,19,30,38],"is_endless":false,"potions_floor_spawned":[7,8,14,16,21,24,27,33,37,47,48],"ascension_level":0}