{"gold_per_floor":[211,126,141,159,178,209,209,209,209,236,43,70,82,99,99,195,195,214,249,348,365,379,404,404,329,404,414,414,449,460,493,493,598,598,615,615,615,634,652,652,671,703,703,729,753,793,1027,507,507,507,507,507,59,86,86],"floor_reached":56,"playtime":3502,"items_purged":["Defend_R","Defend_R"],"score":1600,"play_id":"4d2144ab-d267-4f39-af11-91fb68d83f41","local_time":"20190507042519","is_ascension_mode":true,"campfire_choices":[{"data":"Perfected Strike","floor":7,"key":"SMITH"},{"data":"Perfected Strike","floor":15,"key":"SMITH"},{"data":"Evolve","floor":24,"key":"SMITH"},{"data":"Corruption","floor":28,"key":"SMITH"},{"data":"Barricade","floor":32,"key":"SMITH"},{"floor":40,"key":"RECALL"},{"data":"Brutality","floor":49,"key":"SMITH"},{"data":"Armaments","floor":52,"key":"SMITH"}],"neow_cost":"NONE","seed_source_timestamp":286321259646313,"circlet_count":0,"master_deck":["Strike_R","Strike_R","Strike_R","Strike_R","Strike_R","Defend_R","Defend_R","Bash","Shrug It Off","Shrug It Off","Perfected Strike+1","Shrug It Off","Corruption+1","Metallicize","Wild Strike","Evolve+1","Twin Strike","Perfected Strike+1","Barricade+1","Shrug It Off","Headbutt","Wild Strike","Juggernaut","Iron Wave+1","Power Through","Entrench","Armaments+1","Juggernaut","Body Slam+1","Magnetism","Magnetism","Deep Breath","Juggernaut","Body Slam+1","Power Through+1","Iron Wave+1","Power Through","Feed+1","Brutality+1","Master of Strategy","Rupture","Shockwave","Battle Trance","Clothesline+1"],"relics":["Burning Blood","Incense Burner","Mango","Bird Faced Urn","Mummified Hand","Bottled Tornado","Mark of Pain","Red Mask","Smiling Mask","Molten Egg 2","Oddly Smooth Stone","Anchor","Runic Dome","Question Card","MawBank","Centennial Puzzle","Pen Nib","Gambling Chip","Magic Flower"],"potions_floor_usage":[10,31,46,50,55,55,55],"damage_taken":[{"damage":5,"enemies":"Jaw Worm","floor":1,"turns":4},{"damage":6,"enemies":"Cultist","floor":3,"turns":3},{"damage":5,"enemies":"Small Slimes","floor":4,"turns":3},{"damage":24,"enemies":"Exordium Wildlife","floor":5,"turns":8},{"damage":20,"enemies":"Gremlin Nob","floor":6,"turns":5},{"damage":10,"enemies":"Lagavulin","floor":10,"turns":7},{"damage":15,"enemies":"3 Sentries","floor":12,"turns":7},{"damage":2,"enemies":"Blue Slaver","floor":13,"turns":3},{"damage":3,"enemies":"Gremlin Gang","floor":14,"turns":10},{"damage":34,"enemies":"The Guardian","floor":16,"turns":9},{"damage":9,"enemies":"3 Byrds","floor":18,"turns":9},{"damage":13,"enemies":"Masked Bandits","floor":19,"turns":5},{"damage":0,"enemies":"Spheric Guardian","floor":21,"turns":4},{"damage":4,"enemies":"3 Cultists","floor":22,"turns":4},{"damage":11,"enemies":"Slavers","floor":23,"turns":5},{"damage":14,"enemies":"Snecko","floor":27,"turns":4},{"damage":2,"enemies":"Book of Stabbing","floor":29,"turns":5},{"damage":3,"enemies":"Cultist and Chosen","floor":30,"turns":4},{"damage":13,"enemies":"Gremlin Leader","floor":31,"turns":8},{"damage":0,"enemies":"Champ","floor":33,"turns":12},{"damage":9,"enemies":"3 Darklings","floor":35,"turns":5},{"damage":0,"enemies":"3 Shapes","floor":38,"turns":3},{"damage":0,"enemies":"Maw","floor":39,"turns":6},{"damage":1,"enemies":"4 Shapes","floor":41,"turns":5},{"damage":0,"enemies":"Reptomancer","floor":42,"turns":6},{"damage":0,"enemies":"Giant Head","floor":44,"turns":5},{"damage":1,"enemies":"3 Darklings","floor":45,"turns":6},{"damage":20,"enemies":"Reptomancer","floor":46,"turns":5},{"damage":7,"enemies":"Donu and Deca","floor":50,"turns":8},{"damage":33,"enemies":"Shield and Spear","floor":54,"turns":7},{"damage":18,"enemies":"The Heart","floor":55,"turns":7}],"seed_played":"4771860804938676040","potions_obtained":[{"floor":5,"key":"GamblersBrew"},{"floor":6,"key":"AttackPotion"},{"floor":10,"key":"Ancient Potion"},{"floor":12,"key":"Ancient Potion"},{"floor":16,"key":"SteroidPotion"},{"floor":22,"key":"Swift Potion"},{"floor":33,"key":"Block Potion"},{"floor":42,"key":"SpeedPotion"},{"floor":46,"key":"SkillPotion"}],"is_trial":false,"path_per_floor":["M","?","M","M","M","E","R","?","T","E","$","E","M","M","R","B",null,"M","?","?","M","M","E","R","?","T","M","R","E","M","E","R","B",null,"M","?","?","M","M","R","M","E","T","E","M","E","?","$","R","B",null,"R","$","E","B",null],"character_chosen":"IRONCLAD","items_purchased":["Metallicize","Wild Strike","Master of Strategy","Rupture","Shockwave","Pen Nib","Weak Potion","Gambling Chip","PowerPotion","Battle Trance","LiquidBronze"],"campfire_rested":0,"item_purchase_floors":[11,11,48,48,48,48,48,53,53,53,53],"current_hp_per_floor":[80,80,80,80,62,62,62,62,62,58,58,53,61,68,68,44,94,94,87,87,94,94,91,91,91,91,86,86,94,94,92,92,94,94,94,84,84,94,94,94,94,94,94,94,94,90,90,90,90,94,94,94,94,84,98],"gold":86,"neow_bonus":"HUNDRED_GOLD","is_prod":false,"is_daily":false,"chose_seed":false,"campfire_upgraded":7,"win_rate":0,"timestamp":1557217519,"path_taken":["M","?","?","M","M","E","R","?","T","E","$","E","?","M","R","BOSS","M","?","?","M","M","E","R","?","T","M","R","E","M","E","R","BOSS","M","?","?","M","M","R","?","E","T","E","M","E","?","$","R","BOSS","R","$","E","BOSS"],"build_version":"2019-04-23","purchased_purges":2,"victory":true,"max_hp_per_floor":[80,80,80,80,80,94,94,94,94,94,94,94,94,94,94,94,94,94,94,94,94,94,94,94,94,94,94,94,94,94,94,94,94,94,94,94,94,94,94,94,94,94,94,94,94,94,94,94,94,94,94,94,94,94,98],"card_choices":[{"not_picked":["Flex","Body Slam"],"picked":"Sword Boomerang","floor":1},{"not_picked":["Limit Break","Power Through"],"picked":"Shrug It Off","floor":3},{"not_picked":["Body Slam","Entrench"],"picked":"Shrug It Off","floor":4},{"not_picked":["Thunderclap","Headbutt"],"picked":"Perfected Strike","floor":5},{"not_picked":["Blood for Blood","Exhume"],"picked":"Shrug It Off","floor":6},{"not_picked":["Evolve","Rampage"],"picked":"Corruption","floor":10},{"not_picked":["Cleave","Rampage"],"picked":"Evolve","floor":12},{"not_picked":["Armaments","Anger"],"picked":"Twin Strike","floor":13},{"not_picked":["Headbutt","Clash"],"picked":"Perfected Strike","floor":14},{"not_picked":["Double Tap","Bludgeon"],"picked":"Barricade","floor":16},{"not_picked":["Thunderclap","Seeing Red"],"picked":"Shrug It Off","floor":18},{"not_picked":["Clash","Second Wind"],"picked":"Headbutt","floor":19},{"not_picked":["Warcry","Anger"],"picked":"Wild Strike","floor":21},{"not_picked":["True Grit","Havoc+1"],"picked":"Juggernaut","floor":22},{"not_picked":["Sentinel","Headbutt+1"],"picked":"Iron Wave+1","floor":23},{"not_picked":["Sentinel","Inflame+1"],"picked":"Power Through","floor":27},{"not_picked":["Anger+1","Infernal Blade","Corruption"],"picked":"SKIP","floor":29},{"not_picked":["Uppercut+1","Cleave+1"],"picked":"Entrench","floor":30},{"not_picked":["Evolve","Spot Weakness"],"picked":"Armaments","floor":31},{"not_picked":["Bludgeon+1","Impervious"],"picked":"Juggernaut","floor":33},{"not_picked":["Flame Barrier+1","Intimidate"],"picked":"Body Slam+1","floor":35},{"not_picked":["Chrysalis","The Bomb"],"picked":"Magnetism","floor":36},{"not_picked":["Blind","Dramatic Entrance+1"],"picked":"Magnetism","floor":36},{"not_picked":["Madness","HandOfGreed+1"],"picked":"Deep Breath","floor":36},{"not_picked":["Clash+1","Havoc"],"picked":"Body Slam+1","floor":38},{"not_picked":["Sword Boomerang+1","Wild Strike+1"],"picked":"Power Through+1","floor":39},{"not_picked":["Seeing Red","Clash+1","Warcry"],"picked":"SKIP","floor":41},{"not_picked":["Whirlwind+1","Thunderclap+1"],"picked":"Iron Wave+1","floor":42},{"not_picked":["Heavy Blade+1","Burning Pact","Spot Weakness+1"],"picked":"Power Through","floor":44},{"not_picked":["Ghostly Armor","Rampage+1","Heavy Blade+1"],"picked":"Feed+1","floor":45},{"not_picked":["Flame Barrier","Sword Boomerang+1","Wild Strike+1"],"picked":"Brutality","floor":46},{"not_picked":["Pommel Strike+1","Cleave+1","Brutality"],"picked":"Clothesline+1","floor":54}],"player_experience":5662937,"relics_obtained":[{"floor":6,"key":"Mango"},{"floor":9,"key":"Bird Faced Urn"},{"floor":10,"key":"Mummified Hand"},{"floor":12,"key":"Bottled Tornado"},{"floor":19,"key":"Red Mask"},{"floor":23,"key":"Smiling Mask"},{"floor":26,"key":"Molten Egg 2"},{"floor":29,"key":"Oddly Smooth Stone"},{"floor":31,"key":"Anchor"},{"floor":42,"key":"Question Card"},{"floor":44,"key":"MawBank"},{"floor":46,"key":"Centennial Puzzle"},{"floor":54,"key":"Magic Flower"}],"event_choices":[{"damage_healed":0,"gold_gain":0,"player_choice":"Paid Gold","damage_taken":0,"relics_obtained":["Incense Burner"],"max_hp_gain":0,"max_hp_loss":0,"event_name":"WeMeetAgain","floor":2,"gold_loss":85},{"damage_healed":0,"gold_gain":0,"player_choice":"Ignored","damage_taken":0,"max_hp_gain":0,"max_hp_loss":0,"event_name":"NoteForYourself","floor":8,"gold_loss":0},{"damage_healed":0,"gold_gain":0,"player_choice":"Fought Bandits","damage_taken":0,"max_hp_gain":0,"max_hp_loss":0,"event_name":"Masked Bandits","floor":19,"gold_loss":0},{"damage_healed":0,"gold_gain":99,"player_choice":"Stole From Cult","damage_taken":0,"max_hp_gain":0,"max_hp_loss":0,"event_name":"Nest","floor":20,"gold_loss":0},{"cards_removed":["Sword Boomerang"],"damage_healed":0,"gold_gain":0,"player_choice":"Gave Gold","damage_taken":0,"max_hp_gain":0,"max_hp_loss":0,"event_name":"Beggar","floor":25,"gold_loss":75},{"damage_healed":0,"gold_gain":0,"player_choice":"Memory 3","damage_taken":10,"max_hp_gain":0,"max_hp_loss":0,"event_name":"SensoryStone","floor":36,"gold_loss":0},{"damage_healed":0,"gold_gain":0,"player_choice":"Copied","damage_taken":0,"max_hp_gain":0,"max_hp_loss":0,"event_name":"Duplicator","floor":37,"gold_loss":0,"cards_obtained":["Juggernaut"]},{"damage_healed":0,"gold_gain":222,"player_choice":"Wore Mask","damage_taken":0,"max_hp_gain":0,"max_hp_loss":0,"event_name":"Tomb of Lord Red Mask","floor":47,"gold_loss":0}],"is_beta":true,"boss_relics":[{"not_picked":["Velvet Choker","Orrery"],"picked":"Mark of Pain"},{"not_picked":["White Beast Statue","Calling Bell"],"picked":"Runic Dome"}],"items_purged_floors":[11,48],"is_endless":false,"potions_floor_spawned":[5,6,10,12,16,18,21,22,33,38,39,42,46],"ascension_level":1}