{"gold_per_floor":[112,27,27,27,42,69,69,69,69,69,89,101,101,126,126,203,203,182,182,182,194,210,210,243,243,315,315,340,350,361,379,379,379],"floor_reached":33,"playtime":2713,"items_purged":[],"score":610,"play_id":"4b1ba6d2-90e8-4813-9f75-5c9526b93317","local_time":"20190127113144","is_ascension_mode":true,"campfire_choices":[{"floor":7,"key":"REST"},{"data":"Zap","floor":10,"key":"SMITH"},{"data":"Darkness","floor":15,"key":"SMITH"},{"data":"Recycle","floor":23,"key":"SMITH"},{"floor":25,"key":"REST"},{"floor":27,"key":"REST"},{"floor":32,"key":"REST"}],"neow_cost":"NONE","seed_source_timestamp":503923241724613,"circlet_count":0,"master_deck":["AscendersBane","Zap+1","Dualcast","Sweeping Beam","Glacier","Darkness+1","Coolheaded","Rebound","Biased Cognition","Genetic Algorithm","Barrage","Darkness","Creative AI","Recycle+1","Coolheaded+1","Chill","Doom and Gloom","Sweeping Beam","Recycle","Hologram","Sunder+1","Leap+1","Defragment"],"relics":["Cracked Core","Incense Burner","Shuriken","Pandora\u0027s Box","Cables","Singing Bowl","Prayer Wheel"],"potions_floor_usage":[6,8,16,33,33],"damage_taken":[{"damage":10,"enemies":"Small Slimes","floor":1,"turns":4},{"damage":0,"enemies":"2 Louse","floor":5,"turns":2},{"damage":36,"enemies":"Lagavulin","floor":6,"turns":9},{"damage":0,"enemies":"Gremlin Nob","floor":8,"turns":2},{"damage":0,"enemies":"Cultist","floor":11,"turns":4},{"damage":0,"enemies":"Blue Slaver","floor":12,"turns":5},{"damage":15,"enemies":"3 Sentries","floor":14,"turns":7},{"damage":10,"enemies":"The Guardian","floor":16,"turns":13},{"damage":7,"enemies":"2 Thieves","floor":18,"turns":4},{"damage":0,"enemies":"Chosen","floor":21,"turns":4},{"damage":18,"enemies":"Shelled Parasite and Fungi","floor":22,"turns":6},{"damage":26,"enemies":"Gremlin Leader","floor":24,"turns":6},{"damage":45,"enemies":"Book of Stabbing","floor":28,"turns":6},{"damage":4,"enemies":"Snecko","floor":29,"turns":10},{"damage":0,"enemies":"3 Cultists","floor":30,"turns":5},{"damage":0,"enemies":"Sentry and Sphere","floor":31,"turns":6},{"damage":47,"enemies":"Collector","floor":33,"turns":6}],"seed_played":"3959911602031428780","potions_obtained":[{"floor":0,"key":"EssenceOfSteel"},{"floor":0,"key":"FearPotion"},{"floor":6,"key":"SmokeBomb"},{"floor":16,"key":"SpeedPotion"},{"floor":18,"key":"Strength Potion"},{"floor":28,"key":"Poison Potion"},{"floor":29,"key":"Swift Potion"}],"is_trial":false,"path_per_floor":["M","$","?","?","M","E","R","E","T","R","M","M","?","E","R","B",null,"M","?","?","M","M","R","E","R","T","R","E","M","M","M","R","B"],"character_chosen":"DEFECT","items_purchased":["Glacier"],"campfire_rested":4,"item_purchase_floors":[2],"current_hp_per_floor":[54,54,54,59,59,23,45,45,45,45,45,45,38,23,23,13,60,53,53,53,53,35,35,9,31,31,53,8,6,6,8,32,0],"gold":379,"neow_bonus":"THREE_SMALL_POTIONS","is_prod":false,"is_daily":false,"chose_seed":false,"campfire_upgraded":3,"win_rate":0,"timestamp":1548606704,"path_taken":["M","$","?","?","M","E","R","E","T","R","M","M","?","E","R","BOSS","M","?","?","M","M","R","E","R","T","R","E","M","M","?","R","BOSS"],"build_version":"2019-01-23","purchased_purges":0,"victory":false,"max_hp_per_floor":[71,71,71,76,76,76,76,76,76,76,76,76,76,76,76,76,76,76,76,76,76,76,76,76,76,76,76,76,78,78,80,80,80],"card_choices":[{"not_picked":["Streamline","Steam"],"picked":"Sweeping Beam","floor":1},{"not_picked":["Storm","Turbo","Coolheaded"],"picked":"SKIP","floor":5},{"not_picked":["Storm","Stack","Leap"],"picked":"SKIP","floor":6},{"not_picked":["Fission","Force Field"],"picked":"Darkness","floor":11},{"not_picked":["Streamline","Double Energy"],"picked":"Coolheaded","floor":12},{"not_picked":["Meteor Strike","Stack"],"picked":"Rebound","floor":14},{"not_picked":["Multi-Cast","Thunder Strike"],"picked":"Biased Cognition","floor":16},{"not_picked":["Steam","Self Repair"],"picked":"Coolheaded+1","floor":18},{"not_picked":["Chaos+1","Hologram"],"picked":"Chill","floor":21},{"not_picked":["Go for the Eyes","Double Energy"],"picked":"Doom and Gloom","floor":22},{"not_picked":["Tempest","Ball Lightning"],"picked":"Sweeping Beam","floor":24},{"not_picked":["Machine Learning","Beam Cell+1"],"picked":"Recycle","floor":28},{"not_picked":["Melter+1","Recycle+1"],"picked":"Hologram","floor":29},{"not_picked":["Defragment","Redo","Force Field"],"picked":"Singing Bowl","floor":29},{"not_picked":["FTL","Redo"],"picked":"Sunder+1","floor":30},{"not_picked":["Glacier","Compile Driver"],"picked":"Leap+1","floor":30},{"not_picked":["Steam","Stack"],"picked":"Defragment","floor":31},{"not_picked":["Doom and Gloom","Go for the Eyes","Conserve Battery"],"picked":"Singing Bowl","floor":31}],"player_experience":1124852,"relics_obtained":[{"floor":9,"key":"Incense Burner"},{"floor":14,"key":"Shuriken"},{"floor":24,"key":"Cables"},{"floor":26,"key":"Singing Bowl"},{"floor":28,"key":"Prayer Wheel"}],"event_choices":[{"damage_healed":0,"gold_gain":0,"player_choice":"Leave","damage_taken":0,"max_hp_gain":0,"max_hp_loss":0,"event_name":"The Cleric","floor":3,"gold_loss":0},{"damage_healed":0,"gold_gain":0,"player_choice":"Donut","damage_taken":0,"max_hp_gain":5,"max_hp_loss":0,"event_name":"Big Fish","floor":4,"gold_loss":0},{"cards_removed":["Strike_B"],"damage_healed":0,"gold_gain":0,"player_choice":"Card Removal","damage_taken":7,"max_hp_gain":0,"max_hp_loss":0,"event_name":"Golden Wing","floor":13,"gold_loss":0},{"cards_removed":["Thunder Strike"],"damage_healed":0,"gold_gain":0,"player_choice":"Elegance","damage_taken":0,"max_hp_gain":0,"max_hp_loss":0,"event_name":"Back to Basics","floor":19,"gold_loss":0},{"cards_removed":["Melter"],"damage_healed":0,"gold_gain":0,"player_choice":"Purged","damage_taken":0,"max_hp_gain":0,"max_hp_loss":0,"event_name":"Purifier","floor":20,"gold_loss":0}],"is_beta":false,"boss_relics":[{"not_picked":["Busted Crown","Philosopher\u0027s Stone"],"picked":"Pandora\u0027s Box"}],"items_purged_floors":[],"is_endless":false,"potions_floor_spawned":[6,8,16,18,28,29,30],"killed_by":"Collector","ascension_level":20}