{"gold_per_floor":[118,132,52,70,20,32,79,91,175,187,215,227,239,279,291,378,390,420,432,205,205,220,220,220],"floor_reached":24,"playtime":495,"items_purged":["Strike_R"],"score":479,"play_id":"fdc144f4-ded2-4666-9d0a-bc330ad493db","local_time":"20190430205926","is_ascension_mode":true,"campfire_choices":[{"data":"Inflame","floor":6,"key":"SMITH"},{"data":"Heavy Blade","floor":8,"key":"SMITH"},{"data":"Heavy Blade","floor":10,"key":"SMITH"},{"data":"Strike_R","floor":12,"key":"PURGE"},{"data":"Bash","floor":15,"key":"SMITH"},{"data":"Limit Break","floor":23,"key":"SMITH"}],"neow_cost":"NONE","seed_source_timestamp":651829976586800,"circlet_count":0,"master_deck":["AscendersBane","Strike_R","Defend_R","Defend_R","Defend_R","Defend_R","Bash+1","Heavy Blade+1","Thunderclap","Heavy Blade+1","Inflame+1","Flex","Limit Break+1","Spot Weakness","Metallicize"],"relics":["Burning Blood","MawBank","Peace Pipe","Singing Bowl","Gambling Chip","Sozu","Bag of Marbles"],"potions_floor_usage":[],"damage_taken":[{"damage":7,"enemies":"Small Slimes","floor":1,"turns":3},{"damage":1,"enemies":"Cultist","floor":2,"turns":3},{"damage":4,"enemies":"Jaw Worm","floor":4,"turns":3},{"damage":35,"enemies":"3 Sentries","floor":7,"turns":7},{"damage":1,"enemies":"2 Fungi Beasts","floor":11,"turns":3},{"damage":20,"enemies":"Lagavulin","floor":14,"turns":5},{"damage":0,"enemies":"Slime Boss","floor":16,"turns":5},{"damage":28,"enemies":"2 Thieves","floor":18,"turns":3},{"damage":25,"enemies":"Chosen","floor":22,"turns":4},{"damage":32,"enemies":"Snake Plant","floor":24,"turns":2}],"seed_played":"7987915072917837767","potions_obtained":[{"floor":1,"key":"SpeedPotion"},{"floor":7,"key":"Dexterity Potion"}],"is_trial":false,"path_per_floor":["M","M","$","M","?","R","E","R","T","R","M","R","?","E","R","B",null,"M","?","$","?","M","R","M"],"character_chosen":"IRONCLAD","items_purchased":["Inflame","Bag of Marbles"],"campfire_rested":0,"item_purchase_floors":[3,20],"current_hp_per_floor":[67,72,72,74,74,74,45,45,45,45,52,52,52,40,40,46,71,51,51,51,51,32,32,0],"gold":220,"neow_bonus":"TRANSFORM_CARD","is_prod":false,"is_daily":false,"chose_seed":false,"campfire_upgraded":5,"win_rate":0,"timestamp":1556650766,"path_taken":["M","M","$","M","?","R","E","R","T","R","?","R","?","E","R","BOSS","M","?","$","?","?","R","M"],"build_version":"2019-01-23","purchased_purges":1,"victory":false,"max_hp_per_floor":[75,75,75,75,75,75,75,75,75,75,77,77,77,79,79,79,79,81,81,81,81,81,81,81],"card_choices":[{"not_picked":["Rage","Combust"],"picked":"Thunderclap","floor":1},{"not_picked":["Twin Strike","Burning Pact"],"picked":"Heavy Blade","floor":2},{"not_picked":["Second Wind","Intimidate","Corruption"],"picked":"SKIP","floor":4},{"not_picked":["Second Wind","Entrench"],"picked":"Flex","floor":7},{"not_picked":["Iron Wave","Clash","Anger"],"picked":"Singing Bowl","floor":11},{"not_picked":["Iron Wave","Cleave","Thunderclap"],"picked":"Singing Bowl","floor":14},{"not_picked":["Fiend Fire","Dark Embrace"],"picked":"Limit Break","floor":16},{"not_picked":["Iron Wave","True Grit","Heavy Blade"],"picked":"Singing Bowl","floor":18},{"not_picked":["Anger","Thunderclap"],"picked":"Metallicize","floor":22}],"player_experience":658346,"relics_obtained":[{"floor":7,"key":"Peace Pipe"},{"floor":9,"key":"Singing Bowl"},{"floor":14,"key":"Gambling Chip"}],"event_choices":[{"damage_healed":0,"gold_gain":0,"player_choice":"Paid Gold","damage_taken":0,"relics_obtained":["MawBank"],"max_hp_gain":0,"max_hp_loss":0,"event_name":"WeMeetAgain","floor":5,"gold_loss":50},{"damage_healed":0,"gold_gain":0,"player_choice":"Ignored","damage_taken":0,"max_hp_gain":0,"max_hp_loss":0,"event_name":"Shining Light","floor":13,"gold_loss":0},{"damage_healed":0,"gold_gain":0,"player_choice":"Read","damage_taken":0,"max_hp_gain":0,"max_hp_loss":0,"event_name":"The Library","floor":19,"gold_loss":0,"cards_obtained":["Spot Weakness"]},{"cards_removed":["Strike_R"],"damage_healed":0,"gold_gain":0,"player_choice":"Purged","damage_taken":0,"max_hp_gain":0,"max_hp_loss":0,"event_name":"Purifier","floor":21,"gold_loss":0}],"is_beta":false,"boss_relics":[{"not_picked":["Philosopher\u0027s Stone","Mark of Pain"],"picked":"Sozu"}],"items_purged_floors":[20],"is_endless":false,"potions_floor_spawned":[1,7,11,18],"killed_by":"Snake Plant","ascension_level":18}