{"gold_per_floor":[113,113,138,313,9,42,62,106,106,106,6,75,98,134,134,255,255,278,278,22,40,59,94,94,163,163,182,182,25,46,46,46,176,176,196,123,123,123,146,146,479,479,525,184,196,251,251,261,261,261],"floor_reached":50,"playtime":2161,"items_purged":["Doubt","Injury","Writhe"],"score":587,"play_id":"5d3c49c9-9987-45fa-9af6-45cad4f813c8","local_time":"20190428201404","is_ascension_mode":true,"campfire_choices":[{"data":"Beam Cell","floor":10,"key":"SMITH"},{"data":"Double Energy","floor":15,"key":"SMITH"},{"floor":24,"key":"REST"},{"data":"Buffer","floor":28,"key":"SMITH"},{"floor":32,"key":"REST"},{"floor":40,"key":"RECALL"},{"data":"Multi-Cast","floor":42,"key":"SMITH"},{"floor":47,"key":"REST"},{"data":"Dualcast","floor":49,"key":"SMITH"}],"neow_cost":"NONE","seed_source_timestamp":1400320405979200,"circlet_count":0,"master_deck":["Strike_B","Strike_B","Strike_B","Strike_B","Defend_B","Defend_B","Defend_B","Defend_B","Zap","Dualcast+1","Sweeping Beam","Beam Cell+1","Cold Snap","Compile Driver","Lockon+1","Beam Cell","Multi-Cast+1","Double Energy+1","Tempest","Buffer+1","Coolheaded+1","Turbo+1","Conserve Battery","Reinforced Body","Defragment+1","Amplify","Conserve Battery+1","Loop","Self Repair","FTL","White Noise"],"relics":["Cracked Core","NeowsBlessing","Chemical X","Blood Vial","StoneCalendar","Singing Bowl","Tiny Chest","Mummified Hand","Nuclear Battery","Gremlin Horn","Matryoshka","Dream Catcher","Bag of Preparation","Pantograph","Boot","Lizard Tail","Calipers","Juzu Bracelet","Regal Pillow","Nunchaku"],"potions_floor_usage":[8,14,23,30,45,45,46,50],"damage_taken":[{"damage":0,"enemies":"Small Slimes","floor":1,"turns":1},{"damage":0,"enemies":"Jaw Worm","floor":3,"turns":1},{"damage":0,"enemies":"Lagavulin","floor":6,"turns":1},{"damage":0,"enemies":"Cultist","floor":7,"turns":2},{"damage":16,"enemies":"3 Sentries","floor":8,"turns":5},{"damage":11,"enemies":"Lagavulin","floor":12,"turns":4},{"damage":0,"enemies":"3 Louse","floor":13,"turns":2},{"damage":3,"enemies":"Gremlin Nob","floor":14,"turns":3},{"damage":37,"enemies":"The Guardian","floor":16,"turns":7},{"damage":20,"enemies":"2 Thieves","floor":18,"turns":3},{"damage":0,"enemies":"Spheric Guardian","floor":21,"turns":3},{"damage":24,"enemies":"Shelled Parasite and Fungi","floor":22,"turns":3},{"damage":18,"enemies":"Gremlin Leader","floor":23,"turns":4},{"damage":0,"enemies":"Snake Plant","floor":27,"turns":2},{"damage":9,"enemies":"Centurion and Healer","floor":30,"turns":2},{"damage":21,"enemies":"Champ","floor":33,"turns":9},{"damage":38,"enemies":"3 Darklings","floor":35,"turns":6},{"damage":19,"enemies":"Orb Walker","floor":39,"turns":3},{"damage":19,"enemies":"Spire Growth","floor":45,"turns":7},{"damage":34,"enemies":"2 Orb Walkers","floor":46,"turns":3},{"damage":0,"enemies":"Sphere and 2 Shapes","floor":48,"turns":3},{"damage":132,"enemies":"Awakened One","floor":50,"turns":19}],"seed_played":"351398661048479574","potions_obtained":[{"floor":1,"key":"Dexterity Potion"},{"floor":7,"key":"AttackPotion"},{"floor":13,"key":"AttackPotion"},{"floor":16,"key":"PowerPotion"},{"floor":18,"key":"PowerPotion"},{"floor":27,"key":"FocusPotion"},{"floor":30,"key":"Block Potion"},{"floor":35,"key":"Block Potion"},{"floor":46,"key":"PowerPotion"}],"is_trial":false,"path_per_floor":["M","?","M","?","$","E","M","E","T","R","$","E","M","E","R","B",null,"M","?","$","M","M","E","R","T","T","M","R","$","M","?","R","B",null,"M","$","T","?","M","R","?","R","T","$","M","?","R","M","R","B"],"character_chosen":"DEFECT","items_purchased":["Chemical X","Cold Snap","Gremlin Horn","Boot","Loop","Regal Pillow","FTL"],"campfire_rested":3,"item_purchase_floors":[5,5,20,29,36,44,44],"current_hp_per_floor":[75,75,75,75,75,75,75,59,59,59,59,50,52,51,51,16,75,55,55,55,57,35,19,41,41,41,43,43,43,38,38,63,58,79,41,41,41,61,44,44,44,44,44,44,36,13,52,56,56,0],"gold":261,"neow_bonus":"THREE_ENEMY_KILL","is_prod":false,"is_daily":false,"chose_seed":false,"campfire_upgraded":5,"win_rate":0,"timestamp":1556496844,"path_taken":["M","?","M","?","$","E","M","E","T","R","$","E","M","E","R","BOSS","M","?","$","M","M","E","R","?","T","?","R","$","M","?","R","BOSS","M","$","?","?","M","R","?","R","T","$","M","?","R","M","R","BOSS"],"build_version":"2019-01-23","purchased_purges":3,"victory":false,"max_hp_per_floor":[75,75,75,75,75,75,75,75,75,75,75,75,75,75,75,75,75,75,75,75,75,75,75,75,75,75,75,75,75,77,77,79,79,79,79,79,79,79,79,79,79,79,79,79,81,83,83,85,85,85],"card_choices":[{"not_picked":["Reprogram","Turbo"],"picked":"Sweeping Beam","floor":1},{"not_picked":["Ball Lightning","Go for the Eyes"],"picked":"Beam Cell","floor":3},{"not_picked":["Stack","BootSequence"],"picked":"Compile Driver","floor":6},{"not_picked":["Undo","Beam Cell"],"picked":"Lockon","floor":7},{"not_picked":["Sweeping Beam","Go for the Eyes"],"picked":"Beam Cell","floor":8},{"not_picked":["Sweeping Beam","Storm"],"picked":"Multi-Cast","floor":12},{"not_picked":["Reprogram","Stack"],"picked":"Double Energy","floor":13},{"not_picked":["Sweeping Beam","Conserve Battery"],"picked":"Tempest","floor":14},{"not_picked":["Reboot","Rainbow"],"picked":"Buffer","floor":16},{"not_picked":["Leap","Consume+1"],"picked":"Coolheaded+1","floor":18},{"not_picked":["Leap","Rebound"],"picked":"Turbo+1","floor":21},{"not_picked":["Double Energy","Go for the Eyes"],"picked":"Conserve Battery","floor":22},{"not_picked":["Coolheaded","Storm"],"picked":"Reinforced Body","floor":23},{"not_picked":["Redo","Self Repair"],"picked":"Defragment+1","floor":27},{"not_picked":["Rainbow","Redo","Chaos"],"picked":"Singing Bowl","floor":30},{"not_picked":["Recycle+1","Chill","Redo"],"picked":"Singing Bowl","floor":32},{"not_picked":["Reboot","Core Surge"],"picked":"Amplify","floor":33},{"not_picked":["Ball Lightning","Darkness"],"picked":"Conserve Battery+1","floor":35},{"not_picked":["Leap+1","Reprogram+1"],"picked":"Self Repair","floor":39},{"not_picked":["Turbo+1","Redo+1","Melter"],"picked":"Singing Bowl","floor":45},{"not_picked":["Hello World","Static Discharge+1","Hologram+1"],"picked":"Singing Bowl","floor":46},{"not_picked":["Skim","Stack"],"picked":"White Noise","floor":47},{"not_picked":["Streamline+1","Turbo","Leap"],"picked":"Singing Bowl","floor":48}],"player_experience":124908,"relics_obtained":[{"floor":6,"key":"Blood Vial"},{"floor":8,"key":"StoneCalendar"},{"floor":9,"key":"Singing Bowl"},{"floor":12,"key":"Tiny Chest"},{"floor":14,"key":"Mummified Hand"},{"floor":23,"key":"Matryoshka"},{"floor":25,"key":"Dream Catcher"},{"floor":26,"key":"Bag of Preparation"},{"floor":26,"key":"Pantograph"},{"floor":37,"key":"Calipers"},{"floor":43,"key":"Juzu Bracelet"},{"floor":46,"key":"Nunchaku"}],"event_choices":[{"damage_healed":0,"gold_gain":0,"player_choice":"Take Wound","damage_taken":0,"relics_obtained":["Golden Idol"],"max_hp_gain":0,"max_hp_loss":0,"event_name":"Golden Idol","floor":2,"gold_loss":0,"cards_obtained":["Injury"]},{"damage_healed":0,"gold_gain":175,"player_choice":"AGREE","damage_taken":0,"max_hp_gain":0,"max_hp_loss":0,"event_name":"Liars Game","floor":4,"gold_loss":0,"cards_obtained":["Doubt"]},{"damage_healed":0,"gold_gain":0,"player_choice":"Ignored","damage_taken":0,"max_hp_gain":0,"max_hp_loss":0,"event_name":"Beggar","floor":19,"gold_loss":0},{"damage_healed":0,"gold_gain":0,"player_choice":"Forge","damage_taken":0,"max_hp_gain":0,"max_hp_loss":0,"event_name":"Accursed Blacksmith","floor":31,"gold_loss":0,"cards_upgraded":["Lockon"]},{"damage_healed":20,"gold_gain":0,"player_choice":"Writhe","damage_taken":0,"max_hp_gain":0,"max_hp_loss":0,"event_name":"Winding Halls","floor":38,"gold_loss":0,"cards_obtained":["Writhe"]},{"damage_healed":0,"gold_gain":333,"player_choice":"Gave Idol","damage_taken":0,"max_hp_gain":0,"max_hp_loss":0,"event_name":"The Moai Head","floor":41,"relics_lost":["Golden Idol"],"gold_loss":0},{"damage_healed":0,"gold_gain":0,"player_choice":"Fight","damage_taken":0,"max_hp_gain":0,"max_hp_loss":0,"event_name":"Mysterious Sphere","floor":46,"gold_loss":0}],"is_beta":false,"boss_relics":[{"not_picked":["Tiny House","White Beast Statue"],"picked":"Nuclear Battery"},{"not_picked":["Orrery","Calling Bell"],"picked":"Lizard Tail"}],"items_purged_floors":[5,11,44],"is_endless":false,"potions_floor_spawned":[1,7,13,16,18,27,30,35,46],"killed_by":"Awakened One","ascension_level":2}