{"gold_per_floor":[109,121,121,71,84,84,138,16,43,17,17,50,25,49,49,49],"floor_reached":16,"playtime":258,"items_purged":[],"score":134,"play_id":"21fd5d10-dc57-4840-9dd6-df716eb3f120","local_time":"20190129223503","is_ascension_mode":true,"campfire_choices":[{"data":"Genetic Algorithm","floor":6,"key":"SMITH"},{"data":"Leap","floor":11,"key":"SMITH"},{"data":"Zap","floor":15,"key":"SMITH"}],"neow_cost":"NONE","seed_source_timestamp":607326993238156,"circlet_count":0,"master_deck":["Strike_B","Strike_B","Strike_B","Strike_B","Defend_B","Defend_B","Defend_B","Defend_B","Zap+1","Dualcast","Genetic Algorithm+1","Leap+1","Tempest+1","Turbo+1","Chill+1","Stack+1","Fusion+1","Redo+1"],"relics":["Cracked Core","NeowsBlessing","Toxic Egg 2","Strawberry","Lantern","Bag of Preparation"],"potions_floor_usage":[12],"damage_taken":[{"damage":0,"enemies":"2 Louse","floor":1,"turns":1},{"damage":0,"enemies":"Jaw Worm","floor":2,"turns":1},{"damage":0,"enemies":"Small Slimes","floor":5,"turns":1},{"damage":5,"enemies":"Lagavulin","floor":12,"turns":6},{"damage":75,"enemies":"Hexaghost","floor":16,"turns":10}],"seed_played":"-5206030832245728968","potions_obtained":[{"floor":1,"key":"Block Potion"},{"floor":12,"key":"Dexterity Potion"}],"is_trial":false,"path_per_floor":["M","M","?","?","M","R","T","$","T","$","R","E","$","T","R","B"],"character_chosen":"DEFECT","items_purchased":["Turbo+1","Chill+1","Stack+1","Redo+1"],"campfire_rested":0,"item_purchase_floors":[8,8,10,13],"current_hp_per_floor":[68,68,68,68,68,68,75,75,75,75,75,70,70,70,70,0],"gold":49,"neow_bonus":"THREE_ENEMY_KILL","is_prod":false,"is_daily":false,"chose_seed":false,"campfire_upgraded":3,"win_rate":0,"timestamp":1548812103,"path_taken":["M","M","?","?","M","R","?","$","T","$","R","E","?","?","R","BOSS"],"build_version":"2019-01-23","purchased_purges":0,"victory":false,"max_hp_per_floor":[75,75,75,75,75,75,82,82,82,82,82,82,82,82,82,82],"card_choices":[{"not_picked":["Doom and Gloom","Go for the Eyes"],"picked":"Genetic Algorithm","floor":1},{"not_picked":["Stack","Undo"],"picked":"Leap","floor":2},{"not_picked":["Barrage","Lockon"],"picked":"Tempest+1","floor":5},{"not_picked":["Reinforced Body+1","Cold Snap"],"picked":"Fusion+1","floor":12}],"player_experience":683207,"relics_obtained":[{"floor":7,"key":"Strawberry"},{"floor":12,"key":"Lantern"},{"floor":14,"key":"Bag of Preparation"}],"event_choices":[{"damage_healed":0,"gold_gain":0,"player_choice":"Box","damage_taken":0,"relics_obtained":["Toxic Egg 2"],"max_hp_gain":0,"max_hp_loss":0,"event_name":"Big Fish","floor":3,"gold_loss":0,"cards_obtained":["Regret"]},{"cards_removed":["Regret"],"damage_healed":0,"gold_gain":0,"player_choice":"Card Removal","damage_taken":0,"max_hp_gain":0,"max_hp_loss":0,"event_name":"The Cleric","floor":4,"gold_loss":50}],"is_beta":false,"boss_relics":[],"items_purged_floors":[],"is_endless":false,"potions_floor_spawned":[1,12],"killed_by":"Hexaghost","ascension_level":8}