{"gold_per_floor":[116,126,126,126,201,237,184,184,209,248,248,273,273,19,19,142,142,165,165,80,8,33,73,73,94,140,153,153],"floor_reached":28,"playtime":783,"items_purged":[],"score":334,"play_id":"69e7abeb-cf66-4182-9d6c-643d39d61942","local_time":"20190507214909","is_ascension_mode":true,"campfire_choices":[{"data":"Armaments","floor":8,"key":"SMITH"},{"data":"Inflame","floor":11,"key":"SMITH"},{"data":"Anger","floor":13,"key":"SMITH"},{"floor":15,"key":"RECALL"},{"data":"Heavy Blade","floor":24,"key":"SMITH"}],"neow_cost":"NONE","seed_source_timestamp":164825872646200,"circlet_count":0,"master_deck":["Defend_R+1","Defend_R","Defend_R","Defend_R","Bash+1","Shockwave","Injury","Inflame+1","Armaments+1","Anger","Anger+1","Double Tap+1","Heavy Blade+1","Bite","Bite","Bite+1","Bite","Bite","Battle Trance","Twin Strike+1","Anger","Thunderclap+1","Shame","Carnage+1"],"relics":["Burning Blood","NeowsBlessing","Golden Idol","Peace Pipe","Bag of Preparation","Shuriken","Ornamental Fan","Cursed Key","Shovel","War Paint","Whetstone"],"potions_floor_usage":[],"damage_taken":[{"damage":0,"enemies":"Jaw Worm","floor":1,"turns":1},{"damage":0,"enemies":"2 Louse","floor":2,"turns":1},{"damage":0,"enemies":"Gremlin Nob","floor":6,"turns":1},{"damage":51,"enemies":"3 Sentries","floor":10,"turns":11},{"damage":8,"enemies":"Small Slimes","floor":12,"turns":3},{"damage":7,"enemies":"Hexaghost","floor":16,"turns":7},{"damage":3,"enemies":"Chosen","floor":18,"turns":4},{"damage":0,"enemies":"3 Byrds","floor":22,"turns":4},{"damage":38,"enemies":"Gremlin Leader","floor":23,"turns":5},{"damage":8,"enemies":"Snake Plant","floor":25,"turns":3},{"damage":33,"enemies":"Cultist and Chosen","floor":27,"turns":5},{"damage":19,"enemies":"Shelled Parasite and Fungi","floor":28,"turns":2}],"seed_played":"-4228428587836435916","potions_obtained":[{"floor":6,"key":"Energy Potion"},{"floor":10,"key":"Strength Potion"},{"floor":12,"key":"FearPotion"},{"floor":22,"key":"Dexterity Potion"}],"is_trial":false,"path_per_floor":["M","M","?","?","?","E","$","R","T","E","R","M","R","$","R","B",null,"M","?","?","$","M","E","R","M","T","M","M"],"character_chosen":"IRONCLAD","items_purchased":["Armaments","Ornamental Fan","Battle Trance"],"campfire_rested":0,"item_purchase_floors":[7,14,21],"current_hp_per_floor":[80,80,80,80,69,75,75,75,75,30,30,28,28,28,28,27,80,80,56,56,56,56,31,31,35,35,17,0],"gold":153,"neow_bonus":"THREE_ENEMY_KILL","is_prod":false,"is_daily":false,"chose_seed":false,"campfire_upgraded":4,"win_rate":0,"timestamp":1557280149,"path_taken":["M","M","?","?","?","E","?","R","T","E","R","?","R","$","R","BOSS","M","?","?","?","?","E","R","M","T","M","M"],"build_version":"2019-01-23","purchased_purges":0,"victory":false,"max_hp_per_floor":[80,80,80,80,80,80,80,80,80,80,80,80,80,80,80,80,80,80,56,56,56,56,56,56,56,56,56,56],"card_choices":[{"not_picked":["Perfected Strike","Rupture"],"picked":"Shockwave","floor":1},{"not_picked":["Pummel","Dual Wield","Searing Blow"],"picked":"SKIP","floor":2},{"not_picked":["Carnage","Flex"],"picked":"Inflame","floor":6},{"not_picked":["Reaper","Bloodletting"],"picked":"Anger","floor":10},{"not_picked":["Clothesline","Warcry"],"picked":"Anger","floor":12},{"not_picked":["Offering","Dark Embrace"],"picked":"Double Tap","floor":16},{"not_picked":["Sword Boomerang","Havoc"],"picked":"Heavy Blade","floor":18},{"not_picked":["Perfected Strike","Uppercut"],"picked":"Twin Strike","floor":22},{"not_picked":["Armaments","Cleave"],"picked":"Anger","floor":23},{"not_picked":["Havoc+1","Heavy Blade+1"],"picked":"Thunderclap+1","floor":25},{"not_picked":["Twin Strike","Pummel"],"picked":"Carnage+1","floor":27}],"player_experience":149815,"relics_obtained":[{"floor":6,"key":"Peace Pipe"},{"floor":9,"key":"Bag of Preparation"},{"floor":10,"key":"Shuriken"},{"floor":23,"key":"War Paint"},{"floor":26,"key":"Whetstone"}],"event_choices":[{"damage_healed":0,"gold_gain":0,"player_choice":"Take Wound","damage_taken":0,"relics_obtained":["Golden Idol"],"max_hp_gain":0,"max_hp_loss":0,"event_name":"Golden Idol","floor":3,"gold_loss":0,"cards_obtained":["Injury"]},{"damage_healed":0,"gold_gain":0,"player_choice":"Grow","damage_taken":0,"max_hp_gain":0,"max_hp_loss":0,"event_name":"Living Wall","floor":4,"gold_loss":0,"cards_upgraded":["Bash"]},{"damage_healed":0,"gold_gain":75,"player_choice":"Gather Gold","damage_taken":11,"max_hp_gain":0,"max_hp_loss":0,"event_name":"World of Goop","floor":5,"gold_loss":0},{"damage_healed":0,"gold_gain":0,"player_choice":"Became a vampire","damage_taken":0,"max_hp_gain":0,"max_hp_loss":24,"event_name":"Vampires","floor":19,"gold_loss":0,"cards_obtained":["Bite","Bite","Bite","Bite","Bite"]},{"damage_healed":0,"gold_gain":0,"player_choice":"Obtained Relic","damage_taken":0,"relics_obtained":["Shovel"],"max_hp_gain":0,"max_hp_loss":0,"event_name":"Addict","floor":20,"gold_loss":85}],"is_beta":false,"boss_relics":[{"not_picked":["Lizard Tail","Coffee Dripper"],"picked":"Cursed Key"}],"items_purged_floors":[],"is_endless":false,"potions_floor_spawned":[6,10,12,16,22],"killed_by":"Shelled Parasite and Fungi","ascension_level":3}