{"gold_per_floor":[112,112,287,287,306,236,236,191,191,191,201,201,93,125,125,223,223,238,238,32,48,72,106,106],"floor_reached":24,"playtime":684,"items_purged":["Strike_B","Doubt"],"score":326,"play_id":"89398c01-5ca8-4a84-a6c5-3a9aeed8a4b2","local_time":"20190313212102","is_ascension_mode":true,"campfire_choices":[{"data":"Self Repair","floor":7,"key":"SMITH"},{"data":"Barrage","floor":12,"key":"SMITH"},{"floor":15,"key":"REST"}],"neow_cost":"NONE","seed_source_timestamp":71338190542124,"circlet_count":0,"master_deck":["AscendersBane","Strike_B+1","Strike_B","Strike_B","Defend_B","Defend_B","Defend_B","Defend_B","Zap+1","Dualcast","Capacitor","Chill","Self Repair+1","Barrage+1","Bandage Up","Sweeping Beam","Capacitor","Glacier","Beam Cell","Reboot","Barrage+1","Hologram","Bandage Up"],"relics":["FrozenCore","NeowsBlessing","Dream Catcher","Symbiotic Virus","Pen Nib","PreservedInsect","Juzu Bracelet"],"potions_floor_usage":[23,23],"damage_taken":[{"damage":0,"enemies":"Jaw Worm","floor":1,"turns":1},{"damage":0,"enemies":"2 Louse","floor":5,"turns":1},{"damage":0,"enemies":"Small Slimes","floor":11,"turns":1},{"damage":56,"enemies":"Gremlin Nob","floor":14,"turns":5},{"damage":23,"enemies":"The Guardian","floor":16,"turns":12},{"damage":14,"enemies":"Chosen","floor":18,"turns":6},{"damage":7,"enemies":"Spheric Guardian","floor":21,"turns":4},{"damage":40,"enemies":"Slavers","floor":23,"turns":4},{"damage":48,"enemies":"3 Cultists","floor":24,"turns":5}],"seed_played":"1567313048621542649","potions_obtained":[{"floor":5,"key":"Energy Potion"},{"floor":16,"key":"FocusPotion"}],"is_trial":false,"path_per_floor":["M","?","?","?","M","$","R","$","T","?","M","R","$","E","R","B",null,"M","?","$","M","T","E","M"],"character_chosen":"DEFECT","items_purchased":["Self Repair","Barrage","Capacitor","Hologram","Bandage Up"],"campfire_rested":1,"item_purchase_floors":[6,8,13,20,20],"current_hp_per_floor":[68,53,53,50,50,50,50,50,50,50,54,54,54,12,34,25,63,63,49,49,60,60,28,0],"gold":106,"neow_bonus":"THREE_ENEMY_KILL","is_prod":false,"is_daily":false,"chose_seed":false,"campfire_upgraded":2,"win_rate":0,"timestamp":1552522862,"path_taken":["M","?","?","?","M","$","R","$","T","?","?","R","?","E","R","BOSS","M","?","$","M","?","E","M"],"build_version":"2019-01-23","purchased_purges":2,"victory":false,"max_hp_per_floor":[75,75,75,75,75,75,75,75,75,75,75,75,75,75,75,75,75,75,80,80,80,80,80,80],"card_choices":[{"not_picked":["Leap","Static Discharge"],"picked":"Capacitor","floor":1},{"not_picked":["Blizzard","Compile Driver"],"picked":"Chill","floor":5},{"not_picked":["Streamline","Rebound"],"picked":"Sweeping Beam","floor":11},{"not_picked":["Leap","Compile Driver"],"picked":"Glacier","floor":14},{"not_picked":["Conserve Battery","Meteor Strike"],"picked":"Beam Cell","floor":15},{"not_picked":["Meteor Strike","Hyperbeam"],"picked":"Reboot","floor":16},{"not_picked":["Leap+1","Gash"],"picked":"Barrage+1","floor":18},{"not_picked":["Doom and Gloom","Aggregate","Go for the Eyes"],"picked":"SKIP","floor":21},{"not_picked":["Hologram","Rebound","Conserve Battery"],"picked":"SKIP","floor":23}],"player_experience":922320,"relics_obtained":[{"floor":9,"key":"Symbiotic Virus"},{"floor":14,"key":"Pen Nib"},{"floor":22,"key":"PreservedInsect"},{"floor":23,"key":"Juzu Bracelet"}],"event_choices":[{"damage_healed":0,"gold_gain":0,"player_choice":"Entered Light","damage_taken":15,"max_hp_gain":0,"max_hp_loss":0,"event_name":"Shining Light","floor":2,"gold_loss":0,"cards_upgraded":["Strike_B","Zap"]},{"damage_healed":0,"gold_gain":175,"player_choice":"AGREE","damage_taken":0,"max_hp_gain":0,"max_hp_loss":0,"event_name":"Liars Game","floor":3,"gold_loss":0,"cards_obtained":["Doubt"]},{"damage_healed":0,"gold_gain":0,"player_choice":"Success","damage_taken":3,"relics_obtained":["Dream Catcher"],"max_hp_gain":0,"max_hp_loss":0,"event_name":"Scrap Ooze","floor":4,"gold_loss":0},{"damage_healed":0,"gold_gain":0,"player_choice":"1 cards matched","damage_taken":0,"max_hp_gain":0,"max_hp_loss":0,"event_name":"Match and Keep!","floor":10,"gold_loss":0,"cards_obtained":["Bandage Up"]},{"damage_healed":0,"gold_gain":0,"player_choice":"Shed Blood","damage_taken":19,"max_hp_gain":5,"max_hp_loss":0,"event_name":"Forgotten Altar","floor":19,"gold_loss":0}],"is_beta":false,"boss_relics":[{"not_picked":["Eternal Feather","Lizard Tail"],"picked":"FrozenCore"}],"items_purged_floors":[13,20],"is_endless":false,"potions_floor_spawned":[5,16,21],"killed_by":"3 Cultists","ascension_level":11}