{"gold_per_floor":[209,220,239,31,49,49,77,77,130,8,28,56,125,138,138,138],"floor_reached":16,"playtime":602,"items_purged":[],"score":146,"play_id":"5822ff5e-9961-4195-915b-44939bab5f63","local_time":"20190502141846","is_ascension_mode":true,"campfire_choices":[{"data":"Armaments","floor":6,"key":"SMITH"},{"data":"Spot Weakness","floor":15,"key":"SMITH"}],"neow_cost":"NONE","seed_source_timestamp":1726173131734700,"circlet_count":0,"master_deck":["Strike_R","Strike_R","Strike_R","Strike_R","Strike_R","Defend_R","Defend_R","Defend_R","Defend_R","Bash","Armaments+1","Disarm","Headbutt","Clothesline","Thunderclap","Cleave","Feel No Pain","Havoc","Ghostly Armor","Spot Weakness+1"],"relics":["Burning Blood","MealTicket","Singing Bowl","Red Skull","Regal Pillow"],"potions_floor_usage":[7,7],"damage_taken":[{"damage":7,"enemies":"2 Louse","floor":1,"turns":3},{"damage":3,"enemies":"Small Slimes","floor":2,"turns":4},{"damage":12,"enemies":"Jaw Worm","floor":3,"turns":5},{"damage":4,"enemies":"Blue Slaver","floor":5,"turns":6},{"damage":19,"enemies":"3 Sentries","floor":7,"turns":12},{"damage":6,"enemies":"Looter","floor":11,"turns":3},{"damage":20,"enemies":"Lagavulin","floor":12,"turns":8},{"damage":10,"enemies":"3 Louse","floor":14,"turns":3},{"damage":37,"enemies":"Hexaghost","floor":16,"turns":9}],"seed_played":"-244606862760446277","potions_obtained":[{"floor":2,"key":"EssenceOfSteel"},{"floor":3,"key":"BloodPotion"}],"is_trial":false,"path_per_floor":["M","M","M","$","M","R","E","?","T","$","M","E","?","M","R","B"],"character_chosen":"IRONCLAD","items_purchased":["MealTicket","Cleave","Feel No Pain"],"campfire_rested":0,"item_purchase_floors":[4,10,10],"current_hp_per_floor":[71,74,68,68,70,70,65,47,47,62,62,48,48,44,44,7],"gold":138,"neow_bonus":"HUNDRED_GOLD","is_prod":false,"is_daily":false,"chose_seed":false,"campfire_upgraded":2,"win_rate":0,"timestamp":1556821126,"path_taken":["M","M","M","$","M","R","E","?","T","$","M","E","?","M","R","BOSS"],"build_version":"2019-01-23","purchased_purges":0,"victory":false,"max_hp_per_floor":[80,80,80,80,80,80,80,80,80,80,80,80,80,80,80,80],"card_choices":[{"not_picked":["Iron Wave","Havoc"],"picked":"Armaments","floor":1},{"not_picked":["Anger","Seeing Red"],"picked":"Disarm","floor":2},{"not_picked":["Rupture","Blood for Blood"],"picked":"Headbutt","floor":3},{"not_picked":["Burning Pact","Fire Breathing"],"picked":"Clothesline","floor":5},{"not_picked":["Anger","Burning Pact"],"picked":"Thunderclap","floor":7},{"not_picked":["Fire Breathing","Headbutt"],"picked":"Havoc","floor":11},{"not_picked":["Shrug It Off","Carnage"],"picked":"Ghostly Armor","floor":12},{"not_picked":["Seeing Red","Thunderclap"],"picked":"Spot Weakness","floor":14}],"player_experience":135622,"relics_obtained":[{"floor":7,"key":"Singing Bowl"},{"floor":12,"key":"Regal Pillow"}],"event_choices":[{"damage_healed":0,"gold_gain":0,"player_choice":"Success","damage_taken":18,"relics_obtained":["Red Skull"],"max_hp_gain":0,"max_hp_loss":0,"event_name":"Scrap Ooze","floor":8,"gold_loss":0},{"damage_healed":0,"gold_gain":69,"player_choice":"Gained Gold","damage_taken":0,"max_hp_gain":0,"max_hp_loss":0,"event_name":"Golden Wing","floor":13,"gold_loss":0}],"is_beta":false,"boss_relics":[],"items_purged_floors":[],"is_endless":false,"potions_floor_spawned":[2,3],"killed_by":"Hexaghost","ascension_level":6}