{"gold_per_floor":[113,263,131,131,151,176,191,191,214,226,256,282,328,355,367,451,463,475],"floor_reached":18,"playtime":646,"items_purged":["Doubt"],"score":384,"play_id":"c4d427e0-0f75-4fc6-a4c1-edbfeeb92941","local_time":"20190127102738","is_ascension_mode":true,"campfire_choices":[{"data":"Buffer","floor":8.0,"key":"SMITH"},{"data":"Streamline","floor":10.0,"key":"SMITH"},{"data":"Genetic Algorithm","floor":15.0,"key":"SMITH"}],"neow_cost":"NONE","seed_source_timestamp":1533385461494886,"circlet_count":0,"master_deck":["AscendersBane","Strike_B","Strike_B","Defend_B","Defend_B","Defend_B","Defend_B","Zap","Dualcast","Self Repair","Streamline+1","Buffer+1","Reinforced Body","Leap","BootSequence","Genetic Algorithm+1","Steam","Seek"],"special_seed":0,"relics":["Cracked Core","NeowsBlessing","Anchor","MawBank","Smiling Mask","Empty Cage"],"potions_floor_usage":[18],"damage_taken":[{"damage":0.0,"enemies":"Jaw Worm","floor":1.0,"turns":1.0},{"damage":0.0,"enemies":"Small Slimes","floor":5.0,"turns":1.0},{"damage":0.0,"enemies":"Gremlin Nob","floor":6.0,"turns":1.0},{"damage":0.0,"enemies":"Cultist","floor":7.0,"turns":4.0},{"damage":1.0,"enemies":"Looter","floor":11.0,"turns":3.0},{"damage":1.0,"enemies":"Blue Slaver","floor":12.0,"turns":5.0},{"damage":16.0,"enemies":"3 Sentries","floor":13.0,"turns":8.0},{"damage":0.0,"enemies":"3 Louse","floor":14.0,"turns":4.0},{"damage":14.0,"enemies":"The Guardian","floor":16.0,"turns":18.0},{"damage":97,"enemies":"3 Byrds","floor":18,"turns":6}],"seed_played":"7847829360985930793","potions_obtained":[{"floor":1.0,"key":"AttackPotion"},{"floor":6.0,"key":"SpeedPotion"},{"floor":14.0,"key":"Regen Potion"},{"floor":16.0,"key":"Fruit Juice"}],"is_trial":false,"path_per_floor":["M","?","$","?","M","E","M","R","T","R","M","M","E","M","R","B",null,"M"],"character_chosen":"DEFECT","items_purchased":["Streamline"],"campfire_rested":0,"item_purchase_floors":[3],"current_hp_per_floor":[64,64,64,64,64,64,71,71,71,71,71,71,62,69,69,67,74,0],"gold":475,"neow_bonus":"THREE_ENEMY_KILL","is_prod":false,"is_daily":false,"chose_seed":false,"campfire_upgraded":3,"win_rate":0,"timestamp":1548602858,"path_taken":["M","?","$","?","M","E","?","R","T","R","M","M","E","M","R","BOSS","M"],"build_version":"2019-01-23","purchased_purges":1,"victory":false,"max_hp_per_floor":[71,71,71,71,71,71,71,71,71,71,71,71,71,71,71,76,76,76],"card_choices":[{"not_picked":["Chill","FTL"],"picked":"Self Repair","floor":1.0},{"not_picked":["Gash","Sweeping Beam"],"picked":"Leap","floor":5.0},{"not_picked":["Hologram","Multi-Cast"],"picked":"BootSequence","floor":6.0},{"not_picked":["Streamline","Rebound","Doom and Gloom"],"picked":"SKIP","floor":7.0},{"not_picked":["Force Field","Hologram","Ball Lightning"],"picked":"SKIP","floor":11.0},{"not_picked":["Go for the Eyes","Rainbow"],"picked":"Genetic Algorithm","floor":12.0},{"not_picked":["Ball Lightning","Go for the Eyes"],"picked":"Steam","floor":13.0},{"not_picked":["Streamline","Blizzard","Turbo"],"picked":"SKIP","floor":14.0},{"not_picked":["All For One","Multi-Cast"],"picked":"Seek","floor":16.0}],"player_experience":924620,"relics_obtained":[{"floor":6.0,"key":"Anchor"},{"floor":9.0,"key":"MawBank"},{"floor":13.0,"key":"Smiling Mask"}],"event_choices":[{"damage_healed":0.0,"max_hp_gain":0.0,"max_hp_loss":0.0,"gold_gain":150.0,"event_name":"Liars Game","player_choice":"AGREE","floor":2.0,"gold_loss":0.0,"damage_taken":0.0,"cards_obtained":["Doubt"]},{"damage_healed":0.0,"max_hp_gain":0.0,"max_hp_loss":0.0,"gold_gain":0.0,"event_name":"Match and Keep!","player_choice":"2 cards matched","floor":4.0,"gold_loss":0.0,"damage_taken":0.0,"cards_obtained":["Buffer","Reinforced Body"]}],"is_beta":true,"boss_relics":[{"not_picked":["Runic Dome","Astrolabe"],"picked":"Empty Cage"}],"items_purged_floors":[3],"is_endless":false,"potions_floor_spawned":[1,6,14,16],"killed_by":"3 Byrds","ascension_level":19}