{"gold_per_floor":[117,117,117,192,192,220,236,248,275,275,275,304,304,336,336,435,435,451,466,391,391,411,411,411],"floor_reached":24,"playtime":1193,"items_purged":[],"score":249,"play_id":"1be2f5d9-77fd-40f0-bf01-54eb7431bf97","local_time":"20190407083336","is_ascension_mode":true,"campfire_choices":[{"data":"Armaments","floor":10,"key":"SMITH"},{"data":"Battle Trance","floor":13,"key":"SMITH"},{"data":"Metallicize","floor":15,"key":"SMITH"},{"data":"Barricade","floor":23,"key":"SMITH"}],"neow_cost":"TEN_PERCENT_HP_LOSS","seed_source_timestamp":2295408592369960,"circlet_count":0,"master_deck":["Strike_R+1","Strike_R+1","Strike_R","Strike_R","Defend_R","Defend_R","Defend_R","Bash+1","Anger","Metallicize+1","Warcry","Armaments+1","Battle Trance+1","Thunderclap","Barricade+1","Feel No Pain","True Grit"],"relics":["Burning Blood","Oddly Smooth Stone","Regal Pillow","Blue Candle","Paper Frog","Ornamental Fan","Philosopher\u0027s Stone"],"potions_floor_usage":[6,19,24],"damage_taken":[{"damage":0,"enemies":"2 Louse","floor":1,"turns":3},{"damage":21,"enemies":"3 Sentries","floor":6,"turns":8},{"damage":4,"enemies":"Small Slimes","floor":7,"turns":3},{"damage":7,"enemies":"Jaw Worm","floor":8,"turns":3},{"damage":10,"enemies":"Lagavulin","floor":12,"turns":6},{"damage":1,"enemies":"3 Sentries","floor":14,"turns":9},{"damage":8,"enemies":"Hexaghost","floor":16,"turns":8},{"damage":3,"enemies":"Chosen","floor":18,"turns":6},{"damage":5,"enemies":"3 Byrds","floor":19,"turns":6},{"damage":21,"enemies":"Snake Plant","floor":22,"turns":5},{"damage":60,"enemies":"Book of Stabbing","floor":24,"turns":5}],"seed_played":"694795993635186255","potions_obtained":[{"floor":1,"key":"SkillPotion"},{"floor":12,"key":"GamblersBrew"},{"floor":22,"key":"Explosive Potion"}],"is_trial":false,"path_per_floor":["M","?","?","?","?","E","M","M","T","R","T","E","R","E","R","B",null,"M","M","?","?","M","R","E"],"character_chosen":"IRONCLAD","items_purchased":[],"campfire_rested":0,"item_purchase_floors":[],"current_hp_per_floor":[72,72,72,61,47,32,34,33,33,33,33,29,29,34,34,32,72,72,72,72,72,57,57,0],"gold":411,"neow_bonus":"REMOVE_TWO","is_prod":false,"is_daily":false,"chose_seed":false,"campfire_upgraded":4,"win_rate":0,"timestamp":1554640416,"path_taken":["M","?","?","?","?","E","?","M","T","R","?","E","R","E","R","BOSS","M","M","?","?","M","R","E"],"build_version":"2019-04-04","purchased_purges":0,"victory":false,"max_hp_per_floor":[72,72,72,72,72,72,72,72,72,72,72,72,72,72,72,72,72,72,72,72,72,72,72,72],"card_choices":[{"not_picked":["Reckless Charge","Entrench"],"picked":"Anger","floor":1},{"not_picked":["Rampage","Dual Wield"],"picked":"Metallicize","floor":6},{"not_picked":["Heavy Blade","Sentinel"],"picked":"Warcry","floor":7},{"not_picked":["Body Slam","Warcry"],"picked":"Armaments","floor":8},{"not_picked":["Rampage","True Grit"],"picked":"Battle Trance","floor":12},{"not_picked":["Heavy Blade","Second Wind"],"picked":"Thunderclap","floor":14},{"not_picked":["Dark Embrace","Exhume"],"picked":"Barricade","floor":16},{"not_picked":["Hemokinesis","Reckless Charge"],"picked":"Feel No Pain","floor":18},{"not_picked":["Combust","Armaments+1"],"picked":"True Grit","floor":19},{"not_picked":["Armaments","Sword Boomerang","Thunderclap"],"picked":"SKIP","floor":22}],"player_experience":5193072,"relics_obtained":[{"floor":6,"key":"Regal Pillow"},{"floor":11,"key":"Blue Candle"},{"floor":12,"key":"Paper Frog"},{"floor":14,"key":"Ornamental Fan"}],"event_choices":[{"damage_healed":0,"gold_gain":0,"player_choice":"Grow","damage_taken":0,"max_hp_gain":0,"max_hp_loss":0,"event_name":"Living Wall","floor":2,"gold_loss":0,"cards_upgraded":["Bash"]},{"damage_healed":0,"gold_gain":0,"player_choice":"Box","damage_taken":0,"relics_obtained":["Oddly Smooth Stone"],"max_hp_gain":0,"max_hp_loss":0,"event_name":"Big Fish","floor":3,"gold_loss":0,"cards_obtained":["Regret"]},{"damage_healed":0,"gold_gain":75,"player_choice":"Gather Gold","damage_taken":11,"max_hp_gain":0,"max_hp_loss":0,"event_name":"World of Goop","floor":4,"gold_loss":0},{"damage_healed":0,"gold_gain":0,"player_choice":"Entered Light","damage_taken":14,"max_hp_gain":0,"max_hp_loss":0,"event_name":"Shining Light","floor":5,"gold_loss":0,"cards_upgraded":["Strike_R","Strike_R"]},{"cards_removed":["Regret"],"damage_healed":0,"gold_gain":0,"player_choice":"Gave Gold","damage_taken":0,"max_hp_gain":0,"max_hp_loss":0,"event_name":"Beggar","floor":20,"gold_loss":75},{"damage_healed":0,"gold_gain":0,"player_choice":"Ignored","damage_taken":0,"max_hp_gain":0,"max_hp_loss":0,"event_name":"Vampires","floor":21,"gold_loss":0}],"is_beta":true,"boss_relics":[{"not_picked":["Mark of Pain","Runic Cube"],"picked":"Philosopher\u0027s Stone"}],"items_purged_floors":[],"is_endless":false,"potions_floor_spawned":[1,12,22],"killed_by":"Book of Stabbing","ascension_level":1}