{"gold_per_floor":[119,94,114,114,114,149,149,168,192,192,118,142,107,130,130,258,258,276,276,276,123,123,123,148,248,248,248,266,299,299,317,317,317],"floor_reached":33,"playtime":1307,"items_purged":[],"score":321,"play_id":"31194fe9-88b9-4549-bc71-4d8e588b929a","local_time":"20181222203317","is_ascension_mode":true,"campfire_choices":[{"data":"Static Discharge","floor":7,"key":"SMITH"},{"data":"Leap","floor":10,"key":"SMITH"},{"data":"Defragment","floor":15,"key":"SMITH"},{"floor":23,"key":"REST"},{"floor":27,"key":"REST"},{"data":"Electrodynamics","floor":30,"key":"SMITH"},{"data":"FTL","floor":32,"key":"SMITH"}],"neow_cost":"NONE","seed_source_timestamp":86016404163447,"circlet_count":0,"master_deck":["Strike_B+1","Strike_B+1","Strike_B+1","Strike_B+1","Defend_B+1","Defend_B+1","Defend_B+1","Zap","Dualcast","Cold Snap","Beam Cell","Beam Cell","Static Discharge+1","Leap+1","Defragment+1","Leap","Sweeping Beam","Electrodynamics+1","Barrage","Necronomicurse","Jack Of All Trades","FTL+1","Self Repair+1","BootSequence+1","Turbo+1","Seek+1","Compile Driver+1"],"relics":["Cracked Core","NeowsBlessing","Bloody Idol","Blood Vial","Strawberry","Inserter","Necronomicon","Meat on the Bone","Peace Pipe","Toxic Egg 2","Cables","Oddly Smooth Stone"],"potions_floor_usage":[14,24,25,25,33,33],"damage_taken":[{"damage":0,"enemies":"2 Louse","floor":1,"turns":1},{"damage":0,"enemies":"Jaw Worm","floor":3,"turns":1},{"damage":0,"enemies":"Lagavulin","floor":6,"turns":2},{"damage":0,"enemies":"Cultist","floor":8,"turns":3},{"damage":11,"enemies":"Red Slaver","floor":12,"turns":3},{"damage":9,"enemies":"Exordium Wildlife","floor":14,"turns":2},{"damage":36,"enemies":"Hexaghost","floor":16,"turns":7},{"damage":13,"enemies":"Spheric Guardian","floor":18,"turns":4},{"damage":24,"enemies":"Slavers","floor":24,"turns":2},{"damage":28,"enemies":"Colosseum Slavers","floor":25,"turns":5},{"damage":40,"enemies":"Colosseum Nobs","floor":25,"turns":4},{"damage":5,"enemies":"3 Byrds","floor":28,"turns":3},{"damage":18,"enemies":"Book of Stabbing","floor":29,"turns":4},{"damage":6,"enemies":"Centurion and Healer","floor":31,"turns":4},{"damage":75,"enemies":"Automaton","floor":33,"turns":6}],"seed_played":"814474201754359060","potions_obtained":[{"floor":1,"key":"Block Potion"},{"floor":6,"key":"PowerPotion"},{"floor":14,"key":"EssenceOfSteel"},{"floor":16,"key":"SkillPotion"},{"floor":29,"key":"GamblersBrew"},{"floor":31,"key":"Energy Potion"}],"is_trial":false,"path_per_floor":["M","$","M","?","?","E","R","M","T","R","$","M","?","M","R","B",null,"M","?","?","$","?","R","E","?","T","R","M","E","R","M","R","B"],"character_chosen":"DEFECT","items_purchased":["Beam Cell","Defragment","Jack Of All Trades","FTL"],"campfire_rested":2,"item_purchase_floors":[2,11,21,21],"current_hp_per_floor":[75,75,75,69,69,69,69,69,76,76,76,65,76,67,67,33,76,63,47,47,47,47,69,52,27,27,49,61,60,60,71,71,0],"gold":317,"neow_bonus":"THREE_ENEMY_KILL","is_prod":false,"is_daily":false,"chose_seed":false,"campfire_upgraded":5,"win_rate":0,"timestamp":1545521597,"path_taken":["M","$","M","?","?","E","R","?","T","R","?","M","?","M","R","BOSS","M","?","?","$","?","R","E","?","T","R","M","E","R","M","R","BOSS"],"build_version":"2018-12-20","purchased_purges":0,"victory":false,"max_hp_per_floor":[75,75,75,69,69,69,69,69,76,76,76,76,76,76,76,76,76,76,76,76,76,76,76,76,76,76,76,76,76,76,76,76,76],"card_choices":[{"not_picked":["Fusion","Reprogram"],"picked":"Cold Snap","floor":1},{"not_picked":["Capacitor","Hologram"],"picked":"Beam Cell","floor":3},{"not_picked":["Heatsinks","Go for the Eyes"],"picked":"Static Discharge","floor":6},{"not_picked":["Barrage","Coolheaded"],"picked":"Leap","floor":8},{"not_picked":["Hello World","Streamline"],"picked":"Leap","floor":12},{"not_picked":["Tempest","Cold Snap"],"picked":"Sweeping Beam","floor":14},{"not_picked":["Meteor Strike","Machine Learning"],"picked":"Electrodynamics","floor":16},{"not_picked":["Steam","Undo"],"picked":"Barrage","floor":18},{"not_picked":["Reinforced Body","Capacitor"],"picked":"Self Repair+1","floor":24},{"not_picked":["Streamline","Rebound"],"picked":"BootSequence","floor":25},{"not_picked":["Consume+1","Undo+1"],"picked":"Turbo+1","floor":28},{"not_picked":["Melter","Thunder Strike"],"picked":"Seek+1","floor":29},{"not_picked":["Rebound","Streamline"],"picked":"Compile Driver+1","floor":31}],"player_experience":520885,"relics_obtained":[{"floor":6,"key":"Blood Vial"},{"floor":9,"key":"Strawberry"},{"floor":19,"key":"Necronomicon"},{"floor":24,"key":"Meat on the Bone"},{"floor":25,"key":"Peace Pipe"},{"floor":25,"key":"Toxic Egg 2"},{"floor":26,"key":"Cables"},{"floor":29,"key":"Oddly Smooth Stone"}],"event_choices":[{"damage_healed":0,"gold_gain":0,"player_choice":"Lose Max HP","damage_taken":0,"relics_obtained":["Golden Idol"],"max_hp_gain":0,"max_hp_loss":6,"event_name":"Golden Idol","floor":4,"gold_loss":0},{"cards_removed":["Defend_B"],"damage_healed":0,"gold_gain":0,"player_choice":"Purged","damage_taken":0,"max_hp_gain":0,"max_hp_loss":0,"event_name":"Purifier","floor":5,"gold_loss":0},{"damage_healed":19,"gold_gain":0,"player_choice":"Healed","damage_taken":0,"max_hp_gain":0,"max_hp_loss":0,"event_name":"The Cleric","floor":13,"gold_loss":35},{"damage_healed":0,"gold_gain":0,"player_choice":"Obtained Book","damage_taken":16,"max_hp_gain":0,"max_hp_loss":0,"event_name":"Cursed Tome","floor":19,"gold_loss":0},{"damage_healed":0,"gold_gain":0,"player_choice":"Simplicity","damage_taken":0,"max_hp_gain":0,"max_hp_loss":0,"event_name":"Back to Basics","floor":20,"gold_loss":0,"cards_upgraded":["Strike_B","Strike_B","Strike_B","Strike_B","Defend_B","Defend_B","Defend_B"]},{"damage_healed":0,"gold_gain":0,"player_choice":"Gave Idol","damage_taken":0,"relics_obtained":["Bloody Idol"],"max_hp_gain":0,"max_hp_loss":0,"event_name":"Forgotten Altar","floor":22,"relics_lost":["Golden Idol"],"gold_loss":0},{"damage_healed":0,"gold_gain":0,"player_choice":"Fight","damage_taken":0,"max_hp_gain":0,"max_hp_loss":0,"event_name":"Colosseum","floor":25,"gold_loss":0},{"damage_healed":0,"gold_gain":0,"player_choice":"Fought Nobs","damage_taken":0,"max_hp_gain":0,"max_hp_loss":0,"event_name":"Colosseum","floor":25,"gold_loss":0}],"is_beta":false,"boss_relics":[{"not_picked":["Busted Crown","Fusion Hammer"],"picked":"Inserter"}],"items_purged_floors":[],"is_endless":false,"potions_floor_spawned":[1,6,14,16,18,29,31],"killed_by":"Automaton","ascension_level":1}