{"gold_per_floor":[17,28,28,45,60,60,93,107,107,107,117,117,133,165,165,238,238,198,198,16,16,16,16,16],"floor_reached":24,"playtime":1805,"items_purged":["Strike_B"],"score":416,"play_id":"36bab611-e9dc-4d4e-ba0d-bb231f823e16","local_time":"20181112172807","is_ascension_mode":true,"campfire_choices":[{"data":"Streamline","floor":6,"key":"SMITH"},{"data":"Zap","floor":10,"key":"SMITH"},{"floor":12,"key":"REST"},{"data":"Hyperbeam","floor":15,"key":"SMITH"},{"data":"Self Repair","floor":23,"key":"SMITH"}],"neow_cost":"NO_GOLD","seed_source_timestamp":1328982443997086,"circlet_count":0,"master_deck":["AscendersBane","Strike_B","Defend_B","Defend_B","Defend_B","Defend_B","Zap+1","Dualcast","Streamline+1","Genetic Algorithm","Coolheaded","Glacier","Core Surge","Compile Driver","Leap","Hyperbeam+1","Echo Form","BootSequence","Scrape","Self Repair+1","Compile Driver","FTL"],"relics":["Cracked Core","Blood Vial","Potion Belt","Centennial Puzzle","Ectoplasm"],"potions_floor_usage":[5,7,21,24],"damage_taken":[{"damage":8,"enemies":"Small Slimes","floor":1,"turns":3},{"damage":6,"enemies":"2 Louse","floor":2,"turns":4},{"damage":7,"enemies":"Jaw Worm","floor":4,"turns":3},{"damage":17,"enemies":"Exordium Wildlife","floor":5,"turns":6},{"damage":14,"enemies":"Lagavulin","floor":7,"turns":10},{"damage":0,"enemies":"2 Fungi Beasts","floor":8,"turns":5},{"damage":9,"enemies":"Red Slaver","floor":11,"turns":3},{"damage":12,"enemies":"3 Louse","floor":13,"turns":3},{"damage":6,"enemies":"Gremlin Nob","floor":14,"turns":4},{"damage":32,"enemies":"Hexaghost","floor":16,"turns":11},{"damage":20,"enemies":"2 Thieves","floor":18,"turns":2},{"damage":0,"enemies":"3 Byrds","floor":21,"turns":2},{"damage":64,"enemies":"Book of Stabbing","floor":24,"turns":3}],"seed_played":"2386352552816178818","potions_obtained":[{"floor":2,"key":"FocusPotion"},{"floor":4,"key":"Energy Potion"},{"floor":7,"key":"Explosive Potion"},{"floor":14,"key":"Energy Potion"}],"is_trial":false,"path_per_floor":["M","M","?","M","M","R","E","M","T","R","M","R","M","E","R","B",null,"M","?","$","M","?","R","E"],"character_chosen":"DEFECT","items_purchased":["Self Repair","Compile Driver"],"campfire_rested":1,"item_purchase_floors":[20,20],"current_hp_per_floor":[70,64,64,57,40,40,26,28,28,28,21,46,36,32,32,2,64,46,46,46,55,55,55,0],"gold":16,"neow_bonus":"TWENTY_PERCENT_HP_BONUS","is_prod":false,"is_daily":false,"chose_seed":false,"campfire_upgraded":4,"win_rate":0,"timestamp":1542061687,"path_taken":["M","M","?","M","M","R","E","M","T","R","M","R","M","E","R","BOSS","M","?","$","M","?","R","E"],"build_version":"2018-11-08","purchased_purges":1,"victory":false,"max_hp_per_floor":[85,85,85,85,85,85,85,85,85,85,85,85,85,85,85,85,85,85,85,85,85,85,85,85],"card_choices":[{"not_picked":["Conserve Battery","Steam"],"picked":"Streamline","floor":1},{"not_picked":["Leap","Force Field"],"picked":"Genetic Algorithm","floor":2},{"not_picked":["Self Repair","Conserve Battery"],"picked":"Coolheaded","floor":4},{"not_picked":["Recycle","BootSequence"],"picked":"Glacier","floor":5},{"not_picked":["Ball Lightning","Storm"],"picked":"Core Surge","floor":7},{"not_picked":["Lockon","Tempest"],"picked":"Compile Driver","floor":8},{"not_picked":["Gash","White Noise"],"picked":"Leap","floor":11},{"not_picked":["Gash","Force Field"],"picked":"Hyperbeam","floor":13},{"not_picked":["Barrage","Gash","Auto Shields"],"picked":"SKIP","floor":14},{"not_picked":["Fission","Meteor Strike"],"picked":"Echo Form","floor":16},{"not_picked":["Stack","Rebound","Barrage"],"picked":"SKIP","floor":18},{"not_picked":["White Noise","Chaos"],"picked":"FTL","floor":21}],"player_experience":947965,"relics_obtained":[{"floor":7,"key":"Blood Vial"},{"floor":9,"key":"Potion Belt"},{"floor":14,"key":"Centennial Puzzle"}],"event_choices":[{"damage_healed":0,"gold_gain":0,"player_choice":"Ignored","damage_taken":0,"max_hp_gain":0,"max_hp_loss":0,"event_name":"Liars Game","floor":3,"gold_loss":0},{"damage_healed":0,"gold_gain":0,"cards_transformed":["Strike_B","Strike_B"],"player_choice":"Became Test Subject","damage_taken":0,"max_hp_gain":0,"max_hp_loss":0,"event_name":"Drug Dealer","floor":19,"gold_loss":0,"cards_obtained":["BootSequence","Scrape"]}],"is_beta":true,"boss_relics":[{"not_picked":["Tiny House","Orrery"],"picked":"Ectoplasm"}],"items_purged_floors":[20],"is_endless":false,"potions_floor_spawned":[2,4,7,14],"killed_by":"Book of Stabbing","ascension_level":20}