{"gold_per_floor":[109,184,184,184,200,226,226,256,256,256,6,6,6,18,18,114,114,132,152,170,170,180,180,193,218,288,302,314,332,362,362,362,461,461,478,478,478,489,310,344,344,364,388,418,418,418,432,178,178,178,178,178,29,61,61],"floor_reached":56,"playtime":2135,"items_purged":["Strike_R","Defend_R","Strike_R"],"score":1255,"play_id":"a1257d2f-1cbd-4692-9f50-dd1a3697e3a3","local_time":"20190227170000","is_ascension_mode":false,"campfire_choices":[{"data":"Armaments","floor":7,"key":"SMITH"},{"floor":10,"key":"REST"},{"floor":15,"key":"REST"},{"floor":23,"key":"REST"},{"data":"Limit Break","floor":32,"key":"SMITH"},{"data":"Brutality","floor":41,"key":"SMITH"},{"floor":49,"key":"RECALL"},{"data":"Battle Trance","floor":52,"key":"SMITH"}],"neow_cost":"NONE","seed_source_timestamp":863038404729863,"circlet_count":0,"master_deck":["Strike_R","Defend_R+1","Defend_R+1","Defend_R","Bash","Impervious","Clothesline","Disarm","Armaments+1","Brutality+1","Shrug It Off","Limit Break+1","Shrug It Off+1","Battle Trance+1","Sword Boomerang+1","Reaper","Disarm+1","Bloodletting","Exhume","Limit Break","Warcry+1","Flash of Steel+1","True Grit+1","Whirlwind+1","Sword Boomerang+1"],"relics":["Burning Blood","War Paint","Vajra","Mercury Hourglass","Brimstone","Letter Opener","Black Star","PreservedInsect","Anchor","Meat on the Bone","Molten Egg 2","Orichalcum","Coffee Dripper","Pocketwatch","Turnip","Art of War","Du-Vu Doll","Bag of Preparation","Magic Flower","Pen Nib"],"potions_floor_usage":[8,20,25,35,40,55,55,55,55,55,55],"damage_taken":[{"damage":0,"enemies":"Jaw Worm","floor":1,"turns":4},{"damage":5,"enemies":"2 Louse","floor":5,"turns":3},{"damage":31,"enemies":"Lagavulin","floor":6,"turns":10},{"damage":52,"enemies":"3 Sentries","floor":8,"turns":13},{"damage":1,"enemies":"Small Slimes","floor":14,"turns":3},{"damage":19,"enemies":"Hexaghost","floor":16,"turns":7},{"damage":25,"enemies":"3 Byrds","floor":18,"turns":4},{"damage":17,"enemies":"2 Thieves","floor":19,"turns":4},{"damage":23,"enemies":"Centurion and Healer","floor":20,"turns":4},{"damage":9,"enemies":"Snake Plant","floor":22,"turns":4},{"damage":11,"enemies":"Snecko","floor":24,"turns":4},{"damage":16,"enemies":"Book of Stabbing","floor":25,"turns":3},{"damage":13,"enemies":"Cultist and Chosen","floor":27,"turns":4},{"damage":8,"enemies":"Chosen and Byrds","floor":28,"turns":4},{"damage":8,"enemies":"Snecko","floor":29,"turns":4},{"damage":23,"enemies":"Slavers","floor":30,"turns":3},{"damage":44,"enemies":"Champ","floor":33,"turns":8},{"damage":24,"enemies":"3 Darklings","floor":35,"turns":4},{"damage":3,"enemies":"3 Shapes","floor":38,"turns":3},{"damage":24,"enemies":"Nemesis","floor":40,"turns":3},{"damage":3,"enemies":"Writhing Mass","floor":42,"turns":4},{"damage":3,"enemies":"Giant Head","floor":44,"turns":4},{"damage":6,"enemies":"Maw","floor":47,"turns":4},{"damage":26,"enemies":"Donu and Deca","floor":50,"turns":5},{"damage":24,"enemies":"Shield and Spear","floor":54,"turns":4},{"damage":82,"enemies":"The Heart","floor":55,"turns":6}],"seed_played":"8481261346496091199","potions_obtained":[{"floor":5,"key":"Regen Potion"},{"floor":8,"key":"GamblersBrew"},{"floor":14,"key":"Swift Potion"},{"floor":20,"key":"PowerPotion"},{"floor":22,"key":"Explosive Potion"},{"floor":24,"key":"Dexterity Potion"},{"floor":28,"key":"SkillPotion"},{"floor":40,"key":"GamblersBrew"}],"is_trial":false,"path_per_floor":["M","?","?","?","M","E","R","E","T","R","$","?","$","M","R","B",null,"M","M","M","?","M","R","M","E","T","M","M","M","E","?","R","B",null,"M","?","?","M","$","E","R","M","T","E","?","?","M","$","R","B",null,"R","$","E","B",null],"character_chosen":"IRONCLAD","items_purchased":["Brimstone","Shrug It Off","EntropicBrew","Bag of Preparation","Sword Boomerang+1"],"campfire_rested":3,"item_purchase_floors":[11,11,39,48,53],"current_hp_per_floor":[80,69,69,62,63,38,38,7,7,31,31,13,13,18,42,29,80,61,50,33,33,30,54,49,59,59,70,78,80,66,66,66,80,80,80,70,70,73,73,70,70,73,73,80,80,72,80,80,80,80,80,80,80,80,55],"gold":61,"neow_bonus":"ONE_RANDOM_RARE_CARD","is_prod":false,"is_daily":false,"chose_seed":false,"campfire_upgraded":4,"win_rate":0,"timestamp":1551286800,"path_taken":["M","?","?","?","M","E","R","E","T","R","$","?","$","M","R","BOSS","M","M","M","?","M","R","M","E","T","M","M","M","E","?","R","BOSS","M","?","?","M","$","E","R","?","T","E","?","?","M","$","R","BOSS","R","$","E","BOSS"],"build_version":"2019-02-06","purchased_purges":3,"victory":true,"max_hp_per_floor":[80,80,80,80,80,80,80,80,80,80,80,80,80,80,80,80,80,80,80,80,80,80,80,80,80,80,80,80,80,80,80,80,80,80,80,80,80,80,80,80,80,80,80,80,80,80,80,80,80,80,80,80,80,80,80],"card_choices":[{"not_picked":["Havoc","Warcry"],"picked":"Clothesline","floor":1},{"not_picked":["Dropkick","Shrug It Off"],"picked":"Disarm","floor":5},{"not_picked":["Rage","Intimidate"],"picked":"Armaments","floor":6},{"not_picked":["Power Through","Clothesline"],"picked":"Brutality","floor":8},{"not_picked":["Headbutt","Shrug It Off"],"picked":"Sword Boomerang","floor":14},{"not_picked":["Demon Form","Juggernaut"],"picked":"Limit Break","floor":16},{"not_picked":["Shockwave","Warcry","Armaments"],"picked":"SKIP","floor":18},{"not_picked":["Cleave","Havoc"],"picked":"Shrug It Off+1","floor":19},{"not_picked":["Sever Soul+1","Clash"],"picked":"Battle Trance","floor":20},{"not_picked":["Metallicize","Twin Strike+1"],"picked":"Sword Boomerang+1","floor":22},{"not_picked":["Wild Strike","Combust"],"picked":"Reaper","floor":24},{"not_picked":["Warcry","Havoc","Dropkick"],"picked":"SKIP","floor":25},{"not_picked":["Dropkick+1","Clothesline"],"picked":"Disarm+1","floor":27},{"not_picked":["Rampage","Heavy Blade"],"picked":"Bloodletting","floor":28},{"not_picked":["Headbutt","Body Slam+1","Heavy Blade"],"picked":"SKIP","floor":29},{"not_picked":["Battle Trance+1","Intimidate"],"picked":"Exhume","floor":30},{"not_picked":["Barricade","Juggernaut"],"picked":"Limit Break","floor":33},{"not_picked":["Clothesline+1","Anger+1"],"picked":"Warcry+1","floor":35},{"not_picked":["Discovery","Dramatic Entrance+1"],"picked":"Flash of Steel+1","floor":36},{"not_picked":["Shockwave","Warcry+1"],"picked":"True Grit+1","floor":38},{"not_picked":["Warcry","Entrench","Shrug It Off"],"picked":"SKIP","floor":40},{"not_picked":["Metallicize","Bloodletting"],"picked":"Whirlwind+1","floor":42},{"not_picked":["Juggernaut","Flex+1","Rage"],"picked":"SKIP","floor":44},{"not_picked":["Havoc+1","Battle Trance","Cleave+1"],"picked":"SKIP","floor":47},{"not_picked":["Havoc+1","True Grit","Thunderclap+1"],"picked":"SKIP","floor":54}],"player_experience":973299,"relics_obtained":[{"floor":6,"key":"War Paint"},{"floor":8,"key":"Vajra"},{"floor":9,"key":"Mercury Hourglass"},{"floor":25,"key":"PreservedInsect"},{"floor":25,"key":"Anchor"},{"floor":26,"key":"Meat on the Bone"},{"floor":30,"key":"Molten Egg 2"},{"floor":30,"key":"Orichalcum"},{"floor":40,"key":"Pocketwatch"},{"floor":40,"key":"Turnip"},{"floor":44,"key":"Art of War"},{"floor":44,"key":"Du-Vu Doll"},{"floor":54,"key":"Magic Flower"},{"floor":54,"key":"Pen Nib"}],"event_choices":[{"damage_healed":0,"gold_gain":75,"player_choice":"Gather Gold","damage_taken":11,"max_hp_gain":0,"max_hp_loss":0,"event_name":"World of Goop","floor":2,"gold_loss":0},{"damage_healed":0,"gold_gain":0,"player_choice":"Ignored","damage_taken":0,"max_hp_gain":0,"max_hp_loss":0,"event_name":"Liars Game","floor":3,"gold_loss":0},{"cards_removed":["Strike_R"],"damage_healed":0,"gold_gain":0,"player_choice":"Card Removal","damage_taken":7,"max_hp_gain":0,"max_hp_loss":0,"event_name":"Golden Wing","floor":4,"gold_loss":0},{"damage_healed":0,"gold_gain":0,"player_choice":"Success","damage_taken":18,"relics_obtained":["Letter Opener"],"max_hp_gain":0,"max_hp_loss":0,"event_name":"Scrap Ooze","floor":12,"gold_loss":0},{"damage_healed":0,"gold_gain":0,"player_choice":"Ignored","damage_taken":0,"max_hp_gain":0,"max_hp_loss":0,"event_name":"Cursed Tome","floor":21,"gold_loss":0},{"damage_healed":0,"gold_gain":0,"player_choice":"Ignored","damage_taken":0,"max_hp_gain":0,"max_hp_loss":0,"event_name":"Ghosts","floor":31,"gold_loss":0},{"damage_healed":0,"gold_gain":0,"player_choice":"Memory 3","damage_taken":10,"max_hp_gain":0,"max_hp_loss":0,"event_name":"SensoryStone","floor":36,"gold_loss":0},{"cards_removed":["Strike_R"],"damage_healed":0,"gold_gain":0,"player_choice":"Purged","damage_taken":0,"max_hp_gain":0,"max_hp_loss":0,"event_name":"Purifier","floor":37,"gold_loss":0},{"cards_removed":["Sword Boomerang"],"damage_healed":0,"gold_gain":0,"player_choice":"Removed Attack","damage_taken":0,"max_hp_gain":0,"max_hp_loss":0,"event_name":"Falling","floor":45,"gold_loss":0},{"damage_healed":0,"gold_gain":0,"player_choice":"Damaged","damage_taken":8,"max_hp_gain":0,"max_hp_loss":0,"event_name":"Wheel of Change","floor":46,"gold_loss":0}],"is_beta":true,"boss_relics":[{"not_picked":["Runic Pyramid","Black Blood"],"picked":"Black Star"},{"not_picked":["Empty Cage","Tiny House"],"picked":"Coffee Dripper"}],"items_purged_floors":[39,48,53],"is_endless":false,"potions_floor_spawned":[5,8,14,20,22,24,28,33,40,47,54],"ascension_level":0}