{"gold_per_floor":[109,109,109,109,109,136,136,103,103,103,58,86,105,105,105,203,203,214,214,214,226,240,240],"floor_reached":23,"playtime":768,"items_purged":[],"score":282,"play_id":"e00850ca-20a4-435b-bb44-87e2e486afad","local_time":"20190508080850","is_ascension_mode":true,"campfire_choices":[{"data":"Battle Trance","floor":7,"key":"SMITH"},{"data":"Inflame","floor":10,"key":"SMITH"},{"data":"Iron Wave","floor":15,"key":"SMITH"}],"neow_cost":"NONE","seed_source_timestamp":202002512665900,"circlet_count":0,"master_deck":["Strike_R+1","Strike_R","Strike_R","Strike_R","Strike_R","Defend_R","Defend_R","Defend_R+1","Defend_R","Bash+1","Battle Trance+1","Twin Strike","Inflame+1","Shrug It Off","Iron Wave+1","Fiend Fire","Whirlwind","Shrug It Off","Sword Boomerang","Cleave"],"relics":["Burning Blood","NeowsBlessing","Orichalcum","Oddly Smooth Stone","Runic Pyramid"],"potions_floor_usage":[16,23],"damage_taken":[{"damage":0,"enemies":"2 Louse","floor":1,"turns":1},{"damage":0,"enemies":"Gremlin Nob","floor":6,"turns":1},{"damage":0,"enemies":"3 Sentries","floor":12,"turns":1},{"damage":0,"enemies":"Small Slimes","floor":13,"turns":3},{"damage":15,"enemies":"Slime Boss","floor":16,"turns":9},{"damage":0,"enemies":"Spheric Guardian","floor":18,"turns":1},{"damage":13,"enemies":"3 Byrds","floor":21,"turns":5},{"damage":30,"enemies":"Snake Plant","floor":22,"turns":5},{"damage":58,"enemies":"Gremlin Leader","floor":23,"turns":5}],"seed_played":"323292259331204983","potions_obtained":[{"floor":12,"key":"Block Potion"},{"floor":13,"key":"BloodPotion"},{"floor":18,"key":"Regen Potion"}],"is_trial":false,"path_per_floor":["M","$","?","?","?","E","R","$","T","R","$","E","M","?","R","B",null,"M","$","?","M","M","E"],"character_chosen":"IRONCLAD","items_purchased":["Inflame","Shrug It Off"],"campfire_rested":0,"item_purchase_floors":[8,11],"current_hp_per_floor":[80,80,80,64,64,70,70,70,70,70,70,76,80,80,80,71,80,80,80,80,73,49,0],"gold":240,"neow_bonus":"THREE_ENEMY_KILL","is_prod":false,"is_daily":false,"chose_seed":false,"campfire_upgraded":3,"win_rate":0,"timestamp":1557317330,"path_taken":["M","$","?","?","?","E","R","$","T","R","$","E","M","?","R","BOSS","M","$","?","M","M","E"],"build_version":"2019-01-23","purchased_purges":0,"victory":false,"max_hp_per_floor":[80,80,80,80,80,80,80,80,80,80,80,80,80,80,80,80,80,80,80,80,80,80,80],"card_choices":[{"not_picked":["Perfected Strike","Twin Strike"],"picked":"Battle Trance","floor":1},{"not_picked":["Ghostly Armor","Entrench"],"picked":"Twin Strike","floor":6},{"not_picked":["Blood for Blood","True Grit"],"picked":"Iron Wave","floor":12},{"not_picked":["Uppercut","Sever Soul","True Grit"],"picked":"SKIP","floor":13},{"not_picked":["Limit Break","Juggernaut"],"picked":"Fiend Fire","floor":16},{"not_picked":["True Grit","Warcry"],"picked":"Whirlwind","floor":18},{"not_picked":["Armaments","Clash+1"],"picked":"Sword Boomerang","floor":21},{"not_picked":["Blood for Blood","Headbutt"],"picked":"Cleave","floor":22}],"player_experience":151254,"relics_obtained":[{"floor":6,"key":"Orichalcum"},{"floor":12,"key":"Oddly Smooth Stone"}],"event_choices":[{"damage_healed":0,"gold_gain":0,"player_choice":"Grow","damage_taken":0,"max_hp_gain":0,"max_hp_loss":0,"event_name":"Living Wall","floor":3,"gold_loss":0,"cards_upgraded":["Bash"]},{"damage_healed":0,"gold_gain":0,"player_choice":"Entered Light","damage_taken":16,"max_hp_gain":0,"max_hp_loss":0,"event_name":"Shining Light","floor":4,"gold_loss":0,"cards_upgraded":["Strike_R","Defend_R"]},{"damage_healed":0,"gold_gain":0,"player_choice":"Ignored","damage_taken":0,"max_hp_gain":0,"max_hp_loss":0,"event_name":"Liars Game","floor":5,"gold_loss":0},{"damage_healed":0,"gold_gain":0,"player_choice":"Leave","damage_taken":0,"max_hp_gain":0,"max_hp_loss":0,"event_name":"The Cleric","floor":14,"gold_loss":0},{"damage_healed":0,"gold_gain":0,"player_choice":"Read","damage_taken":0,"max_hp_gain":0,"max_hp_loss":0,"event_name":"The Library","floor":20,"gold_loss":0,"cards_obtained":["Shrug It Off"]}],"is_beta":false,"boss_relics":[{"not_picked":["Orrery","Lizard Tail"],"picked":"Runic Pyramid"}],"items_purged_floors":[],"is_endless":false,"potions_floor_spawned":[12,13,18],"killed_by":"Gremlin Leader","ascension_level":3}