{"gold_per_floor":[113,131,54,54,67,67,95,114,114,134,134,134],"floor_reached":12,"playtime":250,"items_purged":[],"score":116,"play_id":"5649430c-14f5-4acd-aa8b-55b30a4f51dc","local_time":"20190209221918","is_ascension_mode":true,"campfire_choices":[{"data":"Storm","floor":6,"key":"SMITH"}],"neow_cost":"NONE","seed_source_timestamp":360889789416205,"circlet_count":0,"master_deck":["Strike_B","Strike_B","Strike_B","Strike_B","Defend_B","Defend_B","Defend_B","Defend_B","Zap","Dualcast","White Noise+1","Storm+1","Storm","Storm","Hello World"],"relics":["Cracked Core","NeowsBlessing","Bag of Marbles","Singing Bowl","Dead Branch"],"potions_floor_usage":[7,12],"damage_taken":[{"damage":0,"enemies":"Cultist","floor":1,"turns":1},{"damage":0,"enemies":"Jaw Worm","floor":2,"turns":1},{"damage":0,"enemies":"2 Louse","floor":5,"turns":1},{"damage":14,"enemies":"Gremlin Nob","floor":7,"turns":4},{"damage":0,"enemies":"Large Slime","floor":8,"turns":3},{"damage":32,"enemies":"Exordium Wildlife","floor":10,"turns":4},{"damage":23,"enemies":"Lagavulin","floor":12,"turns":3}],"seed_played":"6742105598796409928","potions_obtained":[{"floor":1,"key":"Strength Potion"},{"floor":2,"key":"Regen Potion"},{"floor":7,"key":"Ancient Potion"}],"is_trial":false,"path_per_floor":["M","M","$","?","M","R","E","M","T","M","?","E"],"character_chosen":"DEFECT","items_purchased":["Storm"],"campfire_rested":0,"item_purchase_floors":[3],"current_hp_per_floor":[68,68,68,68,68,68,61,61,61,29,22,0],"gold":134,"neow_bonus":"THREE_ENEMY_KILL","is_prod":false,"is_daily":false,"chose_seed":false,"campfire_upgraded":1,"win_rate":0,"timestamp":1549761558,"path_taken":["M","?","$","?","M","R","E","M","T","M","?","E"],"build_version":"2019-01-23","purchased_purges":0,"victory":false,"max_hp_per_floor":[75,75,75,75,75,75,75,75,75,75,75,75],"card_choices":[{"not_picked":["Capacitor","Stack","Redo"],"picked":"SKIP","floor":1},{"not_picked":["Scrape","Barrage"],"picked":"White Noise","floor":2},{"not_picked":["Leap","Static Discharge"],"picked":"Storm","floor":5},{"not_picked":["Go for the Eyes","Blizzard"],"picked":"Storm","floor":7},{"not_picked":["Conserve Battery","Gash","Chaos"],"picked":"SKIP","floor":8},{"not_picked":["Sweeping Beam","Sunder"],"picked":"Hello World","floor":10}],"player_experience":747790,"relics_obtained":[{"floor":7,"key":"Bag of Marbles"},{"floor":9,"key":"Singing Bowl"}],"event_choices":[{"damage_healed":0,"gold_gain":0,"player_choice":"Grow","damage_taken":0,"max_hp_gain":0,"max_hp_loss":0,"event_name":"Living Wall","floor":4,"gold_loss":0,"cards_upgraded":["White Noise"]},{"damage_healed":0,"gold_gain":0,"player_choice":"Success","damage_taken":7,"relics_obtained":["Dead Branch"],"max_hp_gain":0,"max_hp_loss":0,"event_name":"Scrap Ooze","floor":11,"gold_loss":0}],"is_beta":false,"boss_relics":[],"items_purged_floors":[],"is_endless":false,"potions_floor_spawned":[1,2,7],"killed_by":"Lagavulin","ascension_level":9}