{"gold_per_floor":[112,77,77,97,97,125,144,144,144,165,186,186,205,239,239,239],"floor_reached":16,"playtime":409,"items_purged":[],"score":151,"play_id":"d5e90e3a-2293-44ad-8423-ba82f9593177","local_time":"20190206114119","is_ascension_mode":true,"campfire_choices":[{"data":"Backstab","floor":12,"key":"SMITH"},{"floor":15,"key":"REST"}],"neow_cost":"NONE","seed_source_timestamp":63237313627487,"circlet_count":0,"master_deck":["Defend_G","Defend_G","Defend_G","Defend_G","Defend_G","Strike_G","Strike_G","Strike_G","Strike_G","Strike_G","Survivor","Neutralize","Predator","Flechettes","Regret","Riddle With Holes","Dodge and Roll","Backstab+1","Dagger Spray"],"relics":["Ring of the Snake","Anchor","Meat on the Bone","Pen Nib","Bag of Preparation","Golden Idol","Snake Skull"],"potions_floor_usage":[14,14],"damage_taken":[{"damage":7,"enemies":"Jaw Worm","floor":1,"turns":4},{"damage":0,"enemies":"2 Louse","floor":4,"turns":3},{"damage":57,"enemies":"Gremlin Nob","floor":6,"turns":6},{"damage":0,"enemies":"Cultist","floor":7,"turns":4},{"damage":7,"enemies":"Blue Slaver","floor":10,"turns":3},{"damage":10,"enemies":"Gremlin Gang","floor":11,"turns":4},{"damage":4,"enemies":"Exordium Wildlife","floor":13,"turns":2},{"damage":24,"enemies":"Lagavulin","floor":14,"turns":5},{"damage":45,"enemies":"Slime Boss","floor":16,"turns":7}],"seed_played":"5776315268480177365","potions_obtained":[{"floor":6,"key":"AttackPotion"},{"floor":10,"key":"Block Potion"}],"is_trial":false,"path_per_floor":["M","?","?","M","?","E","M","?","T","M","M","R","M","E","R","B"],"character_chosen":"THE_SILENT","items_purchased":[],"campfire_rested":1,"item_purchase_floors":[],"current_hp_per_floor":[56,70,63,63,63,18,30,30,30,35,37,37,33,21,40,0],"gold":239,"neow_bonus":"RANDOM_COMMON_RELIC","is_prod":false,"is_daily":false,"chose_seed":false,"campfire_upgraded":1,"win_rate":0,"timestamp":1549464079,"path_taken":["M","?","?","?","?","E","M","?","T","M","?","R","M","E","R","BOSS"],"build_version":"2019-01-23","purchased_purges":0,"victory":false,"max_hp_per_floor":[70,70,70,70,70,70,70,65,65,65,65,65,65,65,65,65],"card_choices":[{"not_picked":["Deflect","Reflex"],"picked":"Predator","floor":1},{"not_picked":["Underhanded Strike","PiercingWail"],"picked":"Flechettes","floor":4},{"not_picked":["Choke","Outmaneuver"],"picked":"Riddle With Holes","floor":6},{"not_picked":["Flying Knee","Endless Agony"],"picked":"Dodge and Roll","floor":7},{"not_picked":["Bouncing Flask","Backflip"],"picked":"Backstab","floor":10},{"not_picked":["Setup","Underhanded Strike","Bane"],"picked":"SKIP","floor":11},{"not_picked":["Poisoned Stab","Quick Slash"],"picked":"Dagger Spray","floor":13},{"not_picked":["Sucker Punch","Night Terror","Dodge and Roll"],"picked":"SKIP","floor":14}],"player_experience":727274,"relics_obtained":[{"floor":6,"key":"Bag of Preparation"},{"floor":14,"key":"Snake Skull"}],"event_choices":[{"damage_healed":17,"gold_gain":0,"player_choice":"Healed","damage_taken":0,"max_hp_gain":0,"max_hp_loss":0,"event_name":"The Cleric","floor":2,"gold_loss":35},{"damage_healed":0,"gold_gain":0,"player_choice":"Success","damage_taken":7,"relics_obtained":["Meat on the Bone"],"max_hp_gain":0,"max_hp_loss":0,"event_name":"Scrap Ooze","floor":3,"gold_loss":0},{"damage_healed":0,"gold_gain":0,"player_choice":"Box","damage_taken":0,"relics_obtained":["Pen Nib"],"max_hp_gain":0,"max_hp_loss":0,"event_name":"Big Fish","floor":5,"gold_loss":0,"cards_obtained":["Regret"]},{"damage_healed":0,"gold_gain":0,"player_choice":"Lose Max HP","damage_taken":0,"relics_obtained":["Golden Idol"],"max_hp_gain":0,"max_hp_loss":5,"event_name":"Golden Idol","floor":8,"gold_loss":0}],"is_beta":false,"boss_relics":[],"items_purged_floors":[],"is_endless":false,"potions_floor_spawned":[6,10],"killed_by":"Slime Boss","ascension_level":7}