{"gold_per_floor":[116,116,132,132,132,132,147,178,178,221,221,237,252,296,296,426,426,447,447,447,196,215,215,230,274,274,274,297,317,333,348,348,469,469,483,483,541,541,559,559,597,597,621,621,634,634,667,686,686,686],"floor_reached":51,"playtime":2949,"items_purged":[],"score":844,"play_id":"ddbbb1cc-ecac-4068-845b-936a850cd5fc","local_time":"20190509144014","is_ascension_mode":true,"campfire_choices":[{"data":"Neutralize","floor":6,"key":"SMITH"},{"floor":11,"key":"REST"},{"floor":15,"key":"REST"},{"data":"RitualDagger","floor":23,"key":"SMITH"},{"floor":32,"key":"REST"},{"data":"Bouncing Flask","floor":40,"key":"SMITH"},{"data":"Deflect","floor":42,"key":"SMITH"},{"data":"Poisoned Stab","floor":44,"key":"SMITH"},{"floor":49,"key":"REST"}],"neow_cost":"NONE","seed_source_timestamp":300016049958700,"circlet_count":0,"master_deck":["Defend_G+1","Defend_G+1","Defend_G+1","Defend_G+1","Defend_G+1","Strike_G+1","Strike_G+1","Strike_G+1","Strike_G+1","Survivor","Neutralize+1","Flying Knee+1","Dagger Spray","Poisoned Stab+1","Bouncing Flask+1","Quick Slash","Deflect+1","PiercingWail","After Image+1","RitualDagger+1","Terror+1","Backflip","Distraction+1","Backflip+1","PiercingWail+1","Blade Dance+1","Doppelganger+1","Madness+1","Madness+1","Backstab+1","All Out Attack","Heel Hook+1"],"relics":["Ring of the Snake","Golden Idol","The Specimen","Singing Bowl","Mercury Hourglass","Boot","Sozu","Ninja Scroll","Regal Pillow","Toxic Egg 2","Busted Crown","Unceasing Top","Kunai","Pen Nib","Sundial"],"potions_floor_usage":[13,29,29,41],"damage_taken":[{"damage":3,"enemies":"Jaw Worm","floor":1,"turns":4},{"damage":2,"enemies":"2 Louse","floor":3,"turns":2},{"damage":0,"enemies":"Cultist","floor":7,"turns":3},{"damage":14,"enemies":"Lagavulin","floor":8,"turns":6},{"damage":20,"enemies":"3 Sentries","floor":10,"turns":8},{"damage":4,"enemies":"Exordium Wildlife","floor":12,"turns":2},{"damage":0,"enemies":"2 Fungi Beasts","floor":13,"turns":1},{"damage":14,"enemies":"Gremlin Nob","floor":14,"turns":4},{"damage":12,"enemies":"Hexaghost","floor":16,"turns":9},{"damage":5,"enemies":"Shell Parasite","floor":18,"turns":5},{"damage":1,"enemies":"2 Thieves","floor":22,"turns":3},{"damage":0,"enemies":"Chosen and Byrds","floor":24,"turns":6},{"damage":8,"enemies":"Book of Stabbing","floor":25,"turns":5},{"damage":12,"enemies":"Snecko","floor":28,"turns":5},{"damage":0,"enemies":"Cultist and Chosen","floor":29,"turns":4},{"damage":4,"enemies":"3 Cultists","floor":30,"turns":5},{"damage":5,"enemies":"Centurion and Healer","floor":31,"turns":4},{"damage":16,"enemies":"Collector","floor":33,"turns":9},{"damage":0,"enemies":"Orb Walker","floor":35,"turns":3},{"damage":13,"enemies":"2 Orb Walkers","floor":37,"turns":5},{"damage":2,"enemies":"3 Darklings","floor":39,"turns":4},{"damage":25,"enemies":"Nemesis","floor":41,"turns":5},{"damage":0,"enemies":"Maw","floor":45,"turns":6},{"damage":0,"enemies":"Giant Head","floor":47,"turns":7},{"damage":5,"enemies":"Transient","floor":48,"turns":5},{"damage":26,"enemies":"Awakened One","floor":50,"turns":16}],"seed_played":"-5425529686007353962","potions_obtained":[{"floor":1,"key":"Fire Potion"},{"floor":12,"key":"FearPotion"},{"floor":13,"key":"SteroidPotion"},{"floor":16,"key":"GamblersBrew"}],"is_trial":false,"path_per_floor":["M","?","M","?","?","R","M","E","T","E","R","M","M","E","R","B",null,"M","?","?","$","M","R","M","E","T","?","M","M","M","M","R","B",null,"M","?","?","?","M","R","E","R","T","R","M","?","E","M","R","B",null],"character_chosen":"THE_SILENT","items_purchased":["Ninja Scroll"],"campfire_rested":4,"item_purchase_floors":[21],"current_hp_per_floor":[67,67,65,51,51,51,51,37,37,17,38,36,36,24,46,34,74,71,65,65,65,64,64,64,58,58,58,46,46,42,37,75,59,78,80,70,59,59,57,57,34,34,34,34,34,34,34,31,71,45],"gold":686,"neow_bonus":"THREE_CARDS","is_prod":false,"is_daily":false,"chose_seed":false,"campfire_upgraded":5,"win_rate":0,"timestamp":1557427214,"path_taken":["M","?","M","?","?","R","M","E","T","E","R","M","?","E","R","BOSS","M","?","?","$","M","R","M","E","T","?","?","M","M","M","R","BOSS","M","?","?","?","?","R","E","R","T","R","M","?","E","M","R","BOSS"],"build_version":"2019-01-23","purchased_purges":0,"victory":true,"max_hp_per_floor":[70,70,70,70,70,70,70,70,70,70,70,72,72,74,74,74,74,76,76,76,76,76,76,76,78,78,78,78,78,78,78,78,78,78,80,80,82,82,82,82,84,84,84,84,84,84,84,86,86,86],"card_choices":[{"not_picked":["Catalyst","Bane"],"picked":"Flying Knee","floor":0},{"not_picked":["Concentrate","Dash"],"picked":"Dagger Spray","floor":1},{"not_picked":["Bane","Deadly Poison"],"picked":"Poisoned Stab","floor":3},{"not_picked":["Poisoned Stab","Concentrate"],"picked":"Bouncing Flask","floor":7},{"not_picked":["Concentrate","Venomology"],"picked":"Quick Slash","floor":8},{"not_picked":["Finisher","Distraction"],"picked":"Deflect","floor":10},{"not_picked":["Riddle With Holes","Predator","Dagger Spray"],"picked":"Singing Bowl","floor":12},{"not_picked":["Dagger Spray","Acrobatics"],"picked":"PiercingWail","floor":13},{"not_picked":["Dagger Spray","Grand Finale","PiercingWail"],"picked":"Singing Bowl","floor":14},{"not_picked":["Envenom","Night Terror"],"picked":"After Image","floor":16},{"not_picked":["Dodge and Roll","Flying Knee","Underhanded Strike"],"picked":"Singing Bowl","floor":18},{"not_picked":["Heel Hook","Infinite Blades"],"picked":"Terror+1","floor":22},{"not_picked":["Underhanded Strike+1","Terror+1"],"picked":"Backflip","floor":24},{"not_picked":["Finisher","Slice","Skewer"],"picked":"Singing Bowl","floor":25},{"not_picked":["Deflect+1","Reflex+1"],"picked":"Distraction+1","floor":28},{"not_picked":["Corpse Explosion+1","Deflect+1"],"picked":"Backflip+1","floor":29},{"not_picked":["Masterful Stab","Eviscerate+1"],"picked":"PiercingWail+1","floor":30},{"not_picked":["Flechettes","Riddle With Holes"],"picked":"Blade Dance+1","floor":31},{"not_picked":["Tools of the Trade","After Image"],"picked":"Doppelganger+1","floor":33},{"not_picked":["Concentrate+1"],"picked":"Singing Bowl","floor":35},{"not_picked":["Eviscerate"],"picked":"Singing Bowl","floor":37},{"not_picked":[],"picked":"Backstab+1","floor":39},{"not_picked":["PiercingWail+1"],"picked":"Singing Bowl","floor":41},{"not_picked":[],"picked":"All Out Attack","floor":45},{"not_picked":[],"picked":"Heel Hook+1","floor":47},{"not_picked":["Deadly Poison+1"],"picked":"Singing Bowl","floor":48}],"player_experience":162816,"relics_obtained":[{"floor":8,"key":"The Specimen"},{"floor":9,"key":"Singing Bowl"},{"floor":10,"key":"Mercury Hourglass"},{"floor":14,"key":"Boot"},{"floor":25,"key":"Regal Pillow"},{"floor":26,"key":"Toxic Egg 2"},{"floor":37,"key":"Unceasing Top"},{"floor":41,"key":"Kunai"},{"floor":43,"key":"Pen Nib"},{"floor":47,"key":"Sundial"}],"event_choices":[{"damage_healed":0,"gold_gain":0,"player_choice":"Take Wound","damage_taken":0,"relics_obtained":["Golden Idol"],"max_hp_gain":0,"max_hp_loss":0,"event_name":"Golden Idol","floor":2,"gold_loss":0,"cards_obtained":["Injury"]},{"damage_healed":0,"gold_gain":0,"player_choice":"Entered Light","damage_taken":14,"max_hp_gain":0,"max_hp_loss":0,"event_name":"Shining Light","floor":4,"gold_loss":0,"cards_upgraded":["Flying Knee","Defend_G"]},{"cards_removed":["Injury"],"damage_healed":0,"gold_gain":0,"player_choice":"Removed Curses","damage_taken":0,"max_hp_gain":0,"max_hp_loss":0,"event_name":"Fountain of Cleansing","floor":5,"gold_loss":0},{"damage_healed":0,"gold_gain":0,"player_choice":"Joined the Cult","damage_taken":6,"max_hp_gain":0,"max_hp_loss":0,"event_name":"Nest","floor":19,"gold_loss":0,"cards_obtained":["RitualDagger"]},{"damage_healed":0,"gold_gain":0,"player_choice":"Simplicity","damage_taken":0,"max_hp_gain":0,"max_hp_loss":0,"event_name":"Back to Basics","floor":20,"gold_loss":0,"cards_upgraded":["Defend_G","Defend_G","Defend_G","Defend_G","Strike_G","Strike_G","Strike_G","Strike_G","Strike_G"]},{"damage_healed":0,"gold_gain":0,"player_choice":"Forge","damage_taken":0,"max_hp_gain":0,"max_hp_loss":0,"event_name":"Accursed Blacksmith","floor":27,"gold_loss":0,"cards_upgraded":["After Image"]},{"damage_healed":0,"gold_gain":0,"player_choice":"Embrace Madness","damage_taken":10,"max_hp_gain":0,"max_hp_loss":0,"event_name":"Winding Halls","floor":36,"gold_loss":0,"cards_obtained":["Madness","Madness"]},{"damage_healed":0,"gold_gain":0,"player_choice":"Fight","damage_taken":0,"max_hp_gain":0,"max_hp_loss":0,"event_name":"Mysterious Sphere","floor":37,"gold_loss":0},{"damage_healed":0,"gold_gain":0,"player_choice":"Got Potions","damage_taken":0,"max_hp_gain":0,"max_hp_loss":0,"event_name":"Lab","floor":38,"gold_loss":0},{"cards_removed":["Strike_G"],"damage_healed":0,"gold_gain":0,"player_choice":"Removed Attack","damage_taken":0,"max_hp_gain":0,"max_hp_loss":0,"event_name":"Falling","floor":46,"gold_loss":0}],"is_beta":false,"boss_relics":[{"not_picked":["Snecko Eye","Astrolabe"],"picked":"Sozu"},{"not_picked":["Velvet Choker","HoveringKite"],"picked":"Busted Crown"}],"items_purged_floors":[],"is_endless":false,"potions_floor_spawned":[1,12,13,16,24,25,28,29,30,39,41,47],"ascension_level":2}