{"gold_per_floor":[113,188,265,42,62,90,90,123,123,154,168,201,211,161,161,261,261,279,4,4,23,35,48,74,86,111,111,111,138,13,44,44,142,142,154,171,196,196,196,222,222,255,279,279,314,314,314,365,365,365,365,365,8,42,42],"floor_reached":56,"playtime":3466,"items_purged":["Strike_R","Fire Breathing"],"score":1545,"play_id":"5618f281-c3a0-498b-9402-b10677f96856","local_time":"20190418074558","is_ascension_mode":true,"campfire_choices":[{"data":"Corruption","floor":15,"key":"SMITH"},{"data":"Shockwave","floor":27,"key":"SMITH"},{"data":"Heavy Blade","floor":32,"key":"SMITH"},{"floor":44,"key":"RECALL"},{"data":"Dual Wield","floor":47,"key":"SMITH"},{"data":"Bloodletting","floor":49,"key":"SMITH"},{"data":"Impervious","floor":52,"key":"SMITH"}],"neow_cost":"NONE","seed_source_timestamp":3240641396398918,"circlet_count":0,"master_deck":["Defend_R","Defend_R","Defend_R","Defend_R","Bash","Clash","Double Tap","Whirlwind","Inflame","Reaper","Headbutt","Shockwave+1","Corruption+1","Sentinel","Demon Form+1","Sentinel","True Grit+1","Barricade","Headbutt+1","Dual Wield+1","Bloodletting+1","Heavy Blade+1","Impervious+1","Cleave+1","Sword Boomerang+1","Magnetism","PanicButton","Sword Boomerang+1","Heavy Blade","Uppercut+1"],"relics":["Burning Blood","Oddly Smooth Stone","Calipers","Shuriken","StoneCalendar","Singing Bowl","Red Skull","Snecko Eye","Membership Card","Bag of Preparation","Bottled Lightning","Omamori","Pear","Juzu Bracelet","Self Forming Clay","Cursed Key","Centennial Puzzle","Unceasing Top","Lantern","Regal Pillow","Prayer Wheel","Ornamental Fan","Strange Spoon","Bottled Tornado","Vajra"],"potions_floor_usage":[31,55,55,55],"damage_taken":[{"damage":1,"enemies":"Jaw Worm","floor":1,"turns":4},{"damage":0,"enemies":"Cultist","floor":5,"turns":2},{"damage":33,"enemies":"3 Sentries","floor":6,"turns":11},{"damage":28,"enemies":"Gremlin Nob","floor":8,"turns":4},{"damage":27,"enemies":"3 Sentries","floor":10,"turns":7},{"damage":0,"enemies":"Small Slimes","floor":11,"turns":3},{"damage":19,"enemies":"Lagavulin","floor":12,"turns":7},{"damage":9,"enemies":"Gremlin Gang","floor":13,"turns":3},{"damage":0,"enemies":"Slime Boss","floor":16,"turns":5},{"damage":1,"enemies":"Shell Parasite","floor":18,"turns":4},{"damage":0,"enemies":"3 Byrds","floor":21,"turns":4},{"damage":15,"enemies":"Centurion and Healer","floor":22,"turns":6},{"damage":0,"enemies":"Snecko","floor":23,"turns":2},{"damage":1,"enemies":"Slavers","floor":24,"turns":3},{"damage":34,"enemies":"Snake Plant","floor":25,"turns":5},{"damage":30,"enemies":"Book of Stabbing","floor":29,"turns":5},{"damage":3,"enemies":"Gremlin Leader","floor":31,"turns":5},{"damage":24,"enemies":"Automaton","floor":33,"turns":6},{"damage":10,"enemies":"3 Darklings","floor":35,"turns":4},{"damage":0,"enemies":"Orb Walker","floor":36,"turns":2},{"damage":0,"enemies":"Nemesis","floor":40,"turns":5},{"damage":17,"enemies":"Spire Growth","floor":42,"turns":4},{"damage":0,"enemies":"Reptomancer","floor":45,"turns":7},{"damage":0,"enemies":"2 Orb Walkers","floor":48,"turns":4},{"damage":10,"enemies":"Awakened One","floor":50,"turns":6},{"damage":31,"enemies":"Shield and Spear","floor":54,"turns":6},{"damage":24,"enemies":"The Heart","floor":55,"turns":9}],"seed_played":"-4035015198163906601","potions_obtained":[{"floor":11,"key":"PowerPotion"},{"floor":12,"key":"LiquidBronze"},{"floor":13,"key":"Swift Potion"},{"floor":22,"key":"Dexterity Potion"},{"floor":24,"key":"Fire Potion"},{"floor":31,"key":"Swift Potion"},{"floor":35,"key":"LiquidBronze"}],"is_trial":false,"path_per_floor":["M","?","?","$","M","E","T","E","T","E","M","E","M","?","R","B",null,"M","$","?","M","M","M","E","M","T","R","?","E","$","E","R","B",null,"M","M","T","?","?","E","?","M","T","R","E","?","R","?","R","B",null,"R","$","E","B",null],"character_chosen":"IRONCLAD","items_purchased":["Double Tap","Membership Card","Bag of Preparation","Juzu Bracelet","Ornamental Fan","Strange Spoon","Bottled Tornado"],"campfire_rested":0,"item_purchase_floors":[4,19,19,30,53,53,53],"current_hp_per_floor":[80,69,69,69,75,48,48,26,26,23,37,33,56,56,56,62,80,80,80,80,80,80,80,82,73,73,73,73,92,92,94,94,76,94,94,94,94,89,81,91,91,91,91,91,93,93,93,93,93,89,93,93,93,95,95],"gold":42,"neow_bonus":"RANDOM_COMMON_RELIC","is_prod":false,"is_daily":false,"chose_seed":false,"campfire_upgraded":6,"win_rate":0,"timestamp":1555587958,"path_taken":["M","?","?","$","M","E","?","E","T","E","?","E","M","?","R","BOSS","M","$","?","?","M","M","E","M","T","R","?","E","?","E","R","BOSS","M","M","?","?","?","E","?","M","T","R","E","?","R","?","R","BOSS","R","$","E","BOSS"],"build_version":"2019-04-04","purchased_purges":2,"victory":true,"max_hp_per_floor":[80,80,80,80,80,80,80,80,80,80,80,80,80,80,80,80,80,80,80,80,80,80,80,82,82,82,82,82,94,94,94,94,94,94,94,94,94,89,91,91,91,91,91,91,93,93,93,93,93,93,93,93,93,95,95],"card_choices":[{"not_picked":["Cleave","Twin Strike"],"picked":"Clash","floor":1},{"not_picked":["Flex","Seeing Red"],"picked":"Whirlwind","floor":5},{"not_picked":["Burning Pact","Pommel Strike"],"picked":"Inflame","floor":6},{"not_picked":["Clash","Shrug It Off"],"picked":"Reaper","floor":8},{"not_picked":["Wild Strike","Havoc"],"picked":"Headbutt","floor":10},{"not_picked":["Armaments","Hemokinesis"],"picked":"Shockwave","floor":11},{"not_picked":["Wild Strike","Headbutt"],"picked":"Corruption","floor":12},{"not_picked":["Blood for Blood","Iron Wave"],"picked":"Sentinel","floor":13},{"not_picked":["Reaper","Double Tap"],"picked":"Demon Form","floor":16},{"not_picked":["Pommel Strike+1","Sword Boomerang+1"],"picked":"Sentinel","floor":18},{"not_picked":["Warcry","Perfected Strike+1"],"picked":"True Grit+1","floor":21},{"not_picked":["Entrench+1","Perfected Strike"],"picked":"Barricade","floor":22},{"not_picked":["Havoc","Wild Strike"],"picked":"Headbutt+1","floor":23},{"not_picked":["Pommel Strike","Brutality","Wild Strike"],"picked":"Singing Bowl","floor":24},{"not_picked":["Flex+1","Rupture"],"picked":"Dual Wield","floor":25},{"not_picked":["Dual Wield","Infernal Blade","Reckless Charge"],"picked":"Singing Bowl","floor":29},{"not_picked":["Clash","Reckless Charge"],"picked":"Heavy Blade","floor":31},{"not_picked":["Exhume","Juggernaut"],"picked":"Impervious","floor":33},{"not_picked":["Body Slam","Evolve+1"],"picked":"Cleave+1","floor":35},{"not_picked":["Headbutt+1","Dropkick+1"],"picked":"Sword Boomerang+1","floor":36},{"not_picked":["Thinking Ahead","Forethought"],"picked":"Magnetism","floor":39},{"not_picked":["Trip","Madness","Good Instincts"],"picked":"Singing Bowl","floor":39},{"not_picked":["Discovery","Bandage Up"],"picked":"PanicButton","floor":39},{"not_picked":["Anger","Clash"],"picked":"Sword Boomerang+1","floor":40},{"not_picked":["Hemokinesis","Searing Blow+1"],"picked":"Heavy Blade","floor":42},{"not_picked":["Fire Breathing","Juggernaut","Spot Weakness+1"],"picked":"Singing Bowl","floor":45},{"not_picked":["Intimidate+1","Rage"],"picked":"Uppercut+1","floor":48},{"not_picked":["Double Tap","Clash","Exhume"],"picked":"Singing Bowl","floor":54}],"player_experience":5384079,"relics_obtained":[{"floor":6,"key":"Calipers"},{"floor":7,"key":"Shuriken"},{"floor":8,"key":"StoneCalendar"},{"floor":10,"key":"Singing Bowl"},{"floor":12,"key":"Red Skull"},{"floor":24,"key":"Bottled Lightning"},{"floor":26,"key":"Omamori"},{"floor":29,"key":"Pear"},{"floor":31,"key":"Self Forming Clay"},{"floor":37,"key":"Centennial Puzzle"},{"floor":40,"key":"Unceasing Top"},{"floor":43,"key":"Lantern"},{"floor":45,"key":"Regal Pillow"},{"floor":48,"key":"Prayer Wheel"},{"floor":54,"key":"Vajra"}],"event_choices":[{"damage_healed":0,"gold_gain":75,"player_choice":"Gather Gold","damage_taken":11,"max_hp_gain":0,"max_hp_loss":0,"event_name":"World of Goop","floor":2,"gold_loss":0},{"damage_healed":0,"gold_gain":77,"player_choice":"Gained Gold","damage_taken":0,"max_hp_gain":0,"max_hp_loss":0,"event_name":"Golden Wing","floor":3,"gold_loss":0},{"cards_removed":["Strike_R"],"damage_healed":0,"gold_gain":0,"player_choice":"Card Removal","damage_taken":0,"max_hp_gain":0,"max_hp_loss":0,"event_name":"The Cleric","floor":14,"gold_loss":50},{"damage_healed":0,"gold_gain":0,"player_choice":"Upgraded","damage_taken":0,"max_hp_gain":0,"max_hp_loss":0,"event_name":"Upgrade Shrine","floor":20,"gold_loss":0,"cards_upgraded":["Demon Form"]},{"damage_healed":0,"gold_gain":0,"cards_transformed":["Strike_R","Strike_R"],"player_choice":"Became Test Subject","damage_taken":0,"max_hp_gain":0,"max_hp_loss":0,"event_name":"Drug Dealer","floor":28,"gold_loss":0,"cards_obtained":["Fire Breathing","Bloodletting"]},{"damage_healed":0,"gold_gain":0,"player_choice":"Max HP","damage_taken":0,"max_hp_gain":0,"max_hp_loss":5,"event_name":"Winding Halls","floor":38,"gold_loss":0},{"damage_healed":0,"gold_gain":0,"player_choice":"Memory 3","damage_taken":10,"max_hp_gain":0,"max_hp_loss":0,"event_name":"SensoryStone","floor":39,"gold_loss":0},{"cards_removed":["Strike_R"],"damage_healed":0,"gold_gain":0,"player_choice":"Purged","damage_taken":0,"max_hp_gain":0,"max_hp_loss":0,"event_name":"Purifier","floor":41,"gold_loss":0},{"damage_healed":0,"gold_gain":0,"player_choice":"Ignored","damage_taken":0,"max_hp_gain":0,"max_hp_loss":0,"event_name":"Tomb of Lord Red Mask","floor":46,"gold_loss":0},{"damage_healed":0,"gold_gain":0,"player_choice":"Fight","damage_taken":0,"max_hp_gain":0,"max_hp_loss":0,"event_name":"Mysterious Sphere","floor":48,"gold_loss":0}],"is_beta":true,"boss_relics":[{"not_picked":["Black Blood","Eternal Feather"],"picked":"Snecko Eye"},{"not_picked":["Mark of Pain","Astrolabe"],"picked":"Cursed Key"}],"items_purged_floors":[4,30],"is_endless":false,"potions_floor_spawned":[11,12,13,21,22,24,29,31,35,42,45,48],"ascension_level":1}