{"gold_per_floor":[109,129,304,254,254,287,300,316,363,363,394,394,421,432,432,531,531,551,551,478,493,512,546,197,230,300,7,7,7,7,35,35,140,140,151,151,151,61,78,106,106,125,125,151,151,167,185,217,217,217,217,217,17,44,44],"floor_reached":56,"playtime":3773,"items_purged":["Strike_G","Strike_G","Strike_G"],"score":1514,"play_id":"761c2855-5d37-4bf4-ae67-89742a1cf559","local_time":"20190511024207","is_ascension_mode":true,"campfire_choices":[{"data":"Infinite Blades","floor":10,"key":"SMITH"},{"data":"Neutralize","floor":12,"key":"SMITH"},{"floor":15,"key":"REST"},{"floor":28,"key":"REST"},{"data":"Noxious Fumes","floor":30,"key":"SMITH"},{"floor":32,"key":"REST"},{"floor":41,"key":"RECALL"},{"data":"Cloak And Dagger","floor":49,"key":"SMITH"},{"data":"Leg Sweep","floor":52,"key":"SMITH"}],"neow_cost":"NONE","seed_source_timestamp":625456462253789,"circlet_count":0,"master_deck":["Defend_G","Defend_G","Defend_G","Defend_G","Defend_G","Strike_G","Survivor","Neutralize+1","Cloak And Dagger+1","Acrobatics","Infinite Blades+1","Deflect","Masterful Stab","Leg Sweep+1","Corpse Explosion","Skewer+1","PiercingWail","Noxious Fumes+1","Crippling Poison+1","Infinite Blades+1","Apotheosis+1","Backflip+1","Distraction+1","Envenom+1","Cloak And Dagger+1","Madness+1","Madness+1","Bandage Up+1","Thinking Ahead+1","Bandage Up+1","Footwork+1","Backflip+1","PiercingWail+1","Cloak And Dagger+1","Escape Plan+1","Footwork+1","Blade Dance+1","Backflip+1"],"relics":["Ring of the Snake","Art of War","Letter Opener","Happy Flower","Smiling Mask","Vajra","Black Star","Shuriken","Toxic Egg 2","Ancient Tea Set","Ice Cream","Potion Belt","Centennial Puzzle","Frozen Egg 2","Empty Cage","Boot","Ginger","Gremlin Horn","Snake Skull","Mango","Darkstone Periapt","Bottled Tornado","Bronze Scales","Gambling Chip","Pear"],"potions_floor_usage":[6,11,11,16,23,25,31,40,50,55,55],"damage_taken":[{"damage":1,"enemies":"Jaw Worm","floor":1,"turns":6},{"damage":0,"enemies":"Small Slimes","floor":2,"turns":5},{"damage":40,"enemies":"Gremlin Nob","floor":6,"turns":6},{"damage":0,"enemies":"Cultist","floor":7,"turns":3},{"damage":2,"enemies":"Red Slaver","floor":8,"turns":4},{"damage":5,"enemies":"3 Sentries","floor":11,"turns":8},{"damage":12,"enemies":"Lagavulin","floor":13,"turns":6},{"damage":0,"enemies":"2 Fungi Beasts","floor":14,"turns":2},{"damage":6,"enemies":"Slime Boss","floor":16,"turns":11},{"damage":5,"enemies":"3 Byrds","floor":18,"turns":3},{"damage":10,"enemies":"Shell Parasite","floor":21,"turns":6},{"damage":5,"enemies":"Snecko","floor":22,"turns":4},{"damage":3,"enemies":"Gremlin Leader","floor":23,"turns":7},{"damage":4,"enemies":"Slavers","floor":25,"turns":4},{"damage":13,"enemies":"Book of Stabbing","floor":31,"turns":5},{"damage":13,"enemies":"Champ","floor":33,"turns":8},{"damage":4,"enemies":"3 Shapes","floor":35,"turns":4},{"damage":0,"enemies":"Orb Walker","floor":39,"turns":4},{"damage":28,"enemies":"Nemesis","floor":40,"turns":7},{"damage":0,"enemies":"Jaw Worm Horde","floor":42,"turns":4},{"damage":9,"enemies":"Reptomancer","floor":44,"turns":6},{"damage":4,"enemies":"Writhing Mass","floor":46,"turns":6},{"damage":4,"enemies":"Transient","floor":47,"turns":5},{"damage":18,"enemies":"Nemesis","floor":48,"turns":6},{"damage":0,"enemies":"Donu and Deca","floor":50,"turns":6},{"damage":29,"enemies":"Shield and Spear","floor":54,"turns":6},{"damage":86,"enemies":"The Heart","floor":55,"turns":10}],"seed_played":"-86633511965304044","potions_obtained":[{"floor":1,"key":"GamblersBrew"},{"floor":6,"key":"EssenceOfSteel"},{"floor":8,"key":"SpeedPotion"},{"floor":11,"key":"Ancient Potion"},{"floor":14,"key":"EssenceOfSteel"},{"floor":22,"key":"SpeedPotion"},{"floor":25,"key":"Energy Potion"},{"floor":31,"key":"Fruit Juice"},{"floor":35,"key":"Block Potion"},{"floor":40,"key":"Weak Potion"},{"floor":44,"key":"Energy Potion"},{"floor":46,"key":"GhostInAJar"}],"is_trial":false,"path_per_floor":["M","M","?","?","?","E","M","M","T","R","E","R","E","M","R","B",null,"M","?","?","M","M","E","$","E","T","$","R","?","R","E","R","B",null,"M","?","?","$","M","E","R","M","T","E","?","M","M","E","R","B",null,"R","$","E","B",null],"character_chosen":"THE_SILENT","items_purchased":["EntropicBrew","Energy Potion","Noxious Fumes","Crippling Poison+1","Apotheosis+1","Backflip+1","Footwork+1","Bronze Scales","SpeedPotion"],"campfire_rested":3,"item_purchase_floors":[24,24,24,24,27,27,38,53,53],"current_hp_per_floor":[69,69,69,69,74,34,34,32,32,32,27,27,15,15,37,31,75,70,56,56,46,41,38,38,34,34,34,58,58,58,50,75,62,85,81,70,60,60,72,56,56,62,62,79,79,87,95,81,81,93,99,99,99,80,6],"gold":44,"neow_bonus":"RANDOM_COMMON_RELIC","is_prod":false,"is_daily":false,"chose_seed":false,"campfire_upgraded":5,"win_rate":0,"timestamp":1557556927,"path_taken":["M","M","?","?","?","E","M","M","T","R","E","R","E","?","R","BOSS","M","?","?","?","M","E","$","E","T","?","R","?","R","E","R","BOSS","M","?","?","?","M","E","R","M","T","E","?","M","M","E","R","BOSS","R","$","E","BOSS"],"build_version":"2019-05-07","purchased_purges":3,"victory":true,"max_hp_per_floor":[70,70,70,70,75,75,75,75,75,75,75,75,75,75,75,75,75,75,80,80,80,80,80,80,80,80,80,80,80,80,85,85,85,85,85,85,85,85,85,85,85,85,85,99,99,99,99,99,99,99,99,99,99,109,109],"card_choices":[{"not_picked":["Blade Dance","Concentrate"],"picked":"Cloak And Dagger","floor":1},{"not_picked":["Acrobatics","Backflip"],"picked":"Flying Knee","floor":2},{"not_picked":["Slice","Blade Dance"],"picked":"Acrobatics","floor":6},{"not_picked":["Catalyst","Escape Plan"],"picked":"Infinite Blades","floor":7},{"not_picked":["Catalyst","Reflex"],"picked":"Deflect","floor":8},{"not_picked":["Riddle With Holes","Deflect"],"picked":"Masterful Stab","floor":11},{"not_picked":["Quick Slash","Bane","Outmaneuver"],"picked":"SKIP","floor":13},{"not_picked":["Choke","Dash"],"picked":"Leg Sweep","floor":14},{"not_picked":["Phantasmal Killer","Malaise"],"picked":"Corpse Explosion","floor":16},{"not_picked":["Sucker Punch","Expertise","Blade Dance+1"],"picked":"SKIP","floor":18},{"not_picked":["Flechettes+1","Slice"],"picked":"Skewer+1","floor":21},{"not_picked":["Prepared","Cloak And Dagger"],"picked":"PiercingWail","floor":22},{"not_picked":["Choke","Corpse Explosion","Bane"],"picked":"SKIP","floor":23},{"not_picked":["PiercingWail+1","Slice+1"],"picked":"Infinite Blades+1","floor":25},{"not_picked":["Wraith Form v2","Caltrops"],"picked":"Distraction+1","floor":31},{"not_picked":["Storm of Steel+1","Grand Finale"],"picked":"Envenom+1","floor":33},{"not_picked":["PiercingWail+1","Acrobatics+1"],"picked":"Cloak And Dagger+1","floor":35},{"not_picked":["Metamorphosis+1","Swift Strike"],"picked":"Bandage Up+1","floor":37},{"not_picked":["Swift Strike","Jack Of All Trades+1"],"picked":"Thinking Ahead+1","floor":37},{"not_picked":["Dark Shackles+1","Transmutation+1"],"picked":"Bandage Up+1","floor":37},{"not_picked":["Dagger Throw","Finisher"],"picked":"Backflip+1","floor":39},{"not_picked":["Dagger Throw+1","Night Terror+1"],"picked":"PiercingWail+1","floor":40},{"not_picked":["Dagger Spray+1","Flechettes","Bane+1"],"picked":"SKIP","floor":42},{"not_picked":["Escape Plan+1","Prepared+1"],"picked":"Cloak And Dagger+1","floor":44},{"not_picked":["Flying Knee+1","PiercingWail+1"],"picked":"Escape Plan+1","floor":46},{"not_picked":["Flechettes","Tactician+1"],"picked":"Footwork+1","floor":47},{"not_picked":["Dagger Spray+1","Distraction+1"],"picked":"Blade Dance+1","floor":48},{"not_picked":["Flying Knee+1","Deadly Poison+1"],"picked":"Backflip+1","floor":54}],"player_experience":5714744,"relics_obtained":[{"floor":6,"key":"Letter Opener"},{"floor":9,"key":"Happy Flower"},{"floor":11,"key":"Smiling Mask"},{"floor":13,"key":"Vajra"},{"floor":23,"key":"Toxic Egg 2"},{"floor":23,"key":"Ancient Tea Set"},{"floor":25,"key":"Ice Cream"},{"floor":25,"key":"Potion Belt"},{"floor":31,"key":"Centennial Puzzle"},{"floor":31,"key":"Frozen Egg 2"},{"floor":40,"key":"Boot"},{"floor":40,"key":"Ginger"},{"floor":43,"key":"Gremlin Horn"},{"floor":44,"key":"Snake Skull"},{"floor":44,"key":"Mango"},{"floor":48,"key":"Darkstone Periapt"},{"floor":48,"key":"Bottled Tornado"},{"floor":54,"key":"Gambling Chip"},{"floor":54,"key":"Pear"}],"event_choices":[{"damage_healed":0,"gold_gain":175,"player_choice":"AGREE","damage_taken":0,"max_hp_gain":0,"max_hp_loss":0,"event_name":"Liars Game","floor":3,"gold_loss":0,"cards_obtained":["Doubt"]},{"cards_removed":["Doubt"],"damage_healed":0,"gold_gain":0,"player_choice":"Card Removal","damage_taken":0,"max_hp_gain":0,"max_hp_loss":0,"event_name":"The Cleric","floor":4,"gold_loss":50},{"damage_healed":0,"gold_gain":0,"player_choice":"Donut","damage_taken":0,"max_hp_gain":5,"max_hp_loss":0,"event_name":"Big Fish","floor":5,"gold_loss":0},{"damage_healed":0,"gold_gain":0,"player_choice":"Shed Blood","damage_taken":19,"max_hp_gain":5,"max_hp_loss":0,"event_name":"Forgotten Altar","floor":19,"gold_loss":0},{"damage_healed":0,"gold_gain":0,"player_choice":"Paid Gold","damage_taken":0,"relics_obtained":["Shuriken"],"max_hp_gain":0,"max_hp_loss":0,"event_name":"WeMeetAgain","floor":20,"gold_loss":73},{"damage_healed":0,"gold_gain":0,"player_choice":"1 cards matched","damage_taken":0,"max_hp_gain":0,"max_hp_loss":0,"event_name":"Match and Keep!","floor":29,"gold_loss":0,"cards_obtained":["Injury"]},{"damage_healed":0,"gold_gain":0,"player_choice":"Embrace Madness","damage_taken":11,"max_hp_gain":0,"max_hp_loss":0,"event_name":"Winding Halls","floor":36,"gold_loss":0,"cards_obtained":["Madness","Madness"]},{"damage_healed":0,"gold_gain":0,"player_choice":"Memory 3","damage_taken":10,"max_hp_gain":0,"max_hp_loss":0,"event_name":"SensoryStone","floor":37,"gold_loss":0},{"cards_removed":["Flying Knee"],"damage_healed":0,"gold_gain":0,"player_choice":"Removed Attack","damage_taken":0,"max_hp_gain":0,"max_hp_loss":0,"event_name":"Falling","floor":45,"gold_loss":0}],"is_beta":true,"boss_relics":[{"not_picked":["Tiny House","Calling Bell"],"picked":"Black Star"},{"not_picked":["Eternal Feather","Astrolabe"],"picked":"Empty Cage"}],"items_purged_floors":[24,27,38],"is_endless":false,"potions_floor_spawned":[1,6,8,11,14,22,25,31,35,40,44,46,47],"ascension_level":1}