{"gold_per_floor":[116,129,144,28,28,28,28,39,39,39,58,73,88,107,107,107],"floor_reached":16,"playtime":458,"items_purged":["Injury"],"score":163,"play_id":"a321ae6c-9ed3-4ea2-9e29-046dc52e259a","local_time":"20190422130318","is_ascension_mode":true,"campfire_choices":[{"data":"Tempest","floor":6,"key":"SMITH"},{"data":"Defragment","floor":15,"key":"SMITH"}],"neow_cost":"CURSE","seed_source_timestamp":947701299267979,"circlet_count":0,"master_deck":["AscendersBane","Strike_B","Strike_B","Strike_B","Strike_B","Defend_B+1","Defend_B","Defend_B","Defend_B","Zap","Dualcast","Auto Shields+1","Ball Lightning","Tempest+1","Glacier","Regret","Glacier","Defragment+1","Redo","Melter"],"relics":["Cracked Core","Incense Burner","Emotion Chip","Meat on the Bone"],"potions_floor_usage":[],"damage_taken":[{"damage":7,"enemies":"Small Slimes","floor":1,"turns":3},{"damage":1,"enemies":"Jaw Worm","floor":2,"turns":4},{"damage":3,"enemies":"2 Louse","floor":3,"turns":3},{"damage":0,"enemies":"2 Fungi Beasts","floor":8,"turns":3},{"damage":12,"enemies":"Gremlin Gang","floor":11,"turns":5},{"damage":3,"enemies":"Exordium Thugs","floor":12,"turns":4},{"damage":3,"enemies":"Blue Slaver","floor":13,"turns":3},{"damage":1,"enemies":"Red Slaver","floor":14,"turns":3},{"damage":44,"enemies":"Slime Boss","floor":16,"turns":12}],"seed_played":"5656121525907582151","potions_obtained":[{"floor":2,"key":"Strength Potion"},{"floor":13,"key":"PowerPotion"}],"is_trial":false,"path_per_floor":["M","M","M","$","?","R","?","M","T","?","M","M","M","M","R","B"],"character_chosen":"DEFECT","items_purchased":["Glacier"],"campfire_rested":0,"item_purchase_floors":[4],"current_hp_per_floor":[57,56,53,53,39,39,39,39,39,39,39,36,45,44,44,0],"gold":107,"neow_bonus":"ONE_RARE_RELIC","is_prod":false,"is_daily":false,"chose_seed":false,"campfire_upgraded":2,"win_rate":0,"timestamp":1555948998,"path_taken":["M","M","M","$","?","R","?","M","T","?","M","M","M","M","R","BOSS"],"build_version":"2019-01-23","purchased_purges":1,"victory":false,"max_hp_per_floor":[71,71,71,71,71,71,71,71,71,71,71,71,71,71,71,71],"card_choices":[{"not_picked":["Redo","Conserve Battery"],"picked":"Auto Shields","floor":1},{"not_picked":["Coolheaded","Go for the Eyes"],"picked":"Ball Lightning","floor":2},{"not_picked":["Hologram","Recycle"],"picked":"Tempest","floor":3},{"not_picked":["Blizzard","Streamline"],"picked":"Glacier","floor":8},{"not_picked":["Chill","Melter"],"picked":"Defragment","floor":11},{"not_picked":["Sweeping Beam","Static Discharge"],"picked":"Redo","floor":12},{"not_picked":["Turbo","Steam","Sunder"],"picked":"SKIP","floor":13},{"not_picked":["Sweeping Beam","Turbo"],"picked":"Melter","floor":14}],"player_experience":1180577,"relics_obtained":[{"floor":9,"key":"Meat on the Bone"}],"event_choices":[{"damage_healed":0,"gold_gain":0,"player_choice":"Entered Light","damage_taken":14,"max_hp_gain":0,"max_hp_loss":0,"event_name":"Shining Light","floor":5,"gold_loss":0,"cards_upgraded":["Auto Shields","Defend_B"]},{"damage_healed":0,"gold_gain":0,"player_choice":"Box","damage_taken":0,"relics_obtained":["Emotion Chip"],"max_hp_gain":0,"max_hp_loss":0,"event_name":"Big Fish","floor":7,"gold_loss":0,"cards_obtained":["Regret"]},{"damage_healed":0,"gold_gain":0,"player_choice":"Ignored","damage_taken":0,"max_hp_gain":0,"max_hp_loss":0,"event_name":"Golden Wing","floor":10,"gold_loss":0}],"is_beta":false,"boss_relics":[],"items_purged_floors":[4],"is_endless":false,"potions_floor_spawned":[2,13,14],"killed_by":"Slime Boss","ascension_level":14}