{"gold_per_floor":[115,115,115,30,44,76,76,91,115,115,3,28,28,40,40,114,114,128,28,39,39,64,64,91,91],"floor_reached":25,"playtime":3503,"items_purged":["Strike_G","Strike_G"],"score":504,"play_id":"1a05e0ab-a0d0-44aa-9547-8d350458d226","local_time":"20181128155353","is_ascension_mode":true,"campfire_choices":[{"data":"Well Laid Plans","floor":10,"key":"SMITH"},{"data":"Caltrops","floor":13,"key":"SMITH"},{"data":"Deadly Poison","floor":15,"key":"SMITH"},{"floor":23,"key":"REST"}],"neow_cost":"NONE","seed_source_timestamp":233892132955429,"circlet_count":0,"master_deck":["AscendersBane","Defend_G","Defend_G","Defend_G","Defend_G","Defend_G","Strike_G","Strike_G","Strike_G","Survivor","Neutralize+1","Cloak And Dagger","Well Laid Plans+1","Caltrops+1","Dagger Throw","Acrobatics","Caltrops+1","Deflect","Deadly Poison+1","A Thousand Cuts","Acrobatics","Crippling Poison"],"relics":["Ring of the Snake","NeowsBlessing","Blood Vial","Art of War","Regal Pillow","Snecko Eye","Strawberry","PreservedInsect"],"potions_floor_usage":[12,16,18],"damage_taken":[{"damage":0,"enemies":"2 Louse","floor":1,"turns":1},{"damage":0,"enemies":"Jaw Worm","floor":5,"turns":1},{"damage":0,"enemies":"Gremlin Nob","floor":6,"turns":1},{"damage":0,"enemies":"Cultist","floor":8,"turns":4},{"damage":16,"enemies":"3 Sentries","floor":12,"turns":8},{"damage":1,"enemies":"Large Slime","floor":14,"turns":8},{"damage":16,"enemies":"Hexaghost","floor":16,"turns":9},{"damage":20,"enemies":"Chosen","floor":18,"turns":6},{"damage":22,"enemies":"Spheric Guardian","floor":20,"turns":5},{"damage":50,"enemies":"Slavers","floor":24,"turns":5},{"damage":25,"enemies":"Masked Bandits","floor":25,"turns":2}],"seed_played":"2744745977227039699","potions_obtained":[{"floor":1,"key":"SkillPotion"},{"floor":8,"key":"SkillPotion"},{"floor":16,"key":"EssenceOfSteel"},{"floor":18,"key":"Block Potion"}],"is_trial":false,"path_per_floor":["M","?","?","$","M","E","?","M","T","R","$","E","R","M","R","B",null,"M","$","M","?","T","R","E","?"],"character_chosen":"THE_SILENT","items_purchased":["Well Laid Plans","Caltrops"],"campfire_rested":1,"item_purchase_floors":[4,11],"current_hp_per_floor":[59,59,64,64,64,64,64,66,66,66,66,52,52,53,53,39,63,45,45,25,25,32,70,22,0],"gold":91,"neow_bonus":"THREE_ENEMY_KILL","is_prod":false,"is_daily":false,"chose_seed":false,"campfire_upgraded":3,"win_rate":0,"timestamp":1543438433,"path_taken":["M","?","?","?","?","E","?","M","T","R","$","E","R","M","R","BOSS","M","$","M","?","?","R","E","?"],"build_version":"2018-11-15","purchased_purges":2,"victory":false,"max_hp_per_floor":[66,66,71,71,71,71,71,71,71,71,71,71,71,71,71,71,71,71,71,71,71,78,78,78,78],"card_choices":[{"not_picked":["Flechettes","All Out Attack"],"picked":"Cloak And Dagger","floor":1},{"not_picked":["Endless Agony","Flying Knee"],"picked":"Caltrops","floor":5},{"not_picked":["Expertise","Tools of the Trade"],"picked":"Dagger Throw","floor":6},{"not_picked":["Underhanded Strike","Blur"],"picked":"Acrobatics","floor":8},{"not_picked":["Choke","Slice"],"picked":"Deflect","floor":12},{"not_picked":["Cloak And Dagger","Poisoned Stab"],"picked":"Deadly Poison","floor":14},{"not_picked":["Grand Finale","Doppelganger"],"picked":"A Thousand Cuts","floor":16},{"not_picked":["Outmaneuver","Quick Slash","Deflect"],"picked":"SKIP","floor":18},{"not_picked":["Finisher","Backflip"],"picked":"Acrobatics","floor":20},{"not_picked":["Reflex","Terror"],"picked":"Crippling Poison","floor":24}],"player_experience":1035632,"relics_obtained":[{"floor":6,"key":"Blood Vial"},{"floor":9,"key":"Art of War"},{"floor":12,"key":"Regal Pillow"},{"floor":22,"key":"Strawberry"},{"floor":24,"key":"PreservedInsect"}],"event_choices":[{"damage_healed":0,"gold_gain":0,"player_choice":"Grow","damage_taken":0,"max_hp_gain":0,"max_hp_loss":0,"event_name":"Living Wall","floor":2,"gold_loss":0,"cards_upgraded":["Neutralize"]},{"damage_healed":0,"gold_gain":0,"player_choice":"Donut","damage_taken":0,"max_hp_gain":5,"max_hp_loss":0,"event_name":"Big Fish","floor":3,"gold_loss":0},{"damage_healed":0,"gold_gain":0,"player_choice":"Upgraded","damage_taken":0,"max_hp_gain":0,"max_hp_loss":0,"event_name":"Upgrade Shrine","floor":7,"gold_loss":0,"cards_upgraded":["Caltrops"]},{"damage_healed":0,"gold_gain":0,"player_choice":"Fought Bandits","damage_taken":0,"max_hp_gain":0,"max_hp_loss":0,"event_name":"Masked Bandits","floor":25,"gold_loss":0}],"is_beta":true,"boss_relics":[{"not_picked":["HoveringKite","Coffee Dripper"],"picked":"Snecko Eye"}],"items_purged_floors":[11,19],"is_endless":false,"potions_floor_spawned":[1,8,16,18],"killed_by":"Masked Bandits","ascension_level":20}