{"gold_per_floor":[117,192,205,205,205,216,234,234,234,269,289,289,289,304,304,304],"floor_reached":16,"playtime":586,"items_purged":[],"score":127,"play_id":"046d8461-a081-4f04-ad7f-6cf977172184","local_time":"20190503180354","is_ascension_mode":false,"campfire_choices":[{"data":"Backstab","floor":12,"key":"SMITH"},{"data":"Dash","floor":15,"key":"SMITH"}],"neow_cost":"NONE","seed_source_timestamp":1916079733357237,"circlet_count":0,"master_deck":["Defend_G+1","Defend_G","Defend_G","Defend_G","Strike_G","Strike_G","Strike_G","Strike_G","Strike_G","Survivor","Neutralize+1","Backstab+1","Poisoned Stab","vexMod:Sloth","Pain","Escape Plan","Dodge and Roll","Choke+1","Dash+1"],"relics":["Ring of the Snake","NeowsBlessing","WarpedTongs","Pet Ghost","War Paint"],"potions_floor_usage":[16],"damage_taken":[{"damage":0,"enemies":"2 Louse","floor":1,"turns":3},{"damage":0,"enemies":"Small Slimes","floor":3,"turns":2},{"damage":1,"enemies":"Cultist","floor":6,"turns":1},{"damage":2,"enemies":"Exordium Wildlife","floor":7,"turns":1},{"damage":0,"enemies":"Gremlin Nob","floor":10,"turns":1},{"damage":12,"enemies":"Large Slime","floor":11,"turns":7},{"damage":2,"enemies":"Looter","floor":14,"turns":2},{"damage":86,"enemies":"Fading Forest","floor":16,"turns":8}],"seed_played":"-9194498935876646673","potions_obtained":[{"floor":1,"key":"FairyPotion"},{"floor":3,"key":"Energy Potion"}],"is_trial":false,"path_per_floor":["M","?","M","?","?","M","M","?","T","E","M","R","?","M","R","B"],"character_chosen":"THE_SILENT","items_purchased":[],"campfire_rested":0,"item_purchase_floors":[],"current_hp_per_floor":[70,59,59,59,59,58,56,61,61,61,49,49,49,47,47,0],"gold":304,"neow_bonus":"UPGRADE_CARD","is_prod":false,"is_daily":false,"chose_seed":false,"campfire_upgraded":2,"win_rate":0,"timestamp":1556917434,"path_taken":["M","?","M","?","?","?","M","?","T","E","M","R","?","M","R","BOSS"],"build_version":"2019-01-23","purchased_purges":0,"victory":false,"max_hp_per_floor":[70,70,70,70,70,70,70,75,75,75,75,75,75,75,75,75],"card_choices":[{"not_picked":["PiercingWail","Accuracy"],"picked":"Backstab","floor":1},{"not_picked":["Cloak And Dagger","Backflip"],"picked":"Poisoned Stab","floor":3},{"not_picked":["vexMod:BandageWhip","Backflip"],"picked":"Escape Plan","floor":6},{"not_picked":["ReplayTheSpireMod:Shiv Toss","Fluid Movement"],"picked":"Dodge and Roll","floor":7},{"not_picked":["Prepared","Eviscerate","Deflect"],"picked":"SKIP","floor":10},{"not_picked":["Acrobatics","Dagger Throw","Concentrate"],"picked":"SKIP","floor":11},{"not_picked":["Outmaneuver","hubris:SlightOfHand"],"picked":"Dash","floor":14}],"player_experience":1285887,"relics_obtained":[{"floor":9,"key":"Pet Ghost"},{"floor":10,"key":"War Paint"}],"event_choices":[{"damage_healed":0,"gold_gain":75,"player_choice":"Gather Gold","damage_taken":11,"max_hp_gain":0,"max_hp_loss":0,"event_name":"World of Goop","floor":2,"gold_loss":0},{"damage_healed":0,"gold_gain":0,"player_choice":"Rummage","damage_taken":0,"relics_obtained":["WarpedTongs"],"max_hp_gain":0,"max_hp_loss":0,"event_name":"Accursed Blacksmith","floor":5,"gold_loss":0,"cards_obtained":["Pain"]},{"damage_healed":0,"gold_gain":0,"player_choice":"Donut","damage_taken":0,"max_hp_gain":5,"max_hp_loss":0,"event_name":"Big Fish","floor":8,"gold_loss":0}],"is_beta":false,"boss_relics":[],"items_purged_floors":[],"is_endless":false,"potions_floor_spawned":[1,3],"killed_by":"Fading Forest","ascension_level":0}