{"gold_per_floor":[113,113,125,5,23,23,23,53,108,127,127,147,180,255,255,356,356,370,91,91,91,91,91],"floor_reached":23,"playtime":774,"items_purged":["Defend_R","Strike_R"],"score":197,"play_id":"02114e8e-2836-42f7-9a73-d976887ba19d","local_time":"20190502195249","is_ascension_mode":false,"campfire_choices":[{"data":"Uppercut","floor":6,"key":"SMITH"},{"data":"Flame Barrier","floor":11,"key":"SMITH"},{"data":"Headbutt","floor":15,"key":"SMITH"}],"neow_cost":"TEN_PERCENT_HP_LOSS","seed_source_timestamp":377043616473444,"circlet_count":0,"master_deck":["Strike_R","Strike_R","Defend_R","Defend_R","Defend_R","Bash","Uppercut+1","Battle Trance","Shrug It Off","Flame Barrier+1","Sword Boomerang","Headbutt+1","Demon Form","Whirlwind"],"relics":["Burning Blood","Regal Pillow","Tiny Chest","The Courier","Snecko Eye","Gremlin Horn"],"potions_floor_usage":[8,13,16,16],"damage_taken":[{"damage":7,"enemies":"2 Louse","floor":1,"turns":3},{"damage":4,"enemies":"Cultist","floor":3,"turns":3},{"damage":2,"enemies":"Small Slimes","floor":5,"turns":5},{"damage":11,"enemies":"Lagavulin","floor":8,"turns":6},{"damage":2,"enemies":"Looter","floor":10,"turns":3},{"damage":10,"enemies":"Exordium Thugs","floor":12,"turns":4},{"damage":14,"enemies":"3 Sentries","floor":13,"turns":12},{"damage":18,"enemies":"Hexaghost","floor":16,"turns":6},{"damage":0,"enemies":"Spheric Guardian","floor":18,"turns":3},{"damage":67,"enemies":"Slavers","floor":23,"turns":4}],"seed_played":"6975870800167237035","potions_obtained":[{"floor":1,"key":"AttackPotion"},{"floor":3,"key":"Swift Potion"},{"floor":7,"key":"Poison Potion"},{"floor":12,"key":"LiquidBronze"}],"is_trial":false,"path_per_floor":["M","?","M","$","M","R","?","E","T","M","R","M","E","?","R","B",null,"M","$","?","?","?","E"],"character_chosen":"IRONCLAD","items_purchased":["Shrug It Off","Gremlin Horn"],"campfire_rested":0,"item_purchase_floors":[4,19],"current_hp_per_floor":[71,72,72,72,72,72,72,67,67,71,71,67,59,48,48,36,72,72,72,72,59,59,0],"gold":91,"neow_bonus":"REMOVE_TWO","is_prod":false,"is_daily":false,"chose_seed":false,"campfire_upgraded":3,"win_rate":0,"timestamp":1556823169,"path_taken":["M","?","?","$","M","R","?","E","T","M","R","?","E","?","R","BOSS","M","$","?","?","?","E"],"build_version":"2019-04-23","purchased_purges":2,"victory":false,"max_hp_per_floor":[72,72,72,72,72,72,72,72,72,72,72,72,72,72,72,72,72,72,72,72,77,77,77],"card_choices":[{"not_picked":["Seeing Red","Shockwave"],"picked":"Uppercut","floor":1},{"not_picked":["Body Slam","Warcry"],"picked":"Battle Trance","floor":3},{"not_picked":["Clash","Uppercut","Warcry"],"picked":"SKIP","floor":5},{"not_picked":["Clothesline","Heavy Blade","Perfected Strike"],"picked":"SKIP","floor":8},{"not_picked":["Headbutt","Flex"],"picked":"Flame Barrier","floor":10},{"not_picked":["Iron Wave","Second Wind"],"picked":"Sword Boomerang","floor":12},{"not_picked":["True Grit","Twin Strike"],"picked":"Headbutt","floor":13},{"not_picked":["Exhume","Fiend Fire"],"picked":"Demon Form","floor":16},{"not_picked":["Headbutt+1","Thunderclap+1","Reckless Charge"],"picked":"SKIP","floor":18}],"player_experience":1273919,"relics_obtained":[{"floor":8,"key":"Regal Pillow"},{"floor":9,"key":"Tiny Chest"},{"floor":13,"key":"The Courier"}],"event_choices":[{"damage_healed":1,"gold_gain":0,"player_choice":"Full Heal","damage_taken":0,"max_hp_gain":0,"max_hp_loss":0,"event_name":"Wheel of Change","floor":2,"gold_loss":0},{"damage_healed":0,"gold_gain":0,"player_choice":"Got Potions","damage_taken":0,"max_hp_gain":0,"max_hp_loss":0,"event_name":"Lab","floor":7,"gold_loss":0},{"damage_healed":0,"gold_gain":75,"player_choice":"Gather Gold","damage_taken":11,"max_hp_gain":0,"max_hp_loss":0,"event_name":"World of Goop","floor":14,"gold_loss":0},{"damage_healed":0,"gold_gain":0,"player_choice":"Ignored","damage_taken":0,"max_hp_gain":0,"max_hp_loss":0,"event_name":"Ghosts","floor":20,"gold_loss":0},{"damage_healed":0,"gold_gain":0,"player_choice":"Shed Blood","damage_taken":18,"max_hp_gain":5,"max_hp_loss":0,"event_name":"Forgotten Altar","floor":21,"gold_loss":0},{"damage_healed":0,"gold_gain":0,"player_choice":"Read","damage_taken":0,"max_hp_gain":0,"max_hp_loss":0,"event_name":"The Library","floor":22,"gold_loss":0,"cards_obtained":["Whirlwind"]}],"is_beta":true,"boss_relics":[{"not_picked":["Lizard Tail","Pandora\u0027s Box"],"picked":"Snecko Eye"}],"items_purged_floors":[4,19],"is_endless":false,"potions_floor_spawned":[1,3,12],"killed_by":"Slavers","ascension_level":0}