{"gold_per_floor":[112,112,21,33,33,68,68,68,93,93,108,122,4,45,45,45],"floor_reached":16,"playtime":585,"items_purged":["Injury"],"score":200,"play_id":"5e17b2bd-95be-4b13-9e31-def5e1a3ad17","local_time":"20190213140015","is_ascension_mode":true,"campfire_choices":[{"data":"Bouncing Flask","floor":8,"key":"SMITH"},{"data":"Deadly Poison","floor":15,"key":"SMITH"}],"neow_cost":"NONE","seed_source_timestamp":10691746417758,"circlet_count":0,"master_deck":["AscendersBane","Defend_G","Defend_G","Defend_G","Defend_G","Defend_G","Strike_G","Strike_G","Strike_G","Strike_G","Survivor","Neutralize","Die Die Die","Bouncing Flask+1","Deadly Poison+1","Burst","Parasite","PiercingWail","Noxious Fumes+1","Noxious Fumes+1"],"relics":["Ring of the Snake","Frozen Egg 2","Darkstone Periapt","Golden Idol","PreservedInsect","Orichalcum"],"potions_floor_usage":[12,16,16,16],"damage_taken":[{"damage":0,"enemies":"2 Louse","floor":1,"turns":1},{"damage":0,"enemies":"Small Slimes","floor":4,"turns":2},{"damage":15,"enemies":"Lagavulin","floor":6,"turns":6},{"damage":1,"enemies":"Cultist","floor":11,"turns":3},{"damage":8,"enemies":"3 Louse","floor":12,"turns":3},{"damage":5,"enemies":"3 Sentries","floor":14,"turns":5},{"damage":54,"enemies":"Slime Boss","floor":16,"turns":7}],"seed_played":"-8438757404404760022","potions_obtained":[{"floor":1,"key":"EntropicBrew"},{"floor":4,"key":"Swift Potion"}],"is_trial":false,"path_per_floor":["M","?","?","M","?","E","?","R","T","?","M","M","$","E","R","B"],"character_chosen":"THE_SILENT","items_purchased":["Noxious Fumes+1"],"campfire_rested":0,"item_purchase_floors":[13],"current_hp_per_floor":[59,52,52,52,52,37,43,43,43,67,66,58,58,53,53,0],"gold":45,"neow_bonus":"ONE_RANDOM_RARE_CARD","is_prod":false,"is_daily":false,"chose_seed":false,"campfire_upgraded":2,"win_rate":0,"timestamp":1550066415,"path_taken":["M","?","?","?","?","E","?","R","T","?","M","M","?","E","R","BOSS"],"build_version":"2019-02-06","purchased_purges":1,"victory":false,"max_hp_per_floor":[66,66,66,66,66,66,72,72,72,78,78,78,78,78,78,78],"card_choices":[{"not_picked":["Deflect","Prepared"],"picked":"Bouncing Flask","floor":1},{"not_picked":["Eviscerate","Distraction"],"picked":"Deadly Poison","floor":4},{"not_picked":["Backflip","PiercingWail"],"picked":"Burst","floor":6},{"not_picked":["Dagger Spray","Dodge and Roll"],"picked":"PiercingWail","floor":11},{"not_picked":["Acrobatics","Dagger Spray"],"picked":"Noxious Fumes+1","floor":12},{"not_picked":["Deadly Poison","Sucker Punch","Distraction"],"picked":"SKIP","floor":14}],"player_experience":891101,"relics_obtained":[{"floor":6,"key":"Darkstone Periapt"},{"floor":9,"key":"PreservedInsect"},{"floor":14,"key":"Orichalcum"}],"event_choices":[{"cards_removed":["Strike_G"],"damage_healed":0,"gold_gain":0,"player_choice":"Card Removal","damage_taken":7,"max_hp_gain":0,"max_hp_loss":0,"event_name":"Golden Wing","floor":2,"gold_loss":0},{"damage_healed":0,"gold_gain":0,"player_choice":"Paid Gold","damage_taken":0,"relics_obtained":["Frozen Egg 2"],"max_hp_gain":0,"max_hp_loss":0,"event_name":"WeMeetAgain","floor":3,"gold_loss":91},{"damage_healed":0,"gold_gain":0,"player_choice":"Leave","damage_taken":0,"max_hp_gain":0,"max_hp_loss":0,"event_name":"The Cleric","floor":5,"gold_loss":0},{"damage_healed":0,"gold_gain":0,"player_choice":"Take Wound","damage_taken":0,"relics_obtained":["Golden Idol"],"max_hp_gain":0,"max_hp_loss":0,"event_name":"Golden Idol","floor":7,"gold_loss":0,"cards_obtained":["Injury"]},{"damage_healed":18,"gold_gain":0,"player_choice":"Healed and dodged fight","damage_taken":0,"max_hp_gain":0,"max_hp_loss":0,"event_name":"Mushrooms","floor":10,"gold_loss":0,"cards_obtained":["Parasite"]}],"is_beta":true,"boss_relics":[],"items_purged_floors":[13],"is_endless":false,"potions_floor_spawned":[1,4,11],"killed_by":"Slime Boss","ascension_level":17}