{"gold_per_floor":[109,109,125,300,300,300,313,332,358,379,379,379,379,454,454,577,577,595,595,98,30,30,30,30],"floor_reached":24,"playtime":759,"items_purged":["Defend_G"],"score":307,"play_id":"84c8f06e-2e8e-4735-8ada-92647d8b7625","local_time":"20190224142002","is_ascension_mode":true,"campfire_choices":[{"data":"Neutralize","floor":6,"key":"SMITH"},{"floor":11,"key":"REST"},{"floor":13,"key":"REST"},{"data":"Predator","floor":15,"key":"SMITH"},{"data":"Apotheosis","floor":23,"key":"SMITH"}],"neow_cost":"NONE","seed_source_timestamp":866382215709393,"circlet_count":0,"master_deck":["AscendersBane","Defend_G","Defend_G","Defend_G","Defend_G","Strike_G","Strike_G","Strike_G","Strike_G","Survivor","Neutralize+1","Deflect","Deflect","Predator+1","Escape Plan","Poisoned Stab","Die Die Die","Infinite Blades+1","Apotheosis+1","Escape Plan","Ghostly","Ghostly","Ghostly","Ghostly","Ghostly"],"relics":["Ring of the Snake","Pen Nib","Golden Idol","Pantograph","Empty Cage","Kunai"],"potions_floor_usage":[16,16],"damage_taken":[{"damage":7,"enemies":"2 Louse","floor":1,"turns":2},{"damage":7,"enemies":"Small Slimes","floor":3,"turns":3},{"damage":7,"enemies":"Jaw Worm","floor":7,"turns":4},{"damage":35,"enemies":"Exordium Wildlife","floor":8,"turns":8},{"damage":5,"enemies":"Blue Slaver","floor":10,"turns":5},{"damage":59,"enemies":"Hexaghost","floor":16,"turns":15},{"damage":18,"enemies":"Shell Parasite","floor":18,"turns":8},{"damage":33,"enemies":"Slavers","floor":24,"turns":7}],"seed_played":"3664439438607780031","potions_obtained":[{"floor":1,"key":"SteroidPotion"},{"floor":10,"key":"Strength Potion"}],"is_trial":false,"path_per_floor":["M","?","M","?","T","R","M","M","T","M","R","?","R","?","R","B",null,"M","?","$","$","?","R","E"],"character_chosen":"THE_SILENT","items_purchased":["Apotheosis","Kunai","Escape Plan"],"campfire_rested":2,"item_purchase_floors":[20,20,21],"current_hp_per_floor":[56,56,49,49,49,49,42,7,7,2,21,37,56,45,45,6,48,30,30,30,30,30,30,0],"gold":30,"neow_bonus":"RANDOM_COMMON_RELIC","is_prod":false,"is_daily":false,"chose_seed":false,"campfire_upgraded":3,"win_rate":0,"timestamp":1551028802,"path_taken":["M","?","M","?","?","R","M","M","T","?","R","?","R","?","R","BOSS","M","?","?","$","?","R","E"],"build_version":"2019-01-23","purchased_purges":1,"victory":false,"max_hp_per_floor":[70,65,65,65,65,65,65,65,65,65,65,65,65,65,65,65,62,62,62,62,62,31,31,31],"card_choices":[{"not_picked":["Concentrate","Backflip"],"picked":"Deflect","floor":1},{"not_picked":["Flying Knee","Sucker Punch"],"picked":"Deflect","floor":3},{"not_picked":["Expertise","Concentrate"],"picked":"Predator","floor":7},{"not_picked":["Distraction","Sucker Punch"],"picked":"Escape Plan","floor":8},{"not_picked":["Acrobatics","Dodge and Roll"],"picked":"Poisoned Stab","floor":10},{"not_picked":["Burst","Wraith Form v2"],"picked":"Die Die Die","floor":16},{"not_picked":["Catalyst","Slice"],"picked":"Infinite Blades+1","floor":18}],"player_experience":857641,"relics_obtained":[{"floor":5,"key":"Pantograph"}],"event_choices":[{"damage_healed":0,"gold_gain":0,"player_choice":"Lose Max HP","damage_taken":0,"relics_obtained":["Golden Idol"],"max_hp_gain":0,"max_hp_loss":5,"event_name":"Golden Idol","floor":2,"gold_loss":0},{"damage_healed":0,"gold_gain":175,"player_choice":"AGREE","damage_taken":0,"max_hp_gain":0,"max_hp_loss":0,"event_name":"Liars Game","floor":4,"gold_loss":0,"cards_obtained":["Doubt"]},{"damage_healed":16,"gold_gain":0,"player_choice":"Healed and dodged fight","damage_taken":0,"max_hp_gain":0,"max_hp_loss":0,"event_name":"Mushrooms","floor":12,"gold_loss":0,"cards_obtained":["Parasite"]},{"damage_healed":0,"gold_gain":75,"player_choice":"Gather Gold","damage_taken":11,"max_hp_gain":0,"max_hp_loss":0,"event_name":"World of Goop","floor":14,"gold_loss":0},{"cards_removed":["Strike_G"],"damage_healed":0,"gold_gain":0,"player_choice":"Purged","damage_taken":0,"max_hp_gain":0,"max_hp_loss":0,"event_name":"Purifier","floor":19,"gold_loss":0},{"damage_healed":0,"gold_gain":0,"player_choice":"Became a Ghost","damage_taken":0,"max_hp_gain":0,"max_hp_loss":31,"event_name":"Ghosts","floor":22,"gold_loss":0,"cards_obtained":["Ghostly","Ghostly","Ghostly","Ghostly","Ghostly"]}],"is_beta":false,"boss_relics":[{"not_picked":["Tiny House","HoveringKite"],"picked":"Empty Cage"}],"items_purged_floors":[20],"is_endless":false,"potions_floor_spawned":[1,10],"killed_by":"Slavers","ascension_level":11}