{"gold_per_floor":[114,114,7,7,19,19,46,46,72,101,101,101,127,157,169,286,298,323,355,367,7,19,19,52,52,103,103,137,137,137,137],"floor_reached":31,"playtime":929,"items_purged":[],"score":412,"play_id":"ff213ad7-59e1-4b75-b18e-b211917855cc","local_time":"20190508135224","is_ascension_mode":true,"campfire_choices":[{"data":"Body Slam","floor":6,"key":"SMITH"},{"floor":8,"key":"REST"},{"data":"Rage","floor":15,"key":"SMITH"},{"data":"Infernal Blade","floor":23,"key":"SMITH"},{"floor":25,"key":"REST"},{"data":"Shrug It Off","floor":27,"key":"SMITH"}],"neow_cost":"NONE","seed_source_timestamp":256318738539100,"circlet_count":0,"master_deck":["Defend_R","Defend_R","Defend_R","Defend_R","Bash","Whirlwind+1","Inflame","Flex","Body Slam+1","Shrug It Off","Rage+1","Inflame","Inflame","Immolate","Shrug It Off+1","Infernal Blade+1","Ghostly Armor","Anger","Flex","Bite","Bite","Bite","Bite","Bite"],"relics":["Burning Blood","Lantern","Vajra","Regal Pillow","Happy Flower","MawBank","Cursed Key","Torii","Omamori","Turnip"],"potions_floor_usage":[7,10,22,24,24,31],"damage_taken":[{"damage":6,"enemies":"Cultist","floor":1,"turns":4},{"damage":14,"enemies":"Small Slimes","floor":5,"turns":4},{"damage":30,"enemies":"3 Sentries","floor":7,"turns":6},{"damage":8,"enemies":"Gremlin Nob","floor":10,"turns":3},{"damage":5,"enemies":"3 Sentries","floor":13,"turns":4},{"damage":2,"enemies":"2 Louse","floor":14,"turns":2},{"damage":23,"enemies":"The Guardian","floor":16,"turns":9},{"damage":12,"enemies":"Chosen","floor":18,"turns":2},{"damage":0,"enemies":"Spheric Guardian","floor":19,"turns":4},{"damage":1,"enemies":"Cultist and Chosen","floor":22,"turns":6},{"damage":41,"enemies":"Gremlin Leader","floor":24,"turns":4},{"damage":60,"enemies":"Book of Stabbing","floor":28,"turns":5},{"damage":30,"enemies":"Shelled Parasite and Fungi","floor":31,"turns":3}],"seed_played":"515275410359994623","potions_obtained":[{"floor":1,"key":"Swift Potion"},{"floor":5,"key":"AttackPotion"},{"floor":7,"key":"Weak Potion"},{"floor":18,"key":"PowerPotion"},{"floor":19,"key":"BloodPotion"},{"floor":28,"key":"LiquidBronze"}],"is_trial":false,"path_per_floor":["M","?","$","?","M","R","E","R","T","E","?","$","E","M","R","B",null,"M","M","?","$","M","R","E","R","T","R","E","?","?","M"],"character_chosen":"IRONCLAD","items_purchased":["Inflame","Flex","Torii","Ghostly Armor"],"campfire_rested":2,"item_purchase_floors":[3,3,21,21],"current_hp_per_floor":[72,65,65,65,57,57,33,57,57,55,55,55,56,60,60,43,71,65,71,56,56,69,69,34,74,74,74,22,22,22,0],"gold":137,"neow_bonus":"RANDOM_COMMON_RELIC","is_prod":false,"is_daily":false,"chose_seed":false,"campfire_upgraded":4,"win_rate":0,"timestamp":1557337944,"path_taken":["M","?","$","?","M","R","E","R","T","E","?","$","E","M","R","BOSS","M","M","?","$","M","R","E","R","T","R","E","?","?","M"],"build_version":"2019-01-23","purchased_purges":0,"victory":false,"max_hp_per_floor":[80,80,80,80,80,80,80,80,80,80,80,80,80,80,80,80,80,80,80,85,85,85,85,85,85,85,85,85,85,82,82],"card_choices":[{"not_picked":["Clothesline","Sword Boomerang"],"picked":"Whirlwind","floor":1},{"not_picked":["Power Through","Rupture"],"picked":"Body Slam","floor":5},{"not_picked":["Bloodletting","Infernal Blade"],"picked":"Shrug It Off","floor":7},{"not_picked":["Hemokinesis","Reaper"],"picked":"Rage","floor":10},{"not_picked":["Thunderclap","Armaments"],"picked":"Inflame","floor":13},{"not_picked":["Rage","True Grit"],"picked":"Inflame","floor":14},{"not_picked":["Juggernaut","Reaper"],"picked":"Immolate","floor":16},{"not_picked":["Havoc","Thunderclap+1"],"picked":"Shrug It Off","floor":18},{"not_picked":["Headbutt","True Grit"],"picked":"Infernal Blade","floor":19},{"not_picked":["Havoc","Perfected Strike"],"picked":"Anger","floor":22},{"not_picked":["Brutality","Wild Strike"],"picked":"Flex","floor":24},{"not_picked":["Carnage","Clash+1","Evolve"],"picked":"SKIP","floor":28}],"player_experience":169542,"relics_obtained":[{"floor":7,"key":"Vajra"},{"floor":9,"key":"Regal Pillow"},{"floor":10,"key":"Happy Flower"},{"floor":13,"key":"MawBank"},{"floor":24,"key":"Blood Vial"},{"floor":26,"key":"Omamori"},{"floor":28,"key":"Turnip"}],"event_choices":[{"cards_removed":["Strike_R"],"damage_healed":0,"gold_gain":0,"player_choice":"Card Removal","damage_taken":7,"max_hp_gain":0,"max_hp_loss":0,"event_name":"Golden Wing","floor":2,"gold_loss":0},{"damage_healed":0,"gold_gain":0,"player_choice":"Ignored","damage_taken":0,"max_hp_gain":0,"max_hp_loss":0,"event_name":"Liars Game","floor":4,"gold_loss":0},{"damage_healed":0,"gold_gain":0,"player_choice":"Grow","damage_taken":0,"max_hp_gain":0,"max_hp_loss":0,"event_name":"Living Wall","floor":11,"gold_loss":0,"cards_upgraded":["Whirlwind"]},{"damage_healed":0,"gold_gain":0,"player_choice":"Shed Blood","damage_taken":20,"max_hp_gain":5,"max_hp_loss":0,"event_name":"Forgotten Altar","floor":20,"gold_loss":0},{"damage_healed":0,"gold_gain":0,"player_choice":"Became a vampire (Vial)","damage_taken":0,"max_hp_gain":0,"max_hp_loss":0,"event_name":"Vampires","floor":29,"relics_lost":["Blood Vial"],"gold_loss":0,"cards_obtained":["Bite","Bite","Bite","Bite","Bite"]},{"cards_removed":["Parasite"],"damage_healed":0,"gold_gain":0,"player_choice":"Elegance","damage_taken":0,"max_hp_gain":0,"max_hp_loss":0,"event_name":"Back to Basics","floor":30,"gold_loss":0}],"is_beta":false,"boss_relics":[{"not_picked":["White Beast Statue","Pandora\u0027s Box"],"picked":"Cursed Key"}],"items_purged_floors":[],"is_endless":false,"potions_floor_spawned":[1,5,7,18,19,28],"killed_by":"Shelled Parasite and Fungi","ascension_level":7}