{"gold_per_floor":[114,114,114,133,133,133,150,181,481,481,499,499,512,543,543,543],"floor_reached":16,"playtime":661,"items_purged":[],"score":110,"play_id":"076cf6d6-6818-4c03-bba6-c967d8b3a1b2","local_time":"20190114115949","is_ascension_mode":false,"campfire_choices":[{"data":"Headbutt","floor":6,"key":"SMITH"},{"data":"True Grit","floor":10,"key":"SMITH"},{"data":"Inflame","floor":15,"key":"SMITH"}],"neow_cost":"PERCENT_DAMAGE","seed_source_timestamp":42642437225060,"circlet_count":0,"master_deck":["Strike_R","Strike_R","Strike_R","Defend_R","Defend_R+1","Defend_R","Defend_R+1","Bash+1","Headbutt+1","True Grit+1","Twin Strike","Feel No Pain","Bludgeon","Inflame+1","Cleave"],"relics":["Burning Blood","Turnip","Old Coin","GremlinMask","War Paint"],"potions_floor_usage":[4,11],"damage_taken":[{"damage":5,"enemies":"Jaw Worm","floor":1,"turns":7},{"damage":7,"enemies":"Small Slimes","floor":4,"turns":7},{"damage":1,"enemies":"Cultist","floor":7,"turns":3},{"damage":14,"enemies":"Gremlin Nob","floor":8,"turns":3},{"damage":14,"enemies":"3 Louse","floor":11,"turns":3},{"damage":11,"enemies":"Exordium Wildlife","floor":13,"turns":4},{"damage":12,"enemies":"3 Sentries","floor":14,"turns":9},{"damage":54,"enemies":"Hexaghost","floor":16,"turns":8}],"seed_played":"-2157358589517346491","potions_obtained":[{"floor":1,"key":"Regen Potion"},{"floor":7,"key":"Ancient Potion"},{"floor":8,"key":"Strength Potion"}],"is_trial":false,"path_per_floor":["M","?","?","M","?","R","M","E","T","R","M","?","M","E","R","B"],"character_chosen":"IRONCLAD","items_purchased":[],"campfire_rested":0,"item_purchase_floors":[],"current_hp_per_floor":[57,62,62,76,76,76,81,73,73,73,65,65,60,54,54,0],"gold":543,"neow_bonus":"REMOVE_TWO","is_prod":false,"is_daily":false,"chose_seed":false,"campfire_upgraded":3,"win_rate":0,"timestamp":1547467189,"path_taken":["M","?","?","M","?","R","M","E","T","R","M","?","?","E","R","BOSS"],"build_version":"2019-01-10","purchased_purges":0,"victory":false,"max_hp_per_floor":[80,85,85,85,85,85,85,85,85,85,85,85,85,85,85,85],"card_choices":[{"not_picked":["Reckless Charge","Wild Strike"],"picked":"Headbutt","floor":1},{"not_picked":["Fire Breathing","Burning Pact"],"picked":"True Grit","floor":4},{"not_picked":["True Grit","Sentinel"],"picked":"Twin Strike","floor":7},{"not_picked":["Intimidate","Havoc"],"picked":"Feel No Pain","floor":8},{"not_picked":["Havoc","Shrug It Off"],"picked":"Bludgeon","floor":11},{"not_picked":["Perfected Strike","Wild Strike"],"picked":"Inflame","floor":13},{"not_picked":["Bludgeon","Iron Wave"],"picked":"Cleave","floor":14}],"player_experience":750207,"relics_obtained":[{"floor":8,"key":"Turnip"},{"floor":9,"key":"Old Coin"},{"floor":14,"key":"War Paint"}],"event_choices":[{"damage_healed":0,"gold_gain":0,"player_choice":"Donut","damage_taken":0,"max_hp_gain":5,"max_hp_loss":0,"event_name":"Big Fish","floor":2,"gold_loss":0},{"damage_healed":0,"gold_gain":0,"player_choice":"Ignored","damage_taken":0,"max_hp_gain":0,"max_hp_loss":0,"event_name":"Liars Game","floor":3,"gold_loss":0},{"damage_healed":0,"gold_gain":0,"player_choice":"Grow","damage_taken":0,"max_hp_gain":0,"max_hp_loss":0,"event_name":"Living Wall","floor":5,"gold_loss":0,"cards_upgraded":["Bash"]},{"damage_healed":0,"gold_gain":0,"player_choice":"Trade","damage_taken":0,"relics_obtained":["GremlinMask"],"max_hp_gain":0,"max_hp_loss":0,"event_name":"FaceTrader","floor":12,"gold_loss":0}],"is_beta":true,"boss_relics":[],"items_purged_floors":[],"is_endless":false,"potions_floor_spawned":[1,7,8],"killed_by":"Hexaghost","ascension_level":0}