{"gold_per_floor":[118,131,131,150,2,2,32,32,32,44,70,70,84,95,95,199,199,215,235,235,150,150,179,179,179,179,179,133,163,13,24,24,120,120,131,131,206,216,229,229,255,267,304,351,363,391,417,445,457,469,481,493,79,108,108],"floor_reached":56,"playtime":2466,"items_purged":["Strike_R","Rupture","Twin Strike"],"score":1380,"play_id":"fbe56104-1867-46f8-ad73-4db05f5b8750","local_time":"20190513183506","is_ascension_mode":false,"campfire_choices":[{"data":"Bash","floor":8,"key":"SMITH"},{"data":"Evolve","floor":15,"key":"SMITH"},{"data":"Flame Barrier","floor":25,"key":"SMITH"},{"data":"Spot Weakness","floor":27,"key":"SMITH"},{"data":"Shockwave","floor":32,"key":"SMITH"},{"data":"Juggernaut","floor":40,"key":"SMITH"},{"data":"Shrug It Off","floor":42,"key":"SMITH"},{"floor":45,"key":"RECALL"},{"data":"Shrug It Off","floor":49,"key":"SMITH"},{"data":"Defend_R","floor":52,"key":"SMITH"}],"neow_cost":"PERCENT_DAMAGE","seed_source_timestamp":1321092418966984,"circlet_count":0,"master_deck":["Defend_R+1","Defend_R","Defend_R","Bash+1","Thunderclap+1","Spot Weakness+1","Pummel+1","Shrug It Off+1","Evolve+1","Shockwave+1","Flame Barrier+1","Barricade","Sword Boomerang+1","Shrug It Off+1","Heavy Blade+1","Juggernaut+1","Headbutt+1","Clothesline+1","Entrench"],"relics":["Burning Blood","Lantern","Pantograph","Oddly Smooth Stone","Snecko Eye","StoneCalendar","Kunai","Molten Egg 2","Ancient Tea Set","Busted Crown","MawBank","Meat on the Bone","Bottled Tornado","Whetstone"],"potions_floor_usage":[16,16,23,29,29,35,41,54,55,55,55],"damage_taken":[{"damage":5,"enemies":"Jaw Worm","floor":1,"turns":4},{"damage":0,"enemies":"Small Slimes","floor":2,"turns":3},{"damage":1,"enemies":"Cultist","floor":4,"turns":3},{"damage":16,"enemies":"Gremlin Nob","floor":7,"turns":3},{"damage":2,"enemies":"Exordium Thugs","floor":10,"turns":3},{"damage":20,"enemies":"3 Sentries","floor":11,"turns":6},{"damage":0,"enemies":"Blue Slaver","floor":13,"turns":3},{"damage":1,"enemies":"Looter","floor":14,"turns":3},{"damage":0,"enemies":"Slime Boss","floor":16,"turns":3},{"damage":0,"enemies":"Spheric Guardian","floor":18,"turns":4},{"damage":2,"enemies":"2 Thieves","floor":19,"turns":3},{"damage":4,"enemies":"Gremlin Leader","floor":23,"turns":5},{"damage":26,"enemies":"Slavers","floor":29,"turns":4},{"damage":0,"enemies":"Snake Plant","floor":31,"turns":2},{"damage":20,"enemies":"Automaton","floor":33,"turns":9},{"damage":13,"enemies":"Orb Walker","floor":35,"turns":3},{"damage":0,"enemies":"3 Shapes","floor":38,"turns":5},{"damage":9,"enemies":"3 Darklings","floor":39,"turns":4},{"damage":18,"enemies":"Reptomancer","floor":41,"turns":6},{"damage":11,"enemies":"Nemesis","floor":44,"turns":5},{"damage":0,"enemies":"Jaw Worm Horde","floor":46,"turns":2},{"damage":21,"enemies":"Sphere and 2 Shapes","floor":47,"turns":5},{"damage":7,"enemies":"3 Darklings","floor":48,"turns":5},{"damage":8,"enemies":"Awakened One","floor":50,"turns":14},{"damage":71,"enemies":"Shield and Spear","floor":54,"turns":8},{"damage":0,"enemies":"The Heart","floor":55,"turns":11}],"seed_played":"1312316202180981022","potions_obtained":[{"floor":7,"key":"Swift Potion"},{"floor":10,"key":"SteroidPotion"},{"floor":11,"key":"SkillPotion"},{"floor":13,"key":"AttackPotion"},{"floor":16,"key":"Poison Potion"},{"floor":18,"key":"PowerPotion"},{"floor":23,"key":"FearPotion"},{"floor":38,"key":"Ancient Potion"},{"floor":39,"key":"Strength Potion"},{"floor":44,"key":"FearPotion"},{"floor":46,"key":"Regen Potion"},{"floor":54,"key":"Strength Potion"}],"is_trial":false,"path_per_floor":["M","M","?","M","$","?","E","R","T","M","E","$","M","M","R","B",null,"M","M","?","?","?","E","?","R","T","R","$","E","$","M","R","B",null,"M","?","?","M","M","R","E","R","T","E","R","M","M","M","R","B",null,"R","$","E","B",null],"character_chosen":"IRONCLAD","items_purchased":["Pummel","Sword Boomerang+1","Weak Potion","Bottled Tornado","Swift Potion"],"campfire_rested":0,"item_purchase_floors":[5,28,30,53,53],"current_hp_per_floor":[57,63,56,61,61,61,51,51,51,55,41,41,47,52,52,80,80,80,80,80,80,65,67,67,67,67,67,67,47,47,53,53,64,85,78,78,70,76,73,73,61,61,61,56,56,62,59,58,58,81,85,85,85,32,63],"gold":108,"neow_bonus":"REMOVE_TWO","is_prod":false,"is_daily":false,"chose_seed":false,"campfire_upgraded":9,"win_rate":0,"timestamp":1557768906,"path_taken":["M","M","?","M","$","?","E","R","T","M","E","?","?","M","R","BOSS","M","M","?","?","?","E","?","R","T","R","$","E","$","?","R","BOSS","M","?","?","M","M","R","E","R","T","E","R","M","M","M","R","BOSS","R","$","E","BOSS"],"build_version":"2019-05-07","purchased_purges":3,"victory":true,"max_hp_per_floor":[80,80,80,80,80,80,80,80,80,80,80,80,80,80,80,80,80,80,80,80,80,85,85,85,85,85,85,85,85,85,85,85,85,85,85,85,85,85,85,85,85,85,85,85,85,85,85,85,85,85,85,85,85,85,85],"card_choices":[{"not_picked":["Body Slam","Flex"],"picked":"Thunderclap","floor":1},{"not_picked":["Warcry","Shrug It Off"],"picked":"Spot Weakness","floor":2},{"not_picked":["Bloodletting","Flex"],"picked":"Twin Strike","floor":4},{"not_picked":["Intimidate","Armaments"],"picked":"Shrug It Off","floor":7},{"not_picked":["Wild Strike","Heavy Blade"],"picked":"Evolve","floor":10},{"not_picked":["Perfected Strike","Evolve"],"picked":"Shockwave","floor":11},{"not_picked":["Dark Embrace","Warcry"],"picked":"Headbutt","floor":13},{"not_picked":["Heavy Blade","Pummel"],"picked":"Flame Barrier","floor":14},{"not_picked":["Bludgeon","Immolate"],"picked":"Barricade","floor":16},{"not_picked":["Cleave","True Grit","Body Slam"],"picked":"SKIP","floor":18},{"not_picked":["Seeing Red+1","Thunderclap","True Grit"],"picked":"SKIP","floor":19},{"not_picked":["Headbutt","Thunderclap","Clash+1"],"picked":"SKIP","floor":23},{"not_picked":["Iron Wave+1","Clash+1"],"picked":"Shrug It Off","floor":29},{"not_picked":["Evolve","Wild Strike+1"],"picked":"Heavy Blade+1","floor":31},{"not_picked":["Offering","Barricade"],"picked":"Juggernaut","floor":33},{"not_picked":["Body Slam+1"],"picked":"SKIP","floor":35},{"not_picked":[],"picked":"Headbutt+1","floor":38},{"not_picked":["Perfected Strike+1"],"picked":"SKIP","floor":39},{"not_picked":["Clothesline+1"],"picked":"SKIP","floor":41},{"not_picked":[],"picked":"Clothesline+1","floor":41},{"not_picked":["Second Wind"],"picked":"SKIP","floor":44},{"not_picked":["Entrench"],"picked":"SKIP","floor":46},{"not_picked":[],"picked":"Entrench","floor":46},{"not_picked":["Havoc+1"],"picked":"SKIP","floor":47},{"not_picked":["Pommel Strike+1"],"picked":"SKIP","floor":48},{"not_picked":["Corruption"],"picked":"SKIP","floor":54}],"player_experience":1411608,"relics_obtained":[{"floor":7,"key":"Lantern"},{"floor":9,"key":"Pantograph"},{"floor":11,"key":"Oddly Smooth Stone"},{"floor":23,"key":"Kunai"},{"floor":26,"key":"Molten Egg 2"},{"floor":29,"key":"Ancient Tea Set"},{"floor":41,"key":"MawBank"},{"floor":44,"key":"Meat on the Bone"},{"floor":54,"key":"Whetstone"}],"event_choices":[{"cards_removed":["Strike_R"],"damage_healed":0,"gold_gain":0,"player_choice":"Card Removal","damage_taken":7,"max_hp_gain":0,"max_hp_loss":0,"event_name":"Golden Wing","floor":3,"gold_loss":0},{"damage_healed":0,"gold_gain":0,"player_choice":"Leave","damage_taken":0,"max_hp_gain":0,"max_hp_loss":0,"event_name":"The Cleric","floor":6,"gold_loss":0},{"cards_removed":["Strike_R"],"damage_healed":0,"gold_gain":0,"player_choice":"Elegance","damage_taken":0,"max_hp_gain":0,"max_hp_loss":0,"event_name":"Back to Basics","floor":20,"gold_loss":0},{"damage_healed":0,"gold_gain":0,"player_choice":"Obtained Relic","damage_taken":0,"relics_obtained":["StoneCalendar"],"max_hp_gain":0,"max_hp_loss":0,"event_name":"Addict","floor":21,"gold_loss":85},{"damage_healed":0,"gold_gain":0,"player_choice":"Shed Blood","damage_taken":20,"max_hp_gain":5,"max_hp_loss":0,"event_name":"Forgotten Altar","floor":22,"gold_loss":0},{"damage_healed":0,"gold_gain":0,"cards_transformed":["Defend_R"],"player_choice":"Transformed","damage_taken":0,"max_hp_gain":0,"max_hp_loss":0,"event_name":"Transmorgrifier","floor":24,"gold_loss":0,"cards_obtained":["Rupture"]},{"cards_removed":["Headbutt"],"damage_healed":0,"gold_gain":0,"player_choice":"Removed Attack","damage_taken":0,"max_hp_gain":0,"max_hp_loss":0,"event_name":"Falling","floor":36,"gold_loss":0},{"damage_healed":0,"gold_gain":75,"player_choice":"Touch","damage_taken":8,"max_hp_gain":0,"max_hp_loss":0,"event_name":"FaceTrader","floor":37,"gold_loss":0}],"is_beta":true,"boss_relics":[{"not_picked":["Sozu","Runic Pyramid"],"picked":"Snecko Eye"},{"not_picked":["Philosopher\u0027s Stone","Empty Cage"],"picked":"Busted Crown"}],"items_purged_floors":[5,30,53],"is_endless":false,"potions_floor_spawned":[7,10,11,13,16,18,23,38,39,44,46,54],"ascension_level":0}