{"gold_per_floor":[119,194,63,75,92,92,127,145,145,174,174],"floor_reached":11,"playtime":315,"items_purged":["Strike_R"],"score":139,"play_id":"17b529ba-48f0-46aa-bd59-f2d0ad533f52","local_time":"20190508160124","is_ascension_mode":true,"campfire_choices":[{"data":"Bash","floor":6,"key":"SMITH"}],"neow_cost":"NONE","seed_source_timestamp":63725313993400,"circlet_count":0,"master_deck":["AscendersBane","Strike_R","Strike_R","Strike_R","Strike_R","Defend_R","Defend_R","Defend_R","Defend_R","Bash+1","Pommel Strike","Shrug It Off","Wild Strike","Wild Strike","Iron Wave","Cleave"],"relics":["Burning Blood","Blue Candle","Mercury Hourglass","Odd Mushroom"],"potions_floor_usage":[7],"damage_taken":[{"damage":12,"enemies":"Small Slimes","floor":1,"turns":4},{"damage":4,"enemies":"2 Louse","floor":4,"turns":3},{"damage":2,"enemies":"Jaw Worm","floor":5,"turns":4},{"damage":37,"enemies":"Lagavulin","floor":7,"turns":6},{"damage":16,"enemies":"2 Fungi Beasts","floor":8,"turns":4},{"damage":16,"enemies":"The Mushroom Lair","floor":10,"turns":5},{"damage":20,"enemies":"3 Sentries","floor":11,"turns":3}],"seed_played":"-1460000677071934493","potions_obtained":[{"floor":8,"key":"Strength Potion"},{"floor":10,"key":"Strength Potion"}],"is_trial":false,"path_per_floor":["M","?","$","M","M","R","E","M","T","?","E"],"character_chosen":"IRONCLAD","items_purchased":["Block Potion"],"campfire_rested":0,"item_purchase_floors":[3],"current_hp_per_floor":[69,58,58,60,64,64,33,23,23,13,0],"gold":174,"neow_bonus":"TEN_PERCENT_HP_BONUS","is_prod":false,"is_daily":false,"chose_seed":false,"campfire_upgraded":1,"win_rate":0,"timestamp":1557324084,"path_taken":["M","?","$","M","M","R","E","M","T","?","E"],"build_version":"2019-01-23","purchased_purges":1,"victory":false,"max_hp_per_floor":[82,82,82,82,82,82,82,82,82,82,82],"card_choices":[{"not_picked":["Heavy Blade","Combust"],"picked":"Pommel Strike","floor":1},{"not_picked":["Blood for Blood","Ghostly Armor"],"picked":"Shrug It Off","floor":4},{"not_picked":["Sentinel","Ghostly Armor"],"picked":"Wild Strike","floor":5},{"not_picked":["Clash","Clothesline"],"picked":"Wild Strike","floor":7},{"not_picked":["Carnage","Twin Strike"],"picked":"Iron Wave","floor":8},{"not_picked":["Heavy Blade","Entrench"],"picked":"Cleave","floor":10}],"player_experience":669642,"relics_obtained":[{"floor":7,"key":"Blue Candle"},{"floor":9,"key":"Mercury Hourglass"},{"floor":10,"key":"Odd Mushroom"}],"event_choices":[{"damage_healed":0,"gold_gain":75,"player_choice":"Gather Gold","damage_taken":11,"max_hp_gain":0,"max_hp_loss":0,"event_name":"World of Goop","floor":2,"gold_loss":0},{"damage_healed":0,"gold_gain":0,"player_choice":"Fought Mushrooms","damage_taken":0,"max_hp_gain":0,"max_hp_loss":0,"event_name":"Mushrooms","floor":10,"gold_loss":0}],"is_beta":false,"boss_relics":[],"items_purged_floors":[3],"is_endless":false,"potions_floor_spawned":[8,10],"killed_by":"3 Sentries","ascension_level":18}