{"gold_per_floor":[116,116,127,137,153,182,202,202,225,225,243,243,258,271,271,371,371,384,17,33,52,6,6,6],"floor_reached":24,"playtime":2993,"items_purged":["Parasite"],"score":202,"play_id":"bcf0c203-152d-4846-b82d-88392571a517","local_time":"20180711222430","is_ascension_mode":false,"campfire_choices":[{"floor":8,"key":"REST"},{"data":"Biased Cognition","floor":12,"key":"SMITH"},{"floor":15,"key":"REST"},{"floor":23,"key":"REST"}],"neow_cost":"","seed_source_timestamp":74595386743769,"circlet_count":0,"master_deck":["Strike_B","Strike_B","Strike_B","Strike_B","Defend_B","Defend_B","Defend_B","Defend_B","Zap","Dualcast","Compile Driver","Biased Cognition+1","Deep Breath","Undo","Compile Driver","Ball Lightning","FTL","Rebound","Coolheaded","Rebound","Thunder Strike","Ball Lightning","Glacier","Fusion","Ball Lightning","Compile Driver+1","Loop","Coolheaded"],"relics":["Cracked Core","Pear","Pen Nib","Orrery","Ice Cream"],"potions_floor_usage":[6,6,16,20,21,21],"damage_taken":[{"damage":0,"enemies":"2 Louse","floor":1,"turns":2},{"damage":1,"enemies":"Cultist","floor":3,"turns":3},{"damage":0,"enemies":"Small Slimes","floor":4,"turns":2},{"damage":0,"enemies":"2 Fungi Beasts","floor":5,"turns":3},{"damage":44,"enemies":"Gremlin Nob","floor":6,"turns":5},{"damage":6,"enemies":"3 Louse","floor":7,"turns":4},{"damage":12,"enemies":"Gremlin Gang","floor":11,"turns":4},{"damage":8,"enemies":"Red Slaver","floor":13,"turns":2},{"damage":10,"enemies":"Exordium Thugs","floor":14,"turns":3},{"damage":5,"enemies":"Slime Boss","floor":16,"turns":6},{"damage":18,"enemies":"Spheric Guardian","floor":18,"turns":4},{"damage":4,"enemies":"3 Byrds","floor":20,"turns":3},{"damage":7,"enemies":"Cultist and Chosen","floor":21,"turns":7},{"damage":86,"enemies":"Gremlin Leader","floor":24,"turns":6}],"seed_played":"-1697277023971817656","potions_obtained":[{"floor":1,"key":"SpeedPotion"},{"floor":4,"key":"Dexterity Potion"},{"floor":7,"key":"FearPotion"},{"floor":11,"key":"AttackPotion"},{"floor":16,"key":"SpeedPotion"},{"floor":18,"key":"Dexterity Potion"}],"is_trial":false,"path_per_floor":["M","?","M","M","M","E","M","R","T","?","M","R","M","M","R","B",null,"M","$","M","M","$","R"],"character_chosen":"DEFECT","items_purchased":["Ice Cream","Coolheaded"],"campfire_rested":3,"item_purchase_floors":[19,22],"current_hp_per_floor":[75,75,74,74,74,40,34,59,59,59,47,47,39,29,54,49,85,67,67,63,56,56,80,0],"gold":6,"neow_bonus":"","is_prod":false,"is_daily":false,"chose_seed":false,"campfire_upgraded":1,"win_rate":0.0,"timestamp":1531365870,"path_taken":["M","?","?","M","M","E","M","R","T","?","M","R","M","M","R","BOSS","M","$","M","?","?","R","E"],"build_version":"2018-07-05","purchased_purges":1,"victory":false,"max_hp_per_floor":[75,75,75,75,75,85,85,85,85,85,85,85,85,85,85,85,85,85,82,82,82,82,82,82],"card_choices":[{"not_picked":["Self Repair","Chaos"],"picked":"Compile Driver","floor":1},{"not_picked":["Gash","Melter"],"picked":"Undo","floor":3},{"not_picked":["Ball Lightning","Coolheaded"],"picked":"Compile Driver","floor":4},{"not_picked":["Stack","White Noise","BootSequence"],"picked":"SKIP","floor":5},{"not_picked":["Barrage","Double Energy"],"picked":"Ball Lightning","floor":6},{"not_picked":["Sweeping Beam","Seek"],"picked":"FTL","floor":7},{"not_picked":["Compile Driver","Auto Shields"],"picked":"Rebound","floor":11},{"not_picked":["Barrage","Capacitor"],"picked":"Coolheaded","floor":13},{"not_picked":["Genetic Algorithm","Go for the Eyes"],"picked":"Rebound","floor":14},{"not_picked":["Creative AI","Reboot"],"picked":"Thunder Strike","floor":16},{"not_picked":["Beam Cell","Compile Driver"],"picked":"Ball Lightning","floor":17},{"not_picked":["Sweeping Beam","Beam Cell"],"picked":"Glacier","floor":17},{"not_picked":["Steam","Machine Learning"],"picked":"Fusion","floor":17},{"not_picked":["Conserve Battery","Genetic Algorithm"],"picked":"Ball Lightning","floor":17},{"not_picked":["Force Field","Melter"],"picked":"Compile Driver+1","floor":18},{"not_picked":["Beam Cell+1","Force Field+1","Streamline"],"picked":"SKIP","floor":20},{"not_picked":["Stack","Redo"],"picked":"Loop","floor":21}],"player_experience":39419,"relics_obtained":[{"floor":6,"key":"Pear"},{"floor":9,"key":"Pen Nib"}],"event_choices":[{"event_name":"Match and Keep!","player_choice":"3 cards matched","floor":2,"damage_taken":0},{"event_name":"Match and Keep!","player_choice":"3 cards matched","floor":2,"damage_taken":0},{"event_name":"Liars Game","player_choice":"disagreed","floor":10,"damage_taken":0}],"boss_relics":[{"not_picked":["Runic Dome","Busted Crown"],"picked":"Orrery"}],"items_purged_floors":[19],"is_endless":false,"potions_floor_spawned":[1,4,7,11,16,18],"killed_by":"Gremlin Leader","ascension_level":0}