{"gold_per_floor":[113,113,126,45,22,52,64,97,124,180,200,217,217,237,237,340,340,358,358,358,377,390,420,431,450,450,481,104,104,131,131,131,234,234,248,261,261,311,10,10,38,54,79,111,131,131,145,159,159,159,159,159,24,51,51],"floor_reached":56,"playtime":3289,"items_purged":["Writhe","Strike_R"],"score":1588,"play_id":"04f6a503-652e-4da0-9671-6be60d61f406","local_time":"20190430134116","is_ascension_mode":true,"campfire_choices":[{"data":"Armaments","floor":13,"key":"SMITH"},{"data":"Corruption","floor":15,"key":"SMITH"},{"data":"Dark Embrace","floor":29,"key":"SMITH"},{"data":"Demon Form","floor":32,"key":"SMITH"},{"floor":40,"key":"RECALL"},{"data":"Offering","floor":46,"key":"SMITH"},{"data":"Demon Form","floor":49,"key":"SMITH"},{"data":"Double Tap","floor":52,"key":"SMITH"}],"neow_cost":"NONE","seed_source_timestamp":4298942382620699,"circlet_count":0,"master_deck":["Strike_R","Strike_R","Strike_R","Strike_R","Defend_R","Defend_R","Defend_R","Bash","Shrug It Off","Whirlwind","Spot Weakness","Flex","Whirlwind","Clash","Immolate","Second Wind","Armaments+1","Corruption+1","Offering+1","Shrug It Off+1","Headbutt","Thunderclap+1","Sentinel+1","Dark Embrace+1","Rage","Shrug It Off+1","Sword Boomerang","Feel No Pain","Demon Form+1","Double Tap+1","Iron Wave+1","Shrug It Off+1","Shockwave+1","Shrug It Off","Demon Form+1","Shrug It Off","Power Through+1","Pummel","Heavy Blade","Shockwave"],"relics":["Burning Blood","NeowsBlessing","Smiling Mask","Orichalcum","Lantern","Ancient Tea Set","Cursed Key","Enchiridion","Mango","Centennial Puzzle","Lee\u0027s Waffle","Dodecahedron","Mark of Pain","Thread and Needle","Omamori","Happy Flower","Juzu Bracelet","Potion Belt","Blood Vial","Strawberry"],"potions_floor_usage":[8,10,16,21,55,55,55,55,55],"damage_taken":[{"damage":0,"enemies":"Jaw Worm","floor":1,"turns":1},{"damage":0,"enemies":"Small Slimes","floor":3,"turns":1},{"damage":0,"enemies":"Lagavulin","floor":6,"turns":1},{"damage":0,"enemies":"2 Louse","floor":7,"turns":1},{"damage":4,"enemies":"3 Sentries","floor":8,"turns":4},{"damage":7,"enemies":"Lagavulin Event","floor":10,"turns":3},{"damage":7,"enemies":"Blue Slaver","floor":11,"turns":3},{"damage":5,"enemies":"Looter","floor":12,"turns":2},{"damage":0,"enemies":"Lots of Slimes","floor":14,"turns":1},{"damage":35,"enemies":"Hexaghost","floor":16,"turns":10},{"damage":6,"enemies":"Spheric Guardian","floor":18,"turns":3},{"damage":3,"enemies":"2 Thieves","floor":21,"turns":2},{"damage":11,"enemies":"Cultist and Chosen","floor":22,"turns":3},{"damage":24,"enemies":"Slavers","floor":23,"turns":3},{"damage":6,"enemies":"3 Cultists","floor":24,"turns":2},{"damage":6,"enemies":"Snake Plant","floor":25,"turns":3},{"damage":6,"enemies":"Gremlin Leader","floor":27,"turns":5},{"damage":8,"enemies":"Book of Stabbing","floor":30,"turns":3},{"damage":56,"enemies":"Automaton","floor":33,"turns":9},{"damage":2,"enemies":"Orb Walker","floor":35,"turns":3},{"damage":6,"enemies":"3 Darklings","floor":36,"turns":1},{"damage":15,"enemies":"2 Orb Walkers","floor":38,"turns":3},{"damage":4,"enemies":"Giant Head","floor":41,"turns":5},{"damage":0,"enemies":"Sphere and 2 Shapes","floor":42,"turns":4},{"damage":7,"enemies":"Reptomancer","floor":44,"turns":4},{"damage":6,"enemies":"Transient","floor":45,"turns":5},{"damage":5,"enemies":"3 Darklings","floor":47,"turns":3},{"damage":0,"enemies":"Sphere and 2 Shapes","floor":48,"turns":4},{"damage":40,"enemies":"Time Eater","floor":50,"turns":6},{"damage":6,"enemies":"Shield and Spear","floor":54,"turns":4},{"damage":11,"enemies":"The Heart","floor":55,"turns":6}],"seed_played":"-6553029099528368113","potions_obtained":[{"floor":3,"key":"FearPotion"},{"floor":6,"key":"SkillPotion"},{"floor":7,"key":"Block Potion"},{"floor":16,"key":"Block Potion"},{"floor":18,"key":"BloodPotion"},{"floor":24,"key":"PowerPotion"},{"floor":44,"key":"Strength Potion"},{"floor":45,"key":"Energy Potion"},{"floor":48,"key":"PowerPotion"},{"floor":54,"key":"Swift Potion"}],"is_trial":false,"path_per_floor":["M","?","M","$","$","E","M","E","T","?","M","M","R","M","R","B",null,"M","?","?","M","M","E","M","M","T","E","$","R","E","?","R","B",null,"M","M","?","?","$","R","E","M","T","E","M","R","M","M","R","B",null,"R","$","E","B",null],"character_chosen":"IRONCLAD","items_purchased":["Spot Weakness","Flex","Lee\u0027s Waffle","Feel No Pain","PowerPotion","Omamori","Happy Flower","Pummel","Heavy Blade"],"campfire_rested":0,"item_purchase_floors":[4,5,28,28,28,39,39,53,53],"current_hp_per_floor":[80,73,79,79,79,80,80,80,80,79,78,79,79,80,80,51,80,80,80,64,67,62,58,58,58,58,58,101,101,99,99,99,49,101,101,101,101,92,92,92,94,100,100,99,101,101,101,101,101,67,101,101,101,108,103],"gold":51,"neow_bonus":"THREE_ENEMY_KILL","is_prod":false,"is_daily":false,"chose_seed":false,"campfire_upgraded":7,"win_rate":0,"timestamp":1556646076,"path_taken":["M","?","M","?","$","E","M","E","T","?","M","?","R","M","R","BOSS","M","?","?","M","M","E","M","M","T","E","$","R","E","?","R","BOSS","M","M","?","?","$","R","E","M","T","E","M","R","M","M","R","BOSS","R","$","E","BOSS"],"build_version":"2019-04-23","purchased_purges":2,"victory":true,"max_hp_per_floor":[80,80,80,80,80,80,80,80,80,80,80,80,80,80,80,80,80,80,80,80,80,80,94,94,94,94,94,101,101,101,101,101,101,101,101,101,101,101,101,101,101,101,101,101,101,101,101,101,101,101,101,101,101,108,108],"card_choices":[{"not_picked":["Pommel Strike","True Grit"],"picked":"Shrug It Off","floor":1},{"not_picked":["Burning Pact","Combust"],"picked":"Whirlwind","floor":3},{"not_picked":["Perfected Strike","Iron Wave"],"picked":"Whirlwind","floor":6},{"not_picked":["Cleave","Twin Strike"],"picked":"Clash","floor":7},{"not_picked":["Dropkick","Carnage"],"picked":"Immolate","floor":8},{"not_picked":["Pommel Strike","Shrug It Off"],"picked":"Second Wind","floor":11},{"not_picked":["Thunderclap","Havoc"],"picked":"Armaments","floor":12},{"not_picked":["Thunderclap","Burning Pact"],"picked":"Corruption","floor":14},{"not_picked":["Limit Break","Impervious"],"picked":"Offering","floor":16},{"not_picked":["Cleave+1","Havoc+1"],"picked":"Shrug It Off+1","floor":18},{"not_picked":["Pommel Strike","Iron Wave"],"picked":"Thunderclap+1","floor":21},{"not_picked":["Fire Breathing","Armaments"],"picked":"Sentinel+1","floor":22},{"not_picked":["Wild Strike","Shrug It Off+1"],"picked":"Dark Embrace","floor":23},{"not_picked":["Dual Wield","Pommel Strike"],"picked":"Rage","floor":24},{"not_picked":["True Grit","Body Slam+1"],"picked":"Shrug It Off+1","floor":25},{"not_picked":["Heavy Blade","Infernal Blade+1"],"picked":"Sword Boomerang","floor":27},{"not_picked":["Heavy Blade+1","Pommel Strike"],"picked":"Demon Form","floor":30},{"not_picked":["Fiend Fire","Demon Form"],"picked":"Double Tap","floor":33},{"not_picked":["Sword Boomerang+1","Warcry+1"],"picked":"Iron Wave+1","floor":35},{"not_picked":["Armaments+1","Burning Pact+1"],"picked":"Shrug It Off+1","floor":36},{"not_picked":["Sentinel","Burning Pact"],"picked":"Shockwave+1","floor":38},{"not_picked":["Pommel Strike","Wild Strike+1"],"picked":"Shrug It Off","floor":41},{"not_picked":["Havoc","Combust+1","Dark Embrace"],"picked":"SKIP","floor":42},{"not_picked":["Fire Breathing+1","Flex+1"],"picked":"Demon Form","floor":44},{"not_picked":["Thunderclap+1","Ghostly Armor"],"picked":"Shrug It Off","floor":45},{"not_picked":["Twin Strike+1","Armaments","Shockwave"],"picked":"SKIP","floor":47},{"not_picked":["Shrug It Off+1","Spot Weakness+1"],"picked":"Power Through+1","floor":48},{"not_picked":["Cleave","Infernal Blade"],"picked":"Shockwave","floor":54}],"player_experience":5561629,"relics_obtained":[{"floor":6,"key":"Smiling Mask"},{"floor":8,"key":"Orichalcum"},{"floor":9,"key":"Lantern"},{"floor":10,"key":"Ancient Tea Set"},{"floor":20,"key":"Enchiridion"},{"floor":23,"key":"Mango"},{"floor":27,"key":"Centennial Puzzle"},{"floor":30,"key":"Dodecahedron"},{"floor":38,"key":"Thread and Needle"},{"floor":41,"key":"Juzu Bracelet"},{"floor":43,"key":"Potion Belt"},{"floor":44,"key":"Blood Vial"},{"floor":54,"key":"Strawberry"}],"event_choices":[{"cards_removed":["Defend_R"],"damage_healed":0,"gold_gain":0,"player_choice":"Card Removal","damage_taken":7,"max_hp_gain":0,"max_hp_loss":0,"event_name":"Golden Wing","floor":2,"gold_loss":0},{"damage_healed":0,"gold_gain":30,"player_choice":"Searched \u00272\u0027 times","damage_taken":0,"max_hp_gain":0,"max_hp_loss":0,"event_name":"Dead Adventurer","floor":10,"gold_loss":0},{"damage_healed":0,"gold_gain":0,"player_choice":"Read","damage_taken":0,"max_hp_gain":0,"max_hp_loss":0,"event_name":"The Library","floor":19,"gold_loss":0,"cards_obtained":["Headbutt"]},{"damage_healed":0,"gold_gain":0,"player_choice":"Obtained Book","damage_taken":16,"max_hp_gain":0,"max_hp_loss":0,"event_name":"Cursed Tome","floor":20,"gold_loss":0},{"damage_healed":0,"gold_gain":0,"player_choice":"Ignored","damage_taken":0,"max_hp_gain":0,"max_hp_loss":0,"event_name":"Vampires","floor":31,"gold_loss":0},{"damage_healed":0,"gold_gain":0,"player_choice":"Ignored","damage_taken":0,"max_hp_gain":0,"max_hp_loss":0,"event_name":"Tomb of Lord Red Mask","floor":37,"gold_loss":0},{"damage_healed":0,"gold_gain":0,"player_choice":"Fight","damage_taken":0,"max_hp_gain":0,"max_hp_loss":0,"event_name":"Mysterious Sphere","floor":38,"gold_loss":0}],"is_beta":true,"boss_relics":[{"not_picked":["Eternal Feather","Velvet Choker"],"picked":"Cursed Key"},{"not_picked":["Runic Cube","White Beast Statue"],"picked":"Mark of Pain"}],"items_purged_floors":[28,53],"is_endless":false,"potions_floor_spawned":[3,6,7,16,18,24,30,33,35,44,45,48,54],"ascension_level":1}