{"gold_per_floor":[114,127,143,157,173,173,199,199,250,270,286,266,266],"floor_reached":13,"playtime":325,"items_purged":[],"score":120,"play_id":"289a0bb7-44b3-4b6b-b550-246294f32e4b","local_time":"20190130182355","is_ascension_mode":true,"campfire_choices":[{"data":"Fiend Fire","floor":6,"key":"SMITH"},{"data":"Thunderclap","floor":8,"key":"SMITH"}],"neow_cost":"NONE","seed_source_timestamp":63783843894564,"circlet_count":0,"master_deck":["Strike_R","Strike_R","Strike_R","Strike_R","Strike_R","Defend_R","Defend_R","Defend_R","Defend_R","Bash","Cleave","Cleave","Thunderclap+1","Uppercut","Pommel Strike","Fiend Fire+1","Thunderclap","Flex","Rampage"],"relics":["Burning Blood","Oddly Smooth Stone"],"potions_floor_usage":[4,11],"damage_taken":[{"damage":1,"enemies":"Cultist","floor":1,"turns":3},{"damage":0,"enemies":"Small Slimes","floor":2,"turns":3},{"damage":7,"enemies":"Jaw Worm","floor":3,"turns":4},{"damage":14,"enemies":"Exordium Thugs","floor":4,"turns":4},{"damage":8,"enemies":"3 Louse","floor":5,"turns":2},{"damage":25,"enemies":"3 Sentries","floor":7,"turns":6},{"damage":28,"enemies":"Large Slime","floor":10,"turns":4},{"damage":0,"enemies":"Looter","floor":11,"turns":2},{"damage":40,"enemies":"Lagavulin","floor":13,"turns":3}],"seed_played":"6350975206747273228","potions_obtained":[{"floor":2,"key":"SteroidPotion"},{"floor":4,"key":"Dexterity Potion"},{"floor":7,"key":"EssenceOfSteel"},{"floor":10,"key":"Block Potion"},{"floor":12,"key":"Strength Potion"}],"is_trial":false,"path_per_floor":["M","M","M","M","M","R","E","R","T","M","M","?","E"],"character_chosen":"IRONCLAD","items_purchased":[],"campfire_rested":0,"item_purchase_floors":[],"current_hp_per_floor":[77,80,79,71,69,69,50,50,50,28,34,34,0],"gold":266,"neow_bonus":"THREE_CARDS","is_prod":false,"is_daily":false,"chose_seed":false,"campfire_upgraded":2,"win_rate":0,"timestamp":1548883435,"path_taken":["M","M","M","M","M","R","E","R","T","M","M","?","E"],"build_version":"2019-01-23","purchased_purges":0,"victory":false,"max_hp_per_floor":[80,80,80,80,80,80,80,80,80,80,80,80,80],"card_choices":[{"not_picked":["Twin Strike","Anger"],"picked":"Cleave","floor":0},{"not_picked":["Shrug It Off","Metallicize"],"picked":"Cleave","floor":1},{"not_picked":["Wild Strike","Rage"],"picked":"Thunderclap","floor":2},{"not_picked":["Dual Wield","Body Slam"],"picked":"Uppercut","floor":3},{"not_picked":["Clothesline","Feel No Pain"],"picked":"Pommel Strike","floor":4},{"not_picked":["Body Slam","Dual Wield"],"picked":"Fiend Fire","floor":5},{"not_picked":["Sever Soul","Intimidate"],"picked":"Thunderclap","floor":7},{"not_picked":["Infernal Blade","Havoc"],"picked":"Flex","floor":10},{"not_picked":["Perfected Strike","Havoc"],"picked":"Rampage","floor":11}],"player_experience":690075,"relics_obtained":[{"floor":7,"key":"Oddly Smooth Stone"}],"event_choices":[{"damage_healed":0,"gold_gain":0,"player_choice":"Bought 1 Potion","damage_taken":0,"max_hp_gain":0,"max_hp_loss":0,"event_name":"The Woman in Blue","floor":12,"gold_loss":0}],"is_beta":false,"boss_relics":[],"items_purged_floors":[],"is_endless":false,"potions_floor_spawned":[2,4,7,10],"killed_by":"Lagavulin","ascension_level":7}