{"gold_per_floor":[111,41,56,56,76,88,123,123,123,141,141,216,233,333,333,429,429,446,456,475,498,512,512,544,644,697,697],"floor_reached":27,"playtime":1987,"items_purged":[],"score":235,"play_id":"062d38ac-d598-4229-86db-6fc2ac038789","local_time":"20190515012245","is_ascension_mode":false,"campfire_choices":[{"data":"Well Laid Plans","floor":8,"key":"SMITH"},{"floor":15,"key":"REST"},{"floor":23,"key":"REST"}],"neow_cost":"NONE","seed_source_timestamp":216141693334884,"circlet_count":0,"master_deck":["Defend_G+1","Defend_G","Defend_G+1","Defend_G","Defend_G+1","Strike_G","Strike_G+1","Strike_G","Strike_G","Strike_G","Survivor","Neutralize","Well Laid Plans+1","Glass Knife","PiercingWail","Cloak And Dagger","Dagger Throw","Noxious Fumes","Footwork","Deflect","Malaise","Distraction+1","Dash","Cloak And Dagger","Escape Plan","Deflect+1"],"relics":["Ring of the Snake","Centennial Puzzle","Mango","Torii","Black Star","Anchor","Question Card","Happy Flower","Tough Bandages","Sundial","War Paint"],"potions_floor_usage":[25,25,27],"damage_taken":[{"damage":0,"enemies":"Cultist","floor":1,"turns":5},{"damage":6,"enemies":"Jaw Worm","floor":3,"turns":2},{"damage":0,"enemies":"2 Louse","floor":5,"turns":3},{"damage":0,"enemies":"Large Slime","floor":6,"turns":6},{"damage":20,"enemies":"3 Sentries","floor":7,"turns":9},{"damage":7,"enemies":"Red Slaver","floor":10,"turns":4},{"damage":0,"enemies":"Blue Slaver","floor":13,"turns":4},{"damage":6,"enemies":"Slime Boss","floor":16,"turns":11},{"damage":1,"enemies":"3 Byrds","floor":18,"turns":6},{"damage":14,"enemies":"Chosen","floor":19,"turns":7},{"damage":3,"enemies":"Centurion and Healer","floor":20,"turns":12},{"damage":16,"enemies":"Snake Plant","floor":22,"turns":9},{"damage":31,"enemies":"Book of Stabbing","floor":24,"turns":9},{"damage":1,"enemies":"Colosseum Slavers","floor":25,"turns":6},{"damage":23,"enemies":"Colosseum Nobs","floor":25,"turns":6},{"damage":33,"enemies":"Gremlin Leader","floor":27,"turns":5}],"seed_played":"6571734547623792019","potions_obtained":[{"floor":1,"key":"LiquidBronze"},{"floor":6,"key":"Ancient Potion"},{"floor":10,"key":"AttackPotion"},{"floor":24,"key":"Regen Potion"}],"is_trial":false,"path_per_floor":["M","$","M","$","M","M","E","R","T","M","?","?","M","?","R","B",null,"M","M","M","T","M","R","E","?","T","E"],"character_chosen":"THE_SILENT","items_purchased":["Glass Knife"],"campfire_rested":2,"item_purchase_floors":[2],"current_hp_per_floor":[70,70,64,64,64,64,58,58,58,51,34,23,23,23,48,42,84,83,69,66,66,50,75,44,29,29,0],"gold":697,"neow_bonus":"RANDOM_COMMON_RELIC","is_prod":false,"is_daily":false,"chose_seed":false,"campfire_upgraded":1,"win_rate":0,"timestamp":1557897765,"path_taken":["M","?","M","$","?","M","E","R","T","M","?","?","M","?","R","BOSS","M","M","M","?","M","R","E","?","T","E"],"build_version":"2019-01-23","purchased_purges":0,"victory":false,"max_hp_per_floor":[70,70,70,70,70,70,84,84,84,84,84,84,84,84,84,84,84,84,84,84,84,84,84,84,84,84,84],"card_choices":[{"not_picked":["Heel Hook","Poisoned Stab"],"picked":"Well Laid Plans","floor":1},{"not_picked":["Infinite Blades","Dagger Throw"],"picked":"PiercingWail","floor":3},{"not_picked":["Prepared","Heel Hook"],"picked":"Cloak And Dagger","floor":5},{"not_picked":["Deflect","Bane"],"picked":"Dagger Throw","floor":6},{"not_picked":["Glass Knife","Endless Agony"],"picked":"Noxious Fumes","floor":7},{"not_picked":["Quick Slash","Blade Dance"],"picked":"Footwork","floor":10},{"not_picked":["Bouncing Flask","Poisoned Stab"],"picked":"Deflect","floor":13},{"not_picked":["Unload","Bullet Time"],"picked":"Malaise","floor":16},{"not_picked":["Riddle With Holes+1","Deflect"],"picked":"Distraction+1","floor":18},{"not_picked":["Slice","Quick Slash"],"picked":"Dash","floor":19},{"not_picked":["Deadly Poison","Deflect"],"picked":"Cloak And Dagger","floor":20},{"not_picked":["Tactician","Dash"],"picked":"Escape Plan","floor":22},{"not_picked":["Prepared","Underhanded Strike"],"picked":"Deflect+1","floor":24}],"player_experience":115806,"relics_obtained":[{"floor":7,"key":"Mango"},{"floor":9,"key":"Torii"},{"floor":21,"key":"Anchor"},{"floor":24,"key":"Question Card"},{"floor":24,"key":"Happy Flower"},{"floor":25,"key":"Tough Bandages"},{"floor":25,"key":"Sundial"},{"floor":26,"key":"War Paint"}],"event_choices":[{"damage_healed":0,"gold_gain":0,"player_choice":"Entered Light","damage_taken":17,"max_hp_gain":0,"max_hp_loss":0,"event_name":"Shining Light","floor":11,"gold_loss":0,"cards_upgraded":["Strike_G","Defend_G"]},{"damage_healed":0,"gold_gain":75,"player_choice":"Gather Gold","damage_taken":11,"max_hp_gain":0,"max_hp_loss":0,"event_name":"World of Goop","floor":12,"gold_loss":0},{"damage_healed":0,"gold_gain":100,"player_choice":"Pray","damage_taken":0,"max_hp_gain":0,"max_hp_loss":0,"event_name":"Golden Shrine","floor":14,"gold_loss":0},{"damage_healed":0,"gold_gain":0,"player_choice":"Fight","damage_taken":0,"max_hp_gain":0,"max_hp_loss":0,"event_name":"Colosseum","floor":25,"gold_loss":0},{"damage_healed":0,"gold_gain":0,"player_choice":"Fought Nobs","damage_taken":0,"max_hp_gain":0,"max_hp_loss":0,"event_name":"Colosseum","floor":25,"gold_loss":0}],"is_beta":false,"boss_relics":[{"not_picked":["Cursed Key","White Beast Statue"],"picked":"Black Star"}],"items_purged_floors":[],"is_endless":false,"potions_floor_spawned":[1,6,10,18,20,22,24],"killed_by":"Gremlin Leader","ascension_level":0}