{"gold_per_floor":[109,109,109,119,134,134,161,161,161,161,186,186,203,230,230,230],"floor_reached":16,"playtime":815,"items_purged":[],"score":216,"play_id":"512b9738-e17a-409a-aee9-2abf85e9c16a","local_time":"20181111202053","is_ascension_mode":true,"campfire_choices":[{"data":"Clothesline","floor":6,"key":"SMITH"},{"floor":10,"key":"REST"},{"data":"Havoc","floor":12,"key":"SMITH"},{"data":"Dark Embrace","floor":15,"key":"SMITH"}],"neow_cost":"PERCENT_DAMAGE","seed_source_timestamp":1254014547341745,"circlet_count":0,"master_deck":["AscendersBane","Strike_R","Strike_R","Strike_R","Strike_R","Strike_R","Defend_R","Defend_R","Defend_R","Defend_R","Bash+1","Twin Strike","Clothesline+1","Spot Weakness","Reaper","Havoc+1","Armaments","Dark Embrace+1"],"relics":["Burning Blood","Dodecahedron","Oddly Smooth Stone","Bottled Lightning","Odd Mushroom"],"potions_floor_usage":[14],"damage_taken":[{"damage":6,"enemies":"Cultist","floor":1,"turns":3},{"damage":7,"enemies":"2 Louse","floor":4,"turns":3},{"damage":8,"enemies":"Small Slimes","floor":5,"turns":4},{"damage":35,"enemies":"Lagavulin","floor":7,"turns":5},{"damage":46,"enemies":"3 Sentries","floor":11,"turns":8},{"damage":11,"enemies":"Red Slaver","floor":13,"turns":3},{"damage":25,"enemies":"The Mushroom Lair","floor":14,"turns":5},{"damage":32,"enemies":"Hexaghost","floor":16,"turns":8}],"seed_played":"-1785503488760086870","potions_obtained":[{"floor":11,"key":"SteroidPotion"},{"floor":13,"key":"Weak Potion"},{"floor":14,"key":"Weak Potion"}],"is_trial":false,"path_per_floor":["M","?","?","M","M","R","E","?","T","R","E","R","M","?","R","B"],"character_chosen":"IRONCLAD","items_purchased":[],"campfire_rested":1,"item_purchase_floors":[],"current_hp_per_floor":[64,64,64,63,61,61,32,32,32,58,37,37,38,31,31,0],"gold":230,"neow_bonus":"TWENTY_PERCENT_HP_BONUS","is_prod":false,"is_daily":false,"chose_seed":false,"campfire_upgraded":3,"win_rate":0,"timestamp":1541985653,"path_taken":["M","?","?","M","M","R","E","?","T","R","E","R","?","?","R","BOSS"],"build_version":"2018-11-08","purchased_purges":0,"victory":false,"max_hp_per_floor":[89,89,89,89,89,89,89,89,89,89,89,89,89,89,89,89],"card_choices":[{"not_picked":["Body Slam","Entrench"],"picked":"Twin Strike","floor":1},{"not_picked":["Sword Boomerang","Anger"],"picked":"Clothesline","floor":4},{"not_picked":["Dual Wield","Reckless Charge"],"picked":"Spot Weakness","floor":5},{"not_picked":["Sentinel","Dropkick"],"picked":"Reaper","floor":7},{"not_picked":["Body Slam","Thunderclap"],"picked":"Havoc","floor":11},{"not_picked":["Sword Boomerang","Twin Strike"],"picked":"Armaments","floor":13},{"not_picked":["Heavy Blade","Spot Weakness"],"picked":"Dark Embrace","floor":14}],"player_experience":945467,"relics_obtained":[{"floor":7,"key":"Dodecahedron"},{"floor":9,"key":"Oddly Smooth Stone"},{"floor":11,"key":"Bottled Lightning"},{"floor":14,"key":"Odd Mushroom"}],"event_choices":[{"damage_healed":0,"gold_gain":0,"player_choice":"Ignored","damage_taken":0,"max_hp_gain":0,"max_hp_loss":0,"event_name":"Liars Game","floor":2,"gold_loss":0},{"damage_healed":0,"gold_gain":0,"player_choice":"Grow","damage_taken":0,"max_hp_gain":0,"max_hp_loss":0,"event_name":"Living Wall","floor":3,"gold_loss":0,"cards_upgraded":["Bash"]},{"damage_healed":0,"gold_gain":0,"player_choice":"0 cards matched","damage_taken":0,"max_hp_gain":0,"max_hp_loss":0,"event_name":"Match and Keep!","floor":8,"gold_loss":0,"cards_obtained":[]},{"damage_healed":0,"gold_gain":0,"player_choice":"Fought Mushrooms","damage_taken":0,"max_hp_gain":0,"max_hp_loss":0,"event_name":"Mushrooms","floor":14,"gold_loss":0}],"is_beta":true,"boss_relics":[],"items_purged_floors":[],"is_endless":false,"potions_floor_spawned":[11,13,14],"killed_by":"Hexaghost","ascension_level":20}