{"gold_per_floor":[110,110,110,130,145,145,145,145,145,171,64,93,93,107,107,209,209,220,270,288,353,44,79,79,79],"floor_reached":25,"playtime":919,"items_purged":[],"score":229,"play_id":"d285d36a-c69c-45a7-83f8-88a06c9ce638","local_time":"20190408112715","is_ascension_mode":false,"campfire_choices":[{"data":"Zap","floor":6,"key":"SMITH"},{"data":"FTL","floor":8,"key":"SMITH"},{"data":"Sweeping Beam","floor":13,"key":"SMITH"},{"floor":15,"key":"REST"},{"data":"Creative AI","floor":24,"key":"SMITH"}],"neow_cost":"NONE","seed_source_timestamp":1388328568435300,"circlet_count":0,"master_deck":["Strike_B","Strike_B","Strike_B","Defend_B","Defend_B","Defend_B","Defend_B","Zap+1","Dualcast","Ball Lightning","Storm","FTL+1","Redo","Sweeping Beam+1","Beam Cell","Barrage","Creative AI+1","Undo","All For One","Genetic Algorithm","Streamline","Coolheaded","Steam"],"relics":["Cracked Core","SsserpentHead","Bird Faced Urn","Bronze Scales","Blood Vial","Lantern","Velvet Choker","Blue Candle","Bottled Tornado","Happy Flower"],"potions_floor_usage":[23,24],"damage_taken":[{"damage":1,"enemies":"Jaw Worm","floor":1,"turns":3},{"damage":6,"enemies":"Cultist","floor":4,"turns":3},{"damage":11,"enemies":"2 Louse","floor":5,"turns":3},{"damage":21,"enemies":"Lagavulin","floor":10,"turns":5},{"damage":17,"enemies":"3 Sentries","floor":12,"turns":5},{"damage":1,"enemies":"Exordium Thugs","floor":14,"turns":3},{"damage":13,"enemies":"Slime Boss","floor":16,"turns":6},{"damage":5,"enemies":"Spheric Guardian","floor":18,"turns":3},{"damage":0,"enemies":"Chosen","floor":20,"turns":3},{"damage":25,"enemies":"3 Cultists","floor":21,"turns":4},{"damage":60,"enemies":"Gremlin Leader","floor":23,"turns":6},{"damage":39,"enemies":"Snake Plant","floor":25,"turns":2}],"seed_played":"-4725504482111592600","potions_obtained":[{"floor":14,"key":"Ancient Potion"},{"floor":18,"key":"Regen Potion"},{"floor":23,"key":"Fruit Juice"}],"is_trial":false,"path_per_floor":["M","?","?","M","M","R","?","R","T","E","$","E","R","M","R","B",null,"M","?","M","M","$","E","R","M"],"character_chosen":"DEFECT","items_purchased":["Blood Vial","Streamline","Coolheaded","Bottled Tornado"],"campfire_rested":1,"item_purchase_floors":[11,22,22,22],"current_hp_per_floor":[81,81,81,75,64,64,64,64,64,45,45,32,32,35,59,50,82,79,79,81,61,61,24,29,0],"gold":79,"neow_bonus":"TEN_PERCENT_HP_BONUS","is_prod":false,"is_daily":false,"chose_seed":false,"campfire_upgraded":4,"win_rate":0.0,"timestamp":1554737235,"path_taken":["M","?","?","?","M","R","?","R","T","E","?","E","R","M","R","BOSS","M","?","M","?","$","E","R","M"],"build_version":"2019-01-23","purchased_purges":0,"victory":false,"max_hp_per_floor":[82,82,82,82,82,82,82,82,82,82,82,82,82,82,82,82,82,82,82,82,82,82,82,87,87],"card_choices":[{"not_picked":["Compile Driver","Turbo"],"picked":"Ball Lightning","floor":1},{"not_picked":["Lockon","Chill"],"picked":"FTL","floor":4},{"not_picked":["Aggregate","Turbo"],"picked":"Redo","floor":5},{"not_picked":["Barrage","Beam Cell"],"picked":"Sweeping Beam","floor":10},{"not_picked":["Ball Lightning","Coolheaded"],"picked":"Beam Cell","floor":12},{"not_picked":["Reprogram","Heatsinks"],"picked":"Barrage","floor":14},{"not_picked":["Hyperbeam","Amplify"],"picked":"Creative AI","floor":16},{"not_picked":["Leap","Sweeping Beam"],"picked":"Undo","floor":18},{"not_picked":["Gash","Ball Lightning+1"],"picked":"All For One","floor":20},{"not_picked":["Hologram","Coolheaded"],"picked":"Genetic Algorithm","floor":21},{"not_picked":["Auto Shields","Defragment"],"picked":"Steam","floor":23}],"player_experience":79471,"relics_obtained":[{"floor":9,"key":"Bird Faced Urn"},{"floor":10,"key":"Bronze Scales"},{"floor":12,"key":"Lantern"},{"floor":19,"key":"Blue Candle"},{"floor":23,"key":"Happy Flower"}],"event_choices":[{"damage_healed":0,"gold_gain":0,"player_choice":"Leave","damage_taken":0,"max_hp_gain":0,"max_hp_loss":0,"event_name":"The Cleric","floor":2,"gold_loss":0},{"damage_healed":0,"gold_gain":0,"cards_transformed":["Strike_B"],"player_choice":"Transformed","damage_taken":0,"max_hp_gain":0,"max_hp_loss":0,"event_name":"Transmorgrifier","floor":3,"gold_loss":0,"cards_obtained":["Storm"]},{"damage_healed":0,"gold_gain":0,"player_choice":"Trade","damage_taken":0,"relics_obtained":["SsserpentHead"],"max_hp_gain":0,"max_hp_loss":0,"event_name":"FaceTrader","floor":7,"gold_loss":0},{"damage_healed":0,"gold_gain":0,"player_choice":"Relic","damage_taken":0,"max_hp_gain":0,"max_hp_loss":0,"event_name":"Wheel of Change","floor":19,"gold_loss":0}],"is_beta":false,"boss_relics":[{"not_picked":["Fusion Hammer","Cursed Key"],"picked":"Velvet Choker"}],"items_purged_floors":[],"is_endless":false,"potions_floor_spawned":[14,18,23],"killed_by":"Snake Plant","ascension_level":0}