{"gold_per_floor":[115,115,130,156,166,166,191,191,241,88,106,106,6,37,37,142,142,162,182,57,57,76,76,93,93,117,117,71,71,71,81,81,81],"floor_reached":33,"playtime":934,"items_purged":["Strike_R","Strike_R","Defend_R"],"score":291,"play_id":"ef00c458-882b-48d4-ad9e-8cd5c1907866","local_time":"20190515112339","is_ascension_mode":true,"campfire_choices":[{"data":"Rampage","floor":6.0,"key":"SMITH"},{"data":"Flame Barrier","floor":8.0,"key":"SMITH"},{"data":"True Grit","floor":12.0,"key":"SMITH"},{"data":"Evolve","floor":15,"key":"SMITH"},{"floor":23,"key":"REST"},{"floor":29,"key":"REST"},{"data":"Shrug It Off","floor":32,"key":"SMITH"}],"neow_cost":"TEN_PERCENT_HP_LOSS","seed_source_timestamp":437810045686250,"circlet_count":0,"master_deck":["Strike_R+1","Strike_R+1","Defend_R","Defend_R+1","Bash+1","Feel No Pain","Rampage+1","Flame Barrier+1","Evolve+1","True Grit+1","Headbutt","Shrug It Off+1"],"special_seed":0,"relics":["Burning Blood","Art of War","Potion Belt","Boot","Whetstone","Busted Crown","PreservedInsect","MutagenicStrength"],"potions_floor_usage":[33,33],"damage_taken":[{"damage":11.0,"enemies":"Small Slimes","floor":1.0,"turns":5.0},{"damage":2.0,"enemies":"Jaw Worm","floor":3.0,"turns":3.0},{"damage":0.0,"enemies":"Cultist","floor":5.0,"turns":3.0},{"damage":20.0,"enemies":"3 Sentries","floor":7.0,"turns":10.0},{"damage":0.0,"enemies":"Lots of Slimes","floor":11.0,"turns":1.0},{"damage":26,"enemies":"Gremlin Nob","floor":14,"turns":5},{"damage":15,"enemies":"Slime Boss","floor":16,"turns":7},{"damage":11,"enemies":"2 Thieves","floor":18,"turns":5},{"damage":24,"enemies":"Shell Parasite","floor":19,"turns":6},{"damage":16,"enemies":"Centurion and Healer","floor":22,"turns":7},{"damage":38,"enemies":"Sentry and Sphere","floor":24,"turns":6},{"damage":0,"enemies":"Snecko","floor":31,"turns":6},{"damage":51,"enemies":"Collector","floor":33,"turns":7}],"seed_played":"-7331979301224187403","potions_obtained":[{"floor":1.0,"key":"Explosive Potion"},{"floor":3.0,"key":"SteroidPotion"},{"floor":7.0,"key":"Poison Potion"},{"floor":19,"key":"Ancient Potion"},{"floor":22,"key":"LiquidBronze"}],"is_trial":false,"path_per_floor":["M","?","M","T","M","R","E","R","T","$","M","R","$","E","R","B",null,"M","M","$","?","M","R","M","$","T","?","$","R","?","M","R","B"],"character_chosen":"IRONCLAD","items_purchased":["Evolve","Shrug It Off"],"campfire_rested":2,"item_purchase_floors":[10,28],"current_hp_per_floor":[67,53,57,57,63,63,49,49,49,49,55,55,55,35,35,26,72,67,49,49,35,25,46,14,14,14,14,14,35,35,41,41,0],"gold":81,"neow_bonus":"REMOVE_TWO","is_prod":false,"is_daily":false,"chose_seed":false,"campfire_upgraded":5,"win_rate":0,"timestamp":1557912219,"path_taken":["M","?","M","?","?","R","E","R","T","?","M","R","$","E","R","BOSS","M","M","$","?","?","R","M","$","T","?","?","R","?","M","R","BOSS"],"build_version":"2019-01-23","purchased_purges":3,"victory":false,"max_hp_per_floor":[72,72,72,72,72,72,72,72,72,72,72,72,72,72,72,72,72,72,72,72,72,72,72,72,72,72,72,72,72,72,72,72,72],"card_choices":[{"not_picked":["Spot Weakness","Disarm"],"picked":"Feel No Pain","floor":1.0},{"not_picked":["Sword Boomerang","Clothesline"],"picked":"Rampage","floor":3.0},{"not_picked":["Iron Wave","Havoc","Whirlwind"],"picked":"SKIP","floor":5.0},{"not_picked":["Iron Wave","Havoc","Whirlwind"],"picked":"SKIP","floor":5.0},{"not_picked":["Cleave","Battle Trance"],"picked":"Flame Barrier","floor":7.0},{"not_picked":["Warcry","Pommel Strike"],"picked":"True Grit","floor":11.0},{"not_picked":["Reaper","Warcry","Demon Form"],"picked":"SKIP","floor":14},{"not_picked":[],"picked":"Headbutt","floor":18},{"not_picked":["Perfected Strike"],"picked":"SKIP","floor":19},{"not_picked":["Sever Soul+1"],"picked":"SKIP","floor":22},{"not_picked":["Warcry"],"picked":"SKIP","floor":24},{"not_picked":["Twin Strike"],"picked":"SKIP","floor":31}],"player_experience":52045,"relics_obtained":[{"floor":4.0,"key":"Art of War"},{"floor":7.0,"key":"Potion Belt"},{"floor":9.0,"key":"Boot"},{"floor":14,"key":"Whetstone"},{"floor":26,"key":"PreservedInsect"}],"event_choices":[{"damage_healed":0.0,"max_hp_gain":0.0,"max_hp_loss":0.0,"gold_gain":0.0,"event_name":"Shining Light","player_choice":"Entered Light","floor":2.0,"gold_loss":0.0,"damage_taken":14.0,"cards_upgraded":["Strike_R","Defend_R"]},{"damage_healed":0,"gold_gain":0,"player_choice":"POTION ","damage_taken":14,"max_hp_gain":0,"max_hp_loss":0,"event_name":"Knowing Skull","floor":21,"potions_obtained":["Poison Potion"],"gold_loss":0,"cards_obtained":[]},{"damage_healed":0,"gold_gain":0,"player_choice":"Inject Mutagens","damage_taken":0,"relics_obtained":["MutagenicStrength"],"max_hp_gain":0,"max_hp_loss":0,"event_name":"Drug Dealer","floor":27,"gold_loss":0},{"damage_healed":0,"gold_gain":0,"player_choice":"Ignored","damage_taken":0,"max_hp_gain":0,"max_hp_loss":0,"event_name":"Beggar","floor":30,"gold_loss":0}],"is_beta":false,"boss_relics":[{"not_picked":["Runic Dome","Astrolabe"],"picked":"Busted Crown"}],"items_purged_floors":[10,13,20],"is_endless":false,"potions_floor_spawned":[1,3,7,19,22],"killed_by":"Collector","ascension_level":3}