{"gold_per_floor":[119,119,139,24,38,38,70,89,89,89,89,14,33,33,33,110,160,144,144,154,253,253],"floor_reached":22,"playtime":827,"items_purged":["Strike_R"],"score":338,"play_id":"378a52ad-b67d-4c86-9df1-408a25dee05d","local_time":"20190408213127","is_ascension_mode":true,"campfire_choices":[{"data":"Spot Weakness","floor":6,"key":"SMITH"},{"data":"Spot Weakness","floor":10,"key":"SMITH"},{"floor":15,"key":"REST"}],"neow_cost":"PERCENT_DAMAGE","seed_source_timestamp":639157560794436,"circlet_count":0,"master_deck":["AscendersBane","Strike_R","Strike_R+1","Strike_R","Defend_R","Defend_R","Defend_R","Defend_R+1","Bash","Iron Wave","Intimidate","Cleave","Pommel Strike","Spot Weakness+1","Inflame","Heavy Blade","Spot Weakness+1","Shrug It Off","Shrug It Off","Feed+1","Armaments+1","Shockwave","Limit Break","Shrug It Off+1"],"relics":["Burning Blood","Prayer Wheel","Strawberry","Omamori","Tiny House"],"potions_floor_usage":[7,18],"damage_taken":[{"damage":9,"enemies":"Small Slimes","floor":1,"turns":4},{"damage":1,"enemies":"Cultist","floor":3,"turns":3},{"damage":9,"enemies":"Jaw Worm","floor":5,"turns":4},{"damage":25,"enemies":"Lagavulin","floor":7,"turns":6},{"damage":0,"enemies":"2 Fungi Beasts","floor":8,"turns":4},{"damage":5,"enemies":"Exordium Wildlife","floor":13,"turns":4},{"damage":51,"enemies":"The Guardian","floor":16,"turns":11},{"damage":16,"enemies":"2 Thieves","floor":18,"turns":4},{"damage":37,"enemies":"3 Byrds","floor":20,"turns":7},{"damage":38,"enemies":"Snake Plant","floor":22,"turns":4}],"seed_played":"-5081356260481704199","potions_obtained":[{"floor":3,"key":"Poison Potion"},{"floor":13,"key":"Block Potion"},{"floor":17,"key":"Dexterity Potion"}],"is_trial":false,"path_per_floor":["M","?","M","$","M","R","E","M","T","R","?","$","M","$","R","B",null,"M","?","M","?","M"],"character_chosen":"IRONCLAD","items_purchased":["Spot Weakness","Inflame"],"campfire_rested":1,"item_purchase_floors":[4,4],"current_hp_per_floor":[47,47,52,52,49,49,37,43,43,43,27,27,28,28,52,7,68,62,62,35,35,0],"gold":253,"neow_bonus":"ONE_RARE_RELIC","is_prod":false,"is_daily":false,"chose_seed":false,"campfire_upgraded":2,"win_rate":0,"timestamp":1554769887,"path_taken":["M","?","M","?","?","R","E","M","T","R","?","$","M","$","R","BOSS","M","?","M","?","M"],"build_version":"2019-01-23","purchased_purges":1,"victory":false,"max_hp_per_floor":[75,75,75,75,75,75,82,82,82,82,82,82,82,82,82,82,87,91,91,95,95,95],"card_choices":[{"not_picked":["Thunderclap","Wild Strike"],"picked":"Iron Wave","floor":1},{"not_picked":["Evolve","Bloodletting"],"picked":"Intimidate","floor":1},{"not_picked":["Rage","Sword Boomerang"],"picked":"Cleave","floor":3},{"not_picked":["Whirlwind","Corruption"],"picked":"Pommel Strike","floor":3},{"not_picked":["Disarm","Twin Strike"],"picked":"Heavy Blade","floor":5},{"not_picked":["Dark Embrace","Perfected Strike","Havoc"],"picked":"SKIP","floor":5},{"not_picked":["Havoc","Clash","Cleave"],"picked":"SKIP","floor":7},{"not_picked":["Armaments","True Grit"],"picked":"Spot Weakness","floor":8},{"not_picked":["Heavy Blade","Burning Pact"],"picked":"Shrug It Off","floor":8},{"not_picked":["Body Slam","Uppercut"],"picked":"Shrug It Off","floor":13},{"not_picked":["Perfected Strike","Entrench","Cleave"],"picked":"SKIP","floor":13},{"not_picked":["Immolate","Dark Embrace"],"picked":"Feed","floor":16},{"not_picked":["Thunderclap","Pommel Strike"],"picked":"Armaments+1","floor":18},{"not_picked":["Headbutt","Dropkick+1"],"picked":"Shockwave","floor":18},{"not_picked":["Iron Wave","Flex+1"],"picked":"Shrug It Off+1","floor":20},{"not_picked":["Power Through","Ghostly Armor","Spot Weakness"],"picked":"SKIP","floor":20}],"player_experience":1050993,"relics_obtained":[{"floor":7,"key":"Strawberry"},{"floor":9,"key":"Omamori"}],"event_choices":[{"cards_removed":["Strike_R"],"damage_healed":0,"gold_gain":0,"player_choice":"Purged","damage_taken":0,"max_hp_gain":0,"max_hp_loss":0,"event_name":"Purifier","floor":2,"gold_loss":0},{"damage_healed":0,"gold_gain":0,"player_choice":"Entered Light","damage_taken":16,"max_hp_gain":0,"max_hp_loss":0,"event_name":"Shining Light","floor":11,"gold_loss":0,"cards_upgraded":["Strike_R","Defend_R"]},{"damage_healed":0,"gold_gain":0,"player_choice":"Read","damage_taken":0,"max_hp_gain":0,"max_hp_loss":0,"event_name":"The Library","floor":19,"gold_loss":0,"cards_obtained":["Limit Break"]},{"damage_healed":0,"gold_gain":99,"player_choice":"Stole From Cult","damage_taken":0,"max_hp_gain":0,"max_hp_loss":0,"event_name":"Nest","floor":21,"gold_loss":0}],"is_beta":false,"boss_relics":[{"not_picked":["Empty Cage","Ectoplasm"],"picked":"Tiny House"}],"items_purged_floors":[12],"is_endless":false,"potions_floor_spawned":[3,13],"killed_by":"Snake Plant","ascension_level":14}