{"gold_per_floor":[110,110,185,71,83,83,111,131,131,166,166,185,211,226,226,300,300,310,330,347,397,135,135,152,152,230,246,246,246,280,0,0,75,75,91,7,107,29,43,43,58,58,109,22,48,48,48,63,63,63],"floor_reached":50,"playtime":2245,"items_purged":["Strike_R","Strike_R"],"score":1016,"play_id":"375297bb-3ec6-47e1-9281-a6065b3ac65f","local_time":"20190306175843","is_ascension_mode":true,"campfire_choices":[{"data":"Inflame","floor":6,"key":"SMITH"},{"floor":11,"key":"REST"},{"data":"Perfected Strike","floor":15,"key":"SMITH"},{"floor":23,"key":"DIG"},{"floor":28,"key":"REST"},{"floor":32,"key":"DIG"},{"floor":40,"key":"DIG"},{"floor":42,"key":"DIG"},{"floor":49,"key":"REST"}],"neow_cost":"TEN_PERCENT_HP_LOSS","seed_source_timestamp":577654994584837,"circlet_count":0,"master_deck":["AscendersBane","Strike_R+1","Strike_R","Strike_R+1","Defend_R","Defend_R","Defend_R","Defend_R","Bash","Headbutt","Inflame+1","Perfected Strike+1","Twin Strike","Twin Strike","Evolve","Pommel Strike","Impervious","Power Through","Battle Trance","True Grit","Shrug It Off","Burning Pact","Whirlwind","Offering","Shrug It Off+1","Heavy Blade","Shrug It Off","Flex","Perfected Strike+1","Armaments","Heavy Blade+1","Madness","Madness","Twin Strike+1"],"relics":["Burning Blood","Shovel","Self Forming Clay","Bronze Scales","Blood Vial","Potion Belt","Fusion Hammer","Red Skull","Bag of Marbles","Mercury Hourglass","PreservedInsect","OrangePellets","Whetstone","Runic Pyramid","Regal Pillow","Anchor","Art of War","Question Card","Charon\u0027s Ashes"],"potions_floor_usage":[7,10,16,33,33,33,41,45,50,50,50],"damage_taken":[{"damage":9,"enemies":"2 Louse","floor":1,"turns":3},{"damage":11,"enemies":"Jaw Worm","floor":5,"turns":5},{"damage":37,"enemies":"Gremlin Nob","floor":7,"turns":4},{"damage":0,"enemies":"Small Slimes","floor":8,"turns":2},{"damage":15,"enemies":"Lagavulin","floor":10,"turns":5},{"damage":7,"enemies":"3 Louse","floor":12,"turns":2},{"damage":18,"enemies":"3 Sentries","floor":13,"turns":7},{"damage":14,"enemies":"Exordium Thugs","floor":14,"turns":3},{"damage":21,"enemies":"The Guardian","floor":16,"turns":9},{"damage":0,"enemies":"Chosen","floor":18,"turns":3},{"damage":12,"enemies":"Shell Parasite","floor":19,"turns":4},{"damage":32,"enemies":"Snecko","floor":20,"turns":6},{"damage":18,"enemies":"Snake Plant","floor":24,"turns":3},{"damage":13,"enemies":"Shelled Parasite and Fungi","floor":27,"turns":5},{"damage":22,"enemies":"Slavers","floor":30,"turns":4},{"damage":63,"enemies":"Champ","floor":33,"turns":12},{"damage":15,"enemies":"3 Shapes","floor":35,"turns":6},{"damage":0,"enemies":"Mind Bloom Boss Battle","floor":37,"turns":10},{"damage":6,"enemies":"Orb Walker","floor":39,"turns":5},{"damage":11,"enemies":"Spire Growth","floor":41,"turns":4},{"damage":10,"enemies":"Reptomancer","floor":45,"turns":6},{"damage":0,"enemies":"4 Shapes","floor":48,"turns":4},{"damage":92,"enemies":"Time Eater","floor":50,"turns":8}],"seed_played":"1576050354416459145","potions_obtained":[{"floor":5,"key":"SkillPotion"},{"floor":8,"key":"Block Potion"},{"floor":14,"key":"PowerPotion"},{"floor":18,"key":"LiquidBronze"},{"floor":25,"key":"FairyPotion"},{"floor":25,"key":"Poison Potion"},{"floor":33,"key":"Ancient Potion"},{"floor":35,"key":"FearPotion"},{"floor":41,"key":"SkillPotion"},{"floor":48,"key":"AttackPotion"}],"is_trial":false,"path_per_floor":["M","?","?","$","M","R","E","M","T","E","R","M","E","M","R","B",null,"M","M","M","?","$","R","M","?","T","M","R","?","E","$","R","B",null,"M","$","?","$","M","R","M","R","T","?","E","$","?","M","R","B"],"character_chosen":"IRONCLAD","items_purchased":["Inflame","Red Skull","SteroidPotion","OrangePellets","Regen Potion","Shrug It Off","Flex"],"campfire_rested":3,"item_purchase_floors":[4,22,31,31,36,38,38],"current_hp_per_floor":[65,70,59,59,54,54,23,29,29,20,41,42,32,26,26,13,58,66,62,38,38,38,38,28,28,28,23,44,59,45,45,45,13,58,51,51,59,59,61,61,58,58,58,58,56,56,43,51,73,0],"gold":63,"neow_bonus":"ONE_RARE_RELIC","is_prod":false,"is_daily":false,"chose_seed":false,"campfire_upgraded":2,"win_rate":0,"timestamp":1551895123,"path_taken":["M","?","?","$","M","R","E","M","T","E","R","M","E","M","R","BOSS","M","M","M","?","$","R","M","?","T","?","R","?","E","$","R","BOSS","M","$","?","?","M","R","?","R","T","?","E","?","?","M","R","BOSS"],"build_version":"2019-02-06","purchased_purges":2,"victory":false,"max_hp_per_floor":[68,73,73,73,73,73,73,73,73,73,73,73,73,73,73,73,73,73,73,73,73,73,73,73,73,73,73,73,73,73,73,73,73,73,73,73,73,73,73,73,73,73,73,73,73,73,73,73,73,73],"card_choices":[{"not_picked":["Wild Strike","Sword Boomerang"],"picked":"Headbutt","floor":1},{"not_picked":["Rupture","Second Wind"],"picked":"Perfected Strike","floor":5},{"not_picked":["Thunderclap","Rupture"],"picked":"Twin Strike","floor":7},{"not_picked":["Whirlwind","Wild Strike"],"picked":"Twin Strike","floor":8},{"not_picked":["Rampage","Rupture","Clash"],"picked":"SKIP","floor":10},{"not_picked":["Clash","Havoc"],"picked":"Evolve","floor":12},{"not_picked":["Double Tap","Ghostly Armor"],"picked":"Pommel Strike","floor":13},{"not_picked":["Clash","Heavy Blade","Thunderclap"],"picked":"SKIP","floor":14},{"not_picked":["Fiend Fire","Brutality"],"picked":"Impervious","floor":16},{"not_picked":["Cleave","Evolve"],"picked":"Power Through","floor":18},{"not_picked":["Perfected Strike","Warcry+1"],"picked":"Battle Trance","floor":19},{"not_picked":["Clash","Reckless Charge+1"],"picked":"True Grit","floor":20},{"not_picked":["Evolve","Second Wind"],"picked":"Shrug It Off","floor":24},{"not_picked":["Flex","Clash"],"picked":"Burning Pact","floor":27},{"not_picked":["Feed","Searing Blow"],"picked":"Whirlwind","floor":30},{"not_picked":["Fiend Fire","Double Tap"],"picked":"Offering","floor":33},{"not_picked":["Rampage","Thunderclap"],"picked":"Shrug It Off+1","floor":35},{"not_picked":["Anger","Havoc"],"picked":"Heavy Blade","floor":37},{"not_picked":["Pommel Strike","Rampage"],"picked":"Perfected Strike+1","floor":39},{"not_picked":["Intimidate","Perfected Strike"],"picked":"Armaments","floor":41},{"not_picked":["Iron Wave","Uppercut","Battle Trance"],"picked":"Heavy Blade+1","floor":45},{"not_picked":["Cleave","Body Slam","Juggernaut"],"picked":"Twin Strike+1","floor":48}],"player_experience":1035923,"relics_obtained":[{"floor":7,"key":"Self Forming Clay"},{"floor":9,"key":"Bronze Scales"},{"floor":10,"key":"Blood Vial"},{"floor":13,"key":"Potion Belt"},{"floor":23,"key":"Bag of Marbles"},{"floor":26,"key":"Mercury Hourglass"},{"floor":30,"key":"PreservedInsect"},{"floor":32,"key":"Whetstone"},{"floor":40,"key":"Regal Pillow"},{"floor":42,"key":"Anchor"},{"floor":43,"key":"Art of War"},{"floor":45,"key":"Charon\u0027s Ashes"}],"event_choices":[{"damage_healed":0,"gold_gain":0,"player_choice":"Donut","damage_taken":0,"max_hp_gain":5,"max_hp_loss":0,"event_name":"Big Fish","floor":2,"gold_loss":0},{"damage_healed":0,"gold_gain":75,"player_choice":"Gather Gold","damage_taken":11,"max_hp_gain":0,"max_hp_loss":0,"event_name":"World of Goop","floor":3,"gold_loss":0},{"damage_healed":0,"gold_gain":50,"player_choice":"Stole From Cult","damage_taken":0,"max_hp_gain":0,"max_hp_loss":0,"event_name":"Nest","floor":21,"gold_loss":0},{"damage_healed":0,"gold_gain":0,"player_choice":"Got Potions","damage_taken":0,"max_hp_gain":0,"max_hp_loss":0,"event_name":"Lab","floor":25,"gold_loss":0},{"damage_healed":15,"gold_gain":0,"player_choice":"Heal","damage_taken":0,"max_hp_gain":0,"max_hp_loss":0,"event_name":"The Library","floor":29,"gold_loss":0},{"damage_healed":0,"gold_gain":0,"player_choice":"Fight","damage_taken":0,"max_hp_gain":0,"max_hp_loss":0,"event_name":"MindBloom","floor":37,"gold_loss":0},{"damage_healed":0,"gold_gain":0,"player_choice":"Paid Gold","damage_taken":0,"relics_obtained":["Question Card"],"max_hp_gain":0,"max_hp_loss":0,"event_name":"WeMeetAgain","floor":44,"gold_loss":87},{"damage_healed":0,"gold_gain":0,"player_choice":"Embrace Madness","damage_taken":13,"max_hp_gain":0,"max_hp_loss":0,"event_name":"Winding Halls","floor":47,"gold_loss":0,"cards_obtained":["Madness","Madness"]}],"is_beta":true,"boss_relics":[{"not_picked":["Lizard Tail","White Beast Statue"],"picked":"Fusion Hammer"},{"not_picked":["Velvet Choker","Runic Cube"],"picked":"Runic Pyramid"}],"items_purged_floors":[4,22],"is_endless":false,"potions_floor_spawned":[5,8,14,18,33,35,41,48],"killed_by":"Time Eater","ascension_level":20}