{"gold_per_floor":[113,288,288,388,402,443,443,467,467,467,92,128,47,70,70,193,193,218,218,82,97,97,97,117,117,117,117,48,48],"floor_reached":29,"playtime":673,"items_purged":["Doubt","Normality"],"score":368,"play_id":"4f210399-faf8-4fec-b2b4-6ca6c2a85053","local_time":"20190219230233","is_ascension_mode":true,"campfire_choices":[{"data":"Genetic Algorithm","floor":7,"key":"SMITH"},{"data":"Electrodynamics","floor":10,"key":"SMITH"},{"data":"Static Discharge","floor":15,"key":"SMITH"},{"floor":23,"key":"REST"},{"floor":25,"key":"REST"}],"neow_cost":"NONE","seed_source_timestamp":465787330441432,"circlet_count":0,"master_deck":["Strike_B","Strike_B","Strike_B","Strike_B+1","Defend_B","Defend_B","Defend_B","Defend_B","Zap","Dualcast","Sunder+1","Electrodynamics+1","Genetic Algorithm+1","Ball Lightning","Darkness","Fusion","Consume","Static Discharge+1","Chill","Reboot","Clumsy","Parasite","Reinforced Body","Storm","Tempest","Loop"],"relics":["Cracked Core","NeowsBlessing","Golden Idol","Symbiotic Virus","Whetstone","Anchor","Letter Opener","Calling Bell","Bag of Marbles","Dodecahedron","Torii","MutagenicStrength","Question Card"],"potions_floor_usage":[],"damage_taken":[{"damage":0,"enemies":"2 Louse","floor":1,"turns":1},{"damage":0,"enemies":"Small Slimes","floor":5,"turns":1},{"damage":0,"enemies":"Lagavulin","floor":6,"turns":1},{"damage":5,"enemies":"Cultist","floor":8,"turns":3},{"damage":16,"enemies":"Gremlin Nob","floor":12,"turns":3},{"damage":2,"enemies":"Exordium Thugs","floor":14,"turns":2},{"damage":13,"enemies":"Slime Boss","floor":16,"turns":5},{"damage":14,"enemies":"Shell Parasite","floor":18,"turns":3},{"damage":23,"enemies":"Spheric Guardian","floor":21,"turns":4},{"damage":35,"enemies":"Shelled Parasite and Fungi","floor":24,"turns":4},{"damage":35,"enemies":"Slavers","floor":29,"turns":2}],"seed_played":"-4393814688311155835","potions_obtained":[{"floor":6,"key":"LiquidBronze"},{"floor":8,"key":"Regen Potion"},{"floor":14,"key":"Ancient Potion"}],"is_trial":false,"path_per_floor":["M","?","?","?","M","E","R","M","T","R","$","E","$","M","R","B",null,"M","?","$","M","?","R","M","R","T","?","$","E"],"character_chosen":"DEFECT","items_purchased":["Darkness","Fusion","Anchor","Static Discharge","Storm","Loop"],"campfire_rested":2,"item_purchase_floors":[11,11,11,13,20,28],"current_hp_per_floor":[68,68,68,68,68,68,68,63,63,63,63,47,47,45,45,32,60,46,46,46,23,23,43,8,28,28,28,28,0],"gold":48,"neow_bonus":"THREE_ENEMY_KILL","is_prod":false,"is_daily":false,"chose_seed":false,"campfire_upgraded":3,"win_rate":0,"timestamp":1550628153,"path_taken":["M","?","?","?","M","E","R","?","T","R","$","E","$","M","R","BOSS","M","?","$","M","?","R","M","R","T","?","$","E"],"build_version":"2019-01-23","purchased_purges":2,"victory":false,"max_hp_per_floor":[75,75,69,69,69,69,69,69,69,69,69,69,69,69,69,69,69,69,69,69,69,69,69,69,69,69,69,69,69],"card_choices":[{"not_picked":["Streamline","Gash"],"picked":"Sunder","floor":1},{"not_picked":["Streamline","Aggregate"],"picked":"Electrodynamics","floor":5},{"not_picked":["Force Field","All For One"],"picked":"Genetic Algorithm","floor":6},{"not_picked":["Steam","Force Field"],"picked":"Ball Lightning","floor":8},{"not_picked":["Electrodynamics","BootSequence"],"picked":"Consume","floor":12},{"not_picked":["Sweeping Beam","Scrape"],"picked":"Chill","floor":14},{"not_picked":["All For One","Core Surge"],"picked":"Reboot","floor":16},{"not_picked":["Beam Cell","Barrage"],"picked":"Reinforced Body","floor":18},{"not_picked":["Rebound","Skim","BootSequence"],"picked":"SKIP","floor":21},{"not_picked":["Sweeping Beam","Steam"],"picked":"Tempest","floor":24}],"player_experience":810387,"relics_obtained":[{"floor":6,"key":"Symbiotic Virus"},{"floor":9,"key":"Whetstone"},{"floor":12,"key":"Letter Opener"},{"floor":17,"key":"Bag of Marbles"},{"floor":17,"key":"Dodecahedron"},{"floor":17,"key":"Torii"},{"floor":26,"key":"Question Card"}],"event_choices":[{"damage_healed":0,"gold_gain":175,"player_choice":"AGREE","damage_taken":0,"max_hp_gain":0,"max_hp_loss":0,"event_name":"Liars Game","floor":2,"gold_loss":0,"cards_obtained":["Doubt"]},{"damage_healed":0,"gold_gain":0,"player_choice":"Lose Max HP","damage_taken":0,"relics_obtained":["Golden Idol"],"max_hp_gain":0,"max_hp_loss":6,"event_name":"Golden Idol","floor":3,"gold_loss":0},{"damage_healed":0,"gold_gain":100,"player_choice":"Gold","damage_taken":0,"max_hp_gain":0,"max_hp_loss":0,"event_name":"Wheel of Change","floor":4,"gold_loss":0},{"damage_healed":0,"gold_gain":0,"player_choice":"Ignored","damage_taken":0,"max_hp_gain":0,"max_hp_loss":0,"event_name":"Ghosts","floor":19,"gold_loss":0},{"damage_healed":0,"gold_gain":0,"player_choice":"Inject Mutagens","damage_taken":0,"relics_obtained":["MutagenicStrength"],"max_hp_gain":0,"max_hp_loss":0,"event_name":"Drug Dealer","floor":22,"gold_loss":0},{"damage_healed":0,"gold_gain":0,"player_choice":"Ignored","damage_taken":0,"max_hp_gain":0,"max_hp_loss":0,"event_name":"Vampires","floor":27,"gold_loss":0}],"is_beta":false,"boss_relics":[{"not_picked":["Runic Dome","Snecko Eye"],"picked":"Calling Bell"}],"items_purged_floors":[11,20],"is_endless":false,"potions_floor_spawned":[6,8,14,16,18,24],"killed_by":"Slavers","ascension_level":9}