{"gold_per_floor":[118,118,118,129,140,173,173,30,78,95,21,35,46,46,46,46],"floor_reached":16,"playtime":649,"items_purged":[],"score":143,"play_id":"3bcac79b-469f-41b4-9f26-b877e547b3c3","local_time":"20190121010216","is_ascension_mode":true,"campfire_choices":[{"floor":7,"key":"REST"},{"floor":15,"key":"REST"}],"neow_cost":"NONE","seed_source_timestamp":652204313474204,"circlet_count":0,"master_deck":["Strike_B","Strike_B","Strike_B","Strike_B","Defend_B+1","Defend_B","Defend_B","Defend_B","Zap","Dualcast","Biased Cognition+1","Hello World","Leap","Sweeping Beam","Scrape","Double Energy","Capacitor","Turbo+1","Defragment","Double Energy","Ball Lightning"],"relics":["Cracked Core","Strawberry"],"potions_floor_usage":[6,12,16,16],"damage_taken":[{"damage":0,"enemies":"Small Slimes","floor":1,"turns":3},{"damage":4,"enemies":"Jaw Worm","floor":4,"turns":3},{"damage":0,"enemies":"Cultist","floor":5,"turns":3},{"damage":46,"enemies":"3 Sentries","floor":6,"turns":9},{"damage":3,"enemies":"Blue Slaver","floor":10,"turns":4},{"damage":3,"enemies":"Looter","floor":12,"turns":3},{"damage":19,"enemies":"Exordium Wildlife","floor":13,"turns":4},{"damage":36,"enemies":"The Guardian","floor":16,"turns":2}],"seed_played":"-3355792222141489179","potions_obtained":[{"floor":4,"key":"Fire Potion"},{"floor":5,"key":"GamblersBrew"},{"floor":6,"key":"Strength Potion"},{"floor":12,"key":"LiquidBronze"}],"is_trial":false,"path_per_floor":["M","?","?","M","M","E","R","$","T","M","$","M","M","?","R","B"],"character_chosen":"DEFECT","items_purchased":["Double Energy","Capacitor","Defragment"],"campfire_rested":2,"item_purchase_floors":[8,8,11],"current_hp_per_floor":[68,68,68,64,64,25,49,49,49,46,46,43,24,8,32,0],"gold":46,"neow_bonus":"ONE_RANDOM_RARE_CARD","is_prod":false,"is_daily":false,"chose_seed":false,"campfire_upgraded":0,"win_rate":0,"timestamp":1548043336,"path_taken":["M","?","?","M","M","E","R","?","T","?","$","M","M","?","R","BOSS"],"build_version":"2019-01-17v2","purchased_purges":0,"victory":false,"max_hp_per_floor":[75,75,75,75,75,82,82,82,82,82,82,82,82,82,82,82],"card_choices":[{"not_picked":["Beam Cell","Redo"],"picked":"Hello World","floor":1},{"not_picked":["BootSequence","Streamline"],"picked":"Leap","floor":4},{"not_picked":["Hologram","Coolheaded"],"picked":"Sweeping Beam","floor":5},{"not_picked":["Auto Shields","Reprogram"],"picked":"Scrape","floor":6},{"not_picked":["Cold Snap","Hologram"],"picked":"Turbo","floor":10},{"not_picked":["Redo","Rebound"],"picked":"Double Energy","floor":12},{"not_picked":["Coolheaded","Rip and Tear"],"picked":"Ball Lightning","floor":13}],"player_experience":668592,"relics_obtained":[{"floor":6,"key":"Strawberry"}],"event_choices":[{"damage_healed":0,"gold_gain":0,"player_choice":"Grow","damage_taken":0,"max_hp_gain":0,"max_hp_loss":0,"event_name":"Living Wall","floor":2,"gold_loss":0,"cards_upgraded":["Biased Cognition"]},{"damage_healed":0,"gold_gain":0,"player_choice":"Ignored","damage_taken":0,"max_hp_gain":0,"max_hp_loss":0,"event_name":"Golden Wing","floor":3,"gold_loss":0},{"damage_healed":0,"gold_gain":0,"player_choice":"Entered Light","damage_taken":16,"max_hp_gain":0,"max_hp_loss":0,"event_name":"Shining Light","floor":14,"gold_loss":0,"cards_upgraded":["Turbo","Defend_B"]}],"is_beta":false,"boss_relics":[],"items_purged_floors":[],"is_endless":false,"potions_floor_spawned":[4,5,6,12],"killed_by":"The Guardian","ascension_level":8}