{"path_per_floor":["M","?","?","M","M","R","M","M","T","E","M","$","M","M","R","B",null,"M","?","?","?","M","R","E","$","T","M","?","R","$","M","R"],"character_chosen":"DEFECT","items_purchased":["Apotheosis","Mind Blast","Beam Cell"],"gold_per_floor":[118,118,118,130,141,141,151,162,162,194,205,24,40,54,54,152,152,163,163,163,163,181,181,211,114,114,129,129,129,78,97,97,97],"floor_reached":33,"campfire_rested":2,"playtime":2272,"current_hp_per_floor":[74,74,74,74,74,74,74,58,58,57,57,57,56,66,66,15,80,80,80,80,80,78,78,11,11,11,17,17,41,41,45,69,0],"items_purged":[],"gold":97,"score":269,"play_id":"d3e953b5-13c0-4fb9-955e-e92c6e09c784","local_time":"20180513023444","is_prod":false,"is_daily":false,"chose_seed":false,"is_ascension_mode":false,"campfire_upgraded":3,"timestamp":1526189684,"path_taken":["M","?","?","M","M","R","M","M","T","E","M","$","M","M","R","BOSS","M","?","?","?","M","R","E","$","T","M","?","R","?","M","R","BOSS"],"build_version":"2018-05-12v2","seed_source_timestamp":85428008995688,"purchased_purges":0,"victory":false,"master_deck":["Strike_B+1","Strike_B+1","Strike_B+1","Defend_B+1","Defend_B+1","Defend_B+1","Defend_B+1","Zap+1","Dualcast","Go for the Eyes+1","Steam+1","Self Repair","Sweeping Beam","Fusion","Genetic Algorithm+1","Turbo","Apotheosis+1","BootSequence","Storm","Biased Cognition","Go for the Eyes+1","Genetic Algorithm+1","Chill+1","FTL+1","Mind Blast","Ball Lightning+1","Zap","Beam Cell+1","Sweeping Beam+1"],"max_hp_per_floor":[75,75,75,75,75,75,75,75,75,75,75,75,75,75,75,80,80,80,80,80,80,80,80,80,80,80,80,80,80,80,80,80,80],"relics":["Cracked Core","Centennial Puzzle","Bag of Marbles","Sozu","Ornamental Fan","Blood Vial","Molten Egg 2"],"card_choices":[{"not_picked":["Rebound","White Noise"],"picked":"Go for the Eyes","floor":1},{"not_picked":["Turbo","Steam Power"],"picked":"Steam","floor":4},{"not_picked":["Skim","Stack"],"picked":"Self Repair","floor":5},{"not_picked":["Beam Cell","Rip and Tear"],"picked":"Sweeping Beam","floor":7},{"not_picked":["Hologram","Beam Cell"],"picked":"Fusion","floor":8},{"not_picked":["Turbo","Darkness"],"picked":"Genetic Algorithm","floor":10},{"not_picked":["Coolheaded","Skim"],"picked":"Turbo","floor":11},{"not_picked":["Lockon","Coolheaded"],"picked":"BootSequence","floor":13},{"not_picked":["Capacitor","Lockon"],"picked":"Storm","floor":14},{"not_picked":["Fission","Seek"],"picked":"Biased Cognition","floor":16},{"not_picked":["Beam Cell","Undo"],"picked":"Go for the Eyes+1","floor":18},{"not_picked":["Skim","Undo+1"],"picked":"Chill+1","floor":22},{"not_picked":["Beam Cell","Heatsinks"],"picked":"FTL+1","floor":24},{"not_picked":["Lockon+1","Barrage+1"],"picked":"Ball Lightning+1","floor":27},{"not_picked":["Stack","Steam"],"picked":"Sweeping Beam+1","floor":31}],"player_experience":18468,"potions_floor_usage":[8,10,16,16],"damage_taken":[{"damage":1,"enemies":"Jaw Worm","floor":1,"turns":2},{"damage":0,"enemies":"Cultist","floor":4,"turns":3},{"damage":0,"enemies":"Small Slimes","floor":5,"turns":3},{"damage":7,"enemies":"Exordium Thugs","floor":7,"turns":3},{"damage":23,"enemies":"Gremlin Gang","floor":8,"turns":5},{"damage":8,"enemies":"3 Sentries","floor":10,"turns":5},{"damage":0,"enemies":"Red Slaver","floor":11,"turns":2},{"damage":11,"enemies":"Exordium Thugs","floor":13,"turns":4},{"damage":0,"enemies":"Looter","floor":14,"turns":4},{"damage":66,"enemies":"Hexaghost","floor":16,"turns":15},{"damage":7,"enemies":"3 Byrds","floor":18,"turns":5},{"damage":12,"enemies":"Chosen","floor":22,"turns":5},{"damage":77,"enemies":"Gremlin Leader","floor":24,"turns":10},{"damage":6,"enemies":"Snake Plant","floor":27,"turns":8},{"damage":5,"enemies":"Centurion and Healer","floor":31,"turns":8},{"damage":76,"enemies":"Collector","floor":33,"turns":7}],"event_choices":[{"event_name":"Bonfire Elementals","player_choice":"BASIC","floor":2,"damage_taken":0},{"event_name":"Accursed Blacksmith","player_choice":"Forge","floor":3,"damage_taken":0},{"event_name":"Duplicator","player_choice":"One dupe","floor":19,"damage_taken":0},{"event_name":"Back to Basics","player_choice":"Simplicity","floor":20,"damage_taken":0},{"event_name":"The Mausoleum","player_choice":"Yes","floor":21,"damage_taken":0},{"event_name":"Match and Keep!","player_choice":"1 cards matched","floor":28,"damage_taken":0}],"boss_relics":[{"not_picked":["Astrolabe","Velvet Choker"],"picked":"Sozu"}],"potions_floor_spawned":[4,7,8,14,18,22,31],"seed_played":"6398880187615302444","killed_by":"Collector","ascension_level":0,"is_trial":false}