{"gold_per_floor":[14,14,14,39,64,64,82,100,100,100,118,143,178,193,193,321,321,346,371,296,320,23,23,23,43,43,63,99,117,117],"floor_reached":30,"playtime":1249,"items_purged":[],"score":396,"play_id":"9541caa8-1635-4d92-9e2e-a59463787d30","local_time":"20190301023429","is_ascension_mode":true,"campfire_choices":[{"data":"Hologram","floor":6,"key":"SMITH"},{"floor":15,"key":"REST"},{"data":"Hologram","floor":23,"key":"SMITH"}],"neow_cost":"NO_GOLD","seed_source_timestamp":1255590143195253,"circlet_count":0,"master_deck":["Strike_B+1","Defend_B","Defend_B","Defend_B","Defend_B","Zap+1","Dualcast","Hologram+1","Gash","Beam Cell","Coolheaded+1","Steam Power","All For One","BootSequence","All For One","Double Energy","Double Energy+1","Hologram+1","Beam Cell","Static Discharge+1","Streamline+1","FTL+1"],"relics":["Cracked Core","Golden Idol","Frozen Egg 2","Odd Mushroom","Shuriken","Nuclear Battery","Mango","Pear","Bag of Preparation"],"potions_floor_usage":[12,14,27,30],"damage_taken":[{"damage":0,"enemies":"2 Louse","floor":1,"turns":2},{"damage":0,"enemies":"Cultist","floor":4,"turns":3},{"damage":2,"enemies":"Jaw Worm","floor":5,"turns":3},{"damage":0,"enemies":"Large Slime","floor":7,"turns":5},{"damage":1,"enemies":"Looter","floor":8,"turns":3},{"damage":9,"enemies":"Exordium Wildlife","floor":11,"turns":4},{"damage":8,"enemies":"The Mushroom Lair","floor":12,"turns":3},{"damage":23,"enemies":"Gremlin Nob","floor":13,"turns":4},{"damage":10,"enemies":"Gremlin Gang","floor":14,"turns":4},{"damage":9,"enemies":"Hexaghost","floor":16,"turns":7},{"damage":0,"enemies":"Spheric Guardian","floor":18,"turns":2},{"damage":0,"enemies":"3 Byrds","floor":19,"turns":4},{"damage":13,"enemies":"Centurion and Healer","floor":21,"turns":4},{"damage":19,"enemies":"Cultist and Chosen","floor":25,"turns":5},{"damage":8,"enemies":"3 Cultists","floor":27,"turns":3},{"damage":29,"enemies":"Gremlin Leader","floor":28,"turns":4},{"damage":7,"enemies":"Centurion and Healer","floor":29,"turns":5},{"damage":8,"enemies":"Book of Stabbing","floor":30,"turns":2}],"seed_played":"8695593276728990309","potions_obtained":[{"floor":4,"key":"Explosive Potion"},{"floor":5,"key":"Strength Potion"},{"floor":8,"key":"Regen Potion"},{"floor":14,"key":"EssenceOfSteel"},{"floor":18,"key":"SteroidPotion"},{"floor":19,"key":"Explosive Potion"}],"is_trial":false,"path_per_floor":["M","?","?","M","M","R","M","M","T","?","M","?","E","M","R","B",null,"M","M","?","M","$","R","?","M","T","M","E","M","E"],"character_chosen":"DEFECT","items_purchased":["Mango"],"campfire_rested":1,"item_purchase_floors":[22],"current_hp_per_floor":[68,68,68,68,66,66,66,65,65,51,42,34,11,13,33,24,58,58,58,58,45,59,59,59,40,50,42,13,6,0],"gold":117,"neow_bonus":"REMOVE_TWO","is_prod":false,"is_daily":false,"chose_seed":false,"campfire_upgraded":2,"win_rate":0,"timestamp":1551418469,"path_taken":["M","?","?","M","M","R","?","M","T","?","M","?","E","M","R","BOSS","M","M","?","M","$","R","?","?","T","M","E","M","E"],"build_version":"2019-01-23","purchased_purges":0,"victory":false,"max_hp_per_floor":[75,69,69,69,69,69,69,69,69,69,69,69,69,69,69,69,69,69,69,69,69,83,83,83,83,93,93,93,93,93],"card_choices":[{"not_picked":["Stack","Reprogram"],"picked":"Hologram","floor":1},{"not_picked":["Stack","Ball Lightning"],"picked":"Gash","floor":4},{"not_picked":["Turbo","Creative AI"],"picked":"Beam Cell","floor":5},{"not_picked":["Compile Driver","Stack"],"picked":"Coolheaded","floor":7},{"not_picked":["Barrage","Stack","Reinforced Body"],"picked":"SKIP","floor":8},{"not_picked":["Conserve Battery","White Noise"],"picked":"Steam Power","floor":11},{"not_picked":["Ball Lightning","Storm+1"],"picked":"All For One","floor":12},{"not_picked":["Blizzard","White Noise"],"picked":"BootSequence","floor":13},{"not_picked":["Recycle","Stack","Steam"],"picked":"SKIP","floor":14},{"not_picked":["Rainbow","Electrodynamics+1"],"picked":"All For One","floor":16},{"not_picked":["Cold Snap","Turbo"],"picked":"Double Energy","floor":18},{"not_picked":["Compile Driver+1","Sweeping Beam"],"picked":"Double Energy+1","floor":19},{"not_picked":["Leap+1","Skim+1"],"picked":"Hologram","floor":21},{"not_picked":["Electrodynamics+1","Conserve Battery"],"picked":"Beam Cell","floor":25},{"not_picked":["Cold Snap","Darkness"],"picked":"Static Discharge+1","floor":27},{"not_picked":["Electrodynamics+1","Cold Snap"],"picked":"Streamline+1","floor":28},{"not_picked":["Compile Driver","Streamline"],"picked":"FTL+1","floor":29}],"player_experience":867231,"relics_obtained":[{"floor":9,"key":"Frozen Egg 2"},{"floor":12,"key":"Odd Mushroom"},{"floor":13,"key":"Shuriken"},{"floor":26,"key":"Pear"},{"floor":28,"key":"Bag of Preparation"}],"event_choices":[{"damage_healed":0,"gold_gain":0,"player_choice":"Lose Max HP","damage_taken":0,"relics_obtained":["Golden Idol"],"max_hp_gain":0,"max_hp_loss":6,"event_name":"Golden Idol","floor":2,"gold_loss":0},{"damage_healed":0,"gold_gain":0,"player_choice":"Upgraded","damage_taken":0,"max_hp_gain":0,"max_hp_loss":0,"event_name":"Upgrade Shrine","floor":3,"gold_loss":0,"cards_upgraded":["Zap"]},{"damage_healed":0,"gold_gain":0,"player_choice":"Entered Light","damage_taken":14,"max_hp_gain":0,"max_hp_loss":0,"event_name":"Shining Light","floor":10,"gold_loss":0,"cards_upgraded":["Coolheaded","Strike_B"]},{"damage_healed":0,"gold_gain":0,"player_choice":"Fought Mushrooms","damage_taken":0,"max_hp_gain":0,"max_hp_loss":0,"event_name":"Mushrooms","floor":12,"gold_loss":0},{"cards_removed":["Strike_B"],"damage_healed":0,"gold_gain":0,"player_choice":"Gave Gold","damage_taken":0,"max_hp_gain":0,"max_hp_loss":0,"event_name":"Beggar","floor":20,"gold_loss":75},{"damage_healed":0,"gold_gain":0,"player_choice":"Ignored","damage_taken":0,"max_hp_gain":0,"max_hp_loss":0,"event_name":"N\u0027loth","floor":24,"gold_loss":0}],"is_beta":false,"boss_relics":[{"not_picked":["Velvet Choker","Pandora\u0027s Box"],"picked":"Nuclear Battery"}],"items_purged_floors":[],"is_endless":false,"potions_floor_spawned":[4,5,8,14,18,19,21,25],"killed_by":"Book of Stabbing","ascension_level":9}