{"gold_per_floor":[117,117,132,147,165,165,135,135,135,153,170,170,181,201,201,296,296,315,315,230,0,0,0,19,19,45,45,45],"floor_reached":28,"playtime":1390,"items_purged":[],"score":235,"play_id":"5c2461dd-db0b-4720-8565-ffab8c8efec0","local_time":"20190514152135","is_ascension_mode":false,"campfire_choices":[{"data":"Shrug It Off","floor":6,"key":"SMITH"},{"data":"Bash","floor":8,"key":"SMITH"},{"data":"Shrug It Off","floor":12,"key":"SMITH"},{"data":"Cleave","floor":15,"key":"SMITH"},{"data":"True Grit","floor":23,"key":"SMITH"},{"data":"Shrug It Off","floor":27,"key":"SMITH"}],"neow_cost":"NONE","seed_source_timestamp":180667732378493,"circlet_count":0,"master_deck":["Strike_R","Strike_R","Strike_R","Strike_R","Strike_R","Defend_R","Defend_R","Defend_R","Defend_R","Bash+1","Shrug It Off+1","Headbutt","Shrug It Off+1","Cleave+1","Shrug It Off","True Grit+1","Shrug It Off+1"],"relics":["Burning Blood","White Beast Statue","Molten Egg 2","Oddly Smooth Stone"],"potions_floor_usage":[3,24,28],"damage_taken":[{"damage":7,"enemies":"2 Louse","floor":1,"turns":4},{"damage":6,"enemies":"Cultist","floor":3,"turns":4},{"damage":6,"enemies":"Jaw Worm","floor":4,"turns":6},{"damage":1,"enemies":"2 Fungi Beasts","floor":5,"turns":7},{"damage":0,"enemies":"Looter","floor":7,"turns":4},{"damage":2,"enemies":"Lots of Slimes","floor":10,"turns":8},{"damage":23,"enemies":"Large Slime","floor":11,"turns":9},{"damage":0,"enemies":"Looter","floor":13,"turns":4},{"damage":8,"enemies":"3 Louse","floor":14,"turns":4},{"damage":41,"enemies":"Slime Boss","floor":16,"turns":15},{"damage":58,"enemies":"Shell Parasite","floor":18,"turns":8},{"damage":27,"enemies":"Spheric Guardian","floor":24,"turns":22},{"damage":26,"enemies":"Centurion and Healer","floor":28,"turns":16}],"seed_played":"784404532173187941","potions_obtained":[{"floor":2,"key":"Swift Potion"},{"floor":2,"key":"Weak Potion"},{"floor":2,"key":"GamblersBrew"},{"floor":5,"key":"LiquidBronze"},{"floor":11,"key":"SteroidPotion"},{"floor":24,"key":"BloodPotion"}],"is_trial":false,"path_per_floor":["M","?","M","M","M","R","M","R","T","M","M","R","M","M","R","B",null,"M","?","?","?","$","R","M","$","T","R","M"],"character_chosen":"IRONCLAD","items_purchased":[],"campfire_rested":0,"item_purchase_floors":[],"current_hp_per_floor":[87,87,87,87,88,88,88,88,88,88,71,71,77,75,75,40,88,36,36,36,36,36,36,15,15,15,15,0],"gold":45,"neow_bonus":"TEN_PERCENT_HP_BONUS","is_prod":false,"is_daily":false,"chose_seed":false,"campfire_upgraded":6,"win_rate":0,"timestamp":1557861695,"path_taken":["M","?","?","M","M","R","M","R","T","M","M","R","?","M","R","BOSS","M","?","?","?","?","R","M","$","T","R","?"],"build_version":"2019-01-23","purchased_purges":0,"victory":false,"max_hp_per_floor":[88,88,88,88,88,88,88,88,88,88,88,88,88,88,88,88,88,88,88,88,88,88,88,88,88,88,88,88],"card_choices":[{"not_picked":["Thunderclap","Sever Soul","Anger"],"picked":"SKIP","floor":1},{"not_picked":["Sever Soul","Iron Wave"],"picked":"Shrug It Off","floor":3},{"not_picked":["Rampage","Burning Pact","Inflame"],"picked":"SKIP","floor":4},{"not_picked":["Flame Barrier","Dual Wield"],"picked":"Headbutt","floor":5},{"not_picked":["Heavy Blade","Anger","Flame Barrier"],"picked":"SKIP","floor":7},{"not_picked":["Bludgeon","Wild Strike","Second Wind"],"picked":"SKIP","floor":10},{"not_picked":["Twin Strike","Hemokinesis"],"picked":"Shrug It Off","floor":11},{"not_picked":["Offering","Rage"],"picked":"Cleave","floor":13},{"not_picked":["Thunderclap","Sentinel","Warcry"],"picked":"SKIP","floor":14},{"not_picked":["Havoc","Spot Weakness"],"picked":"Shrug It Off","floor":18},{"not_picked":["Searing Blow+1","Burning Pact+1"],"picked":"Shrug It Off","floor":24}],"player_experience":108541,"relics_obtained":[{"floor":26,"key":"Oddly Smooth Stone"}],"event_choices":[{"damage_healed":0,"gold_gain":0,"player_choice":"Got Potions","damage_taken":0,"max_hp_gain":0,"max_hp_loss":0,"event_name":"Lab","floor":2,"gold_loss":0},{"damage_healed":0,"gold_gain":0,"player_choice":"Read","damage_taken":0,"max_hp_gain":0,"max_hp_loss":0,"event_name":"The Library","floor":19,"gold_loss":0,"cards_obtained":["True Grit"]},{"damage_healed":0,"gold_gain":0,"player_choice":"Obtained Relic","damage_taken":0,"relics_obtained":["Molten Egg 2"],"max_hp_gain":0,"max_hp_loss":0,"event_name":"Addict","floor":20,"gold_loss":85},{"damage_healed":0,"gold_gain":0,"player_choice":"Paid Fearfully","damage_taken":0,"max_hp_gain":0,"max_hp_loss":0,"event_name":"Masked Bandits","floor":21,"gold_loss":230}],"is_beta":false,"boss_relics":[{"not_picked":["Velvet Choker","Lizard Tail"],"picked":"White Beast Statue"}],"items_purged_floors":[],"is_endless":false,"potions_floor_spawned":[5,11,13,16,18,24],"killed_by":"Centurion and Healer","ascension_level":0}