{"gold_per_floor":[110,128,303,56,56,87,105,134,160,192,192,207,224,124,124,221,221,161,161,161,13,13,13,13,13,13,13,13,13,13,13,13,13],"floor_reached":33,"playtime":1545,"items_purged":["Doubt","Well Laid Plans"],"score":416,"play_id":"ddd6f815-f261-497d-a530-b36b132fbc07","local_time":"20190216145346","is_ascension_mode":true,"campfire_choices":[{"floor":11,"key":"REST"},{"floor":15,"key":"REST"},{"data":"Catalyst","floor":23,"key":"SMITH"},{"floor":32,"key":"REST"}],"neow_cost":"NONE","seed_source_timestamp":176380181191607,"circlet_count":0,"master_deck":["Defend_G","Defend_G","Defend_G","Defend_G","Defend_G","Strike_G","Strike_G","Strike_G","Strike_G","Strike_G","Survivor","Neutralize","Catalyst+1","Deadly Poison","Glass Knife","Backflip","Dagger Spray","Footwork","Die Die Die","Deflect+1","Catalyst","PiercingWail","Writhe","Prepared+1","Sucker Punch+1","Poisoned Stab+1"],"relics":["Runic Pyramid","Pen Nib","Anchor","Calipers","Oddly Smooth Stone","Orichalcum","Ectoplasm","Bag of Marbles","Bronze Scales","Tough Bandages","Paper Crane"],"potions_floor_usage":[6,10,10,16,27,27],"damage_taken":[{"damage":0,"enemies":"Cultist","floor":1,"turns":4},{"damage":2,"enemies":"Jaw Worm","floor":2,"turns":4},{"damage":20,"enemies":"Lagavulin","floor":6,"turns":6},{"damage":2,"enemies":"2 Louse","floor":7,"turns":3},{"damage":19,"enemies":"3 Sentries","floor":8,"turns":10},{"damage":7,"enemies":"Lagavulin","floor":10,"turns":8},{"damage":0,"enemies":"Exordium Wildlife","floor":12,"turns":2},{"damage":0,"enemies":"Blue Slaver","floor":13,"turns":3},{"damage":43,"enemies":"Hexaghost","floor":16,"turns":12},{"damage":0,"enemies":"2 Thieves","floor":18,"turns":4},{"damage":9,"enemies":"3 Byrds","floor":19,"turns":5},{"damage":16,"enemies":"Snake Plant","floor":22,"turns":5},{"damage":11,"enemies":"Slavers","floor":27,"turns":4},{"damage":22,"enemies":"3 Cultists","floor":28,"turns":5},{"damage":0,"enemies":"Snecko","floor":29,"turns":5},{"damage":0,"enemies":"Chosen and Byrds","floor":31,"turns":5},{"damage":30,"enemies":"Champ","floor":33,"turns":12}],"seed_played":"-5045932733531869829","potions_obtained":[{"floor":1,"key":"Fire Potion"},{"floor":6,"key":"GamblersBrew"},{"floor":8,"key":"SpeedPotion"},{"floor":13,"key":"Fire Potion"},{"floor":16,"key":"Dexterity Potion"},{"floor":20,"key":"Regen Potion"},{"floor":20,"key":"Swift Potion"},{"floor":22,"key":"GhostInAJar"},{"floor":29,"key":"Fire Potion"}],"is_trial":false,"path_per_floor":["M","M","?","$","?","E","M","E","T","E","R","M","M","$","R","B",null,"M","M","?","$","M","R","$","?","T","E","M","M","$","M","R","B"],"character_chosen":"THE_SILENT","items_purchased":["Well Laid Plans","Glass Knife","Bag of Marbles"],"campfire_rested":3,"item_purchase_floors":[4,4,21],"current_hp_per_floor":[63,61,61,61,54,34,32,13,13,6,27,27,27,27,48,5,54,54,45,45,45,29,29,29,29,29,30,8,8,8,8,29,0],"gold":13,"neow_bonus":"BOSS_RELIC","is_prod":false,"is_daily":false,"chose_seed":false,"campfire_upgraded":1,"win_rate":0,"timestamp":1550339626,"path_taken":["M","?","?","$","?","E","M","E","T","E","R","M","M","?","R","BOSS","M","M","?","?","?","R","$","?","T","E","M","M","?","M","R","BOSS"],"build_version":"2019-01-23","purchased_purges":2,"victory":false,"max_hp_per_floor":[70,70,70,70,70,70,70,70,70,70,70,70,70,70,70,70,70,70,70,70,70,70,70,70,70,70,70,70,70,70,70,70,70],"card_choices":[{"not_picked":["Distraction","PiercingWail"],"picked":"Catalyst","floor":1},{"not_picked":["Blade Dance","Quick Slash"],"picked":"Deadly Poison","floor":2},{"not_picked":["Underhanded Strike","Acrobatics"],"picked":"Backflip","floor":6},{"not_picked":["Acrobatics","Dagger Throw","Slice"],"picked":"SKIP","floor":7},{"not_picked":["Infinite Blades","Tactician"],"picked":"Dagger Spray","floor":8},{"not_picked":["Venomology","Well Laid Plans"],"picked":"Footwork","floor":10},{"not_picked":["Cloak And Dagger","Well Laid Plans","Endless Agony"],"picked":"SKIP","floor":12},{"not_picked":["Expertise","Flying Knee","Backflip"],"picked":"SKIP","floor":13},{"not_picked":["Bullet Time","Malaise"],"picked":"Die Die Die","floor":16},{"not_picked":["Setup","Quick Slash"],"picked":"Deflect+1","floor":18},{"not_picked":["Terror+1","Infinite Blades+1"],"picked":"Catalyst","floor":19},{"not_picked":["Underhanded Strike+1","Dagger Throw"],"picked":"PiercingWail","floor":22},{"not_picked":["Dodge and Roll+1","Dagger Throw"],"picked":"Prepared+1","floor":27},{"not_picked":["Bane","Skewer"],"picked":"Sucker Punch+1","floor":28},{"not_picked":["Slice+1","Endless Agony+1","Bane"],"picked":"SKIP","floor":29},{"not_picked":["Accuracy","Dodge and Roll"],"picked":"Poisoned Stab+1","floor":31}],"player_experience":783308,"relics_obtained":[{"floor":6,"key":"Anchor"},{"floor":8,"key":"Calipers"},{"floor":9,"key":"Oddly Smooth Stone"},{"floor":10,"key":"Orichalcum"},{"floor":26,"key":"Tough Bandages"},{"floor":27,"key":"Paper Crane"}],"event_choices":[{"damage_healed":0,"gold_gain":175,"player_choice":"AGREE","damage_taken":0,"max_hp_gain":0,"max_hp_loss":0,"event_name":"Liars Game","floor":3,"gold_loss":0,"cards_obtained":["Doubt"]},{"damage_healed":0,"gold_gain":0,"player_choice":"Success","damage_taken":7,"relics_obtained":["Pen Nib"],"max_hp_gain":0,"max_hp_loss":0,"event_name":"Scrap Ooze","floor":5,"gold_loss":0},{"damage_healed":0,"gold_gain":0,"player_choice":"Got Potions","damage_taken":0,"max_hp_gain":0,"max_hp_loss":0,"event_name":"Lab","floor":20,"gold_loss":0},{"damage_healed":0,"gold_gain":0,"player_choice":"Opened","damage_taken":0,"relics_obtained":["Bronze Scales"],"max_hp_gain":0,"max_hp_loss":0,"event_name":"The Mausoleum","floor":25,"gold_loss":0,"cards_obtained":["Writhe"]}],"is_beta":false,"boss_relics":[{"not_picked":["White Beast Statue","Orrery"],"picked":"Ectoplasm"}],"items_purged_floors":[4,14],"is_endless":false,"potions_floor_spawned":[1,6,8,13,16,22,29],"killed_by":"Champ","ascension_level":9}