{"gold_per_floor":[111,111,111,122,137,137,171,171,171,17,17,28,43,55,55,131,131,116,216,236,15,15,15,44,56,56,56,56],"floor_reached":28,"playtime":1112,"items_purged":["Regret"],"score":393,"play_id":"4b424ea3-46d7-4c7f-897b-7dba65fc4e6b","local_time":"20190409014113","is_ascension_mode":true,"campfire_choices":[{"data":"After Image","floor":6,"key":"SMITH"},{"floor":11,"key":"REST"},{"floor":15,"key":"REST"},{"floor":23,"key":"REST"}],"neow_cost":"NONE","seed_source_timestamp":653861400768245,"circlet_count":0,"master_deck":["AscendersBane","Defend_G","Defend_G","Defend_G","Defend_G","Defend_G","Strike_G","Strike_G","Strike_G","Strike_G","Survivor","Neutralize","After Image+1","Dagger Spray","Escape Plan","Noxious Fumes","Slice","Adrenaline","Crippling Poison","Backstab","A Thousand Cuts","After Image","Shame"],"relics":["Ring of the Snake","Gambling Chip","Vajra","Ornamental Fan","Runic Pyramid","Blood Vial","Bronze Scales"],"potions_floor_usage":[28],"damage_taken":[{"damage":1,"enemies":"2 Louse","floor":1,"turns":4},{"damage":2,"enemies":"Jaw Worm","floor":4,"turns":5},{"damage":2,"enemies":"Cultist","floor":5,"turns":4},{"damage":33,"enemies":"Lagavulin","floor":7,"turns":9},{"damage":1,"enemies":"Exordium Wildlife","floor":12,"turns":3},{"damage":10,"enemies":"Large Slime","floor":13,"turns":6},{"damage":0,"enemies":"3 Louse","floor":14,"turns":2},{"damage":10,"enemies":"The Guardian","floor":16,"turns":13},{"damage":15,"enemies":"2 Thieves","floor":18,"turns":4},{"damage":17,"enemies":"Spheric Guardian","floor":20,"turns":7},{"damage":33,"enemies":"Book of Stabbing","floor":24,"turns":9},{"damage":3,"enemies":"Centurion and Healer","floor":25,"turns":8},{"damage":9,"enemies":"Snake Plant","floor":28,"turns":1}],"seed_played":"-3715041994124043477","potions_obtained":[{"floor":4,"key":"Explosive Potion"},{"floor":5,"key":"GamblersBrew"}],"is_trial":false,"path_per_floor":["M","?","?","M","M","R","E","?","T","$","R","M","M","M","R","B",null,"M","?","M","$","?","R","E","M","T","?","M"],"character_chosen":"THE_SILENT","items_purchased":["Adrenaline","After Image"],"campfire_rested":3,"item_purchase_floors":[10,21],"current_hp_per_floor":[62,55,55,53,51,51,18,6,6,6,27,26,16,16,37,27,59,44,44,27,27,14,36,3,2,2,2,0],"gold":56,"neow_bonus":"ONE_RANDOM_RARE_CARD","is_prod":false,"is_daily":false,"chose_seed":false,"campfire_upgraded":1,"win_rate":0,"timestamp":1554784873,"path_taken":["M","?","?","M","M","R","E","?","T","?","R","M","M","M","R","BOSS","M","?","?","$","?","R","E","M","T","?","M"],"build_version":"2019-01-23","purchased_purges":1,"victory":false,"max_hp_per_floor":[70,70,70,70,70,70,70,70,70,70,70,70,70,70,70,70,70,70,70,70,70,75,75,75,75,75,75,75],"card_choices":[{"not_picked":["Dodge and Roll","Finisher"],"picked":"Dagger Spray","floor":1},{"not_picked":["Predator","Cloak And Dagger"],"picked":"Escape Plan","floor":4},{"not_picked":["Leg Sweep","Choke"],"picked":"Noxious Fumes","floor":5},{"not_picked":["Bouncing Flask","Riddle With Holes"],"picked":"Slice","floor":7},{"not_picked":["Poisoned Stab","Deflect"],"picked":"Crippling Poison","floor":12},{"not_picked":["All Out Attack","Outmaneuver","Choke"],"picked":"SKIP","floor":13},{"not_picked":["Finisher","Deflect"],"picked":"Backstab","floor":14},{"not_picked":["Night Terror","Doppelganger"],"picked":"A Thousand Cuts","floor":16},{"not_picked":["Heel Hook","Expertise","Prepared"],"picked":"SKIP","floor":18},{"not_picked":["Prepared+1","Dagger Spray","Flying Knee"],"picked":"SKIP","floor":20},{"not_picked":["Predator","Bullet Time","Flying Knee"],"picked":"SKIP","floor":24},{"not_picked":["Deadly Poison","Reflex+1","Underhanded Strike"],"picked":"SKIP","floor":25}],"player_experience":1056085,"relics_obtained":[{"floor":7,"key":"Vajra"},{"floor":9,"key":"Ornamental Fan"},{"floor":24,"key":"Blood Vial"}],"event_choices":[{"cards_removed":["Strike_G"],"damage_healed":0,"gold_gain":0,"player_choice":"Card Removal","damage_taken":7,"max_hp_gain":0,"max_hp_loss":0,"event_name":"Golden Wing","floor":2,"gold_loss":0},{"damage_healed":0,"gold_gain":0,"player_choice":"Box","damage_taken":0,"relics_obtained":["Gambling Chip"],"max_hp_gain":0,"max_hp_loss":0,"event_name":"Big Fish","floor":3,"gold_loss":0,"cards_obtained":["Regret"]},{"damage_healed":0,"gold_gain":0,"player_choice":"Fled","damage_taken":12,"max_hp_gain":0,"max_hp_loss":0,"event_name":"Scrap Ooze","floor":8,"gold_loss":0},{"damage_healed":0,"gold_gain":100,"player_choice":"Pray","damage_taken":0,"max_hp_gain":0,"max_hp_loss":0,"event_name":"Golden Shrine","floor":19,"gold_loss":0},{"damage_healed":0,"gold_gain":0,"player_choice":"Shed Blood","damage_taken":18,"max_hp_gain":5,"max_hp_loss":0,"event_name":"Forgotten Altar","floor":22,"gold_loss":0},{"damage_healed":0,"gold_gain":0,"player_choice":"Stole Relic","damage_taken":0,"relics_obtained":["Bronze Scales"],"max_hp_gain":0,"max_hp_loss":0,"event_name":"Addict","floor":27,"gold_loss":0,"cards_obtained":["Shame"]}],"is_beta":false,"boss_relics":[{"not_picked":["Empty Cage","Calling Bell"],"picked":"Runic Pyramid"}],"items_purged_floors":[21],"is_endless":false,"potions_floor_spawned":[4,5,7,13,14,18,25],"killed_by":"Snake Plant","ascension_level":13}