{"gold_per_floor":[16,16,34,48,59,87,87,114,114,142,159,187,68,84,84,187,187,203,217,217,229,242,273,273,308,335,335,335,360,172,206,206,311,311,321,2,15,15,27,62,62,90,170,197,297,9,39,56,56,56,56,56,6,31,31],"floor_reached":56,"playtime":3535,"items_purged":["Pain"],"score":1710,"play_id":"5a2d3aef-91a6-475f-b003-027cd91429ea","local_time":"20190513192016","is_ascension_mode":true,"campfire_choices":[{"data":"Barricade","floor":15,"key":"SMITH"},{"data":"Perfected Strike","floor":24,"key":"SMITH"},{"data":"Parasite","floor":32,"key":"PURGE"},{"floor":49,"key":"RECALL"},{"data":"Armaments","floor":52,"key":"SMITH"}],"neow_cost":"NO_GOLD","seed_source_timestamp":858388753063686,"circlet_count":0,"master_deck":["Strike_R+1","Strike_R+1","Strike_R+1","Strike_R+1","Strike_R+1","Defend_R+1","Defend_R+1","Defend_R+1","Defend_R+1","Bash+1","Perfected Strike","Battle Trance","Headbutt","Seeing Red","Twin Strike","Pommel Strike","Barricade+1","Perfected Strike+1","Rage","Ghostly Armor","Double Tap","Twin Strike","True Grit+1","Shrug It Off+1","Clash+1","Fire Breathing+1","Twin Strike","Twin Strike","Thunderclap","Flame Barrier","Armaments+1","Offering","Rage+1","Perfected Strike","Metallicize","Pommel Strike+1","Perfected Strike+1","Warcry+1","Burning Pact+1","Anger+1","Pommel Strike+1","Power Through","Entrench+1","Pommel Strike+1","Shrug It Off","Clothesline+1"],"relics":["Burning Blood","Unceasing Top","Anchor","Thread and Needle","Ginger","Turnip","Cursed Key","Bronze Scales","Bag of Preparation","Smiling Mask","Peace Pipe","Darkstone Periapt","Kunai","Mark of Pain","Omamori","Shuriken","Molten Egg 2","Torii","Mercury Hourglass","Art of War","Ice Cream","Membership Card","The Courier","Boot"],"potions_floor_usage":[5,8,16,16,23,33,40,50,55,55,55],"damage_taken":[{"damage":1,"enemies":"2 Louse","floor":1,"turns":4},{"damage":3,"enemies":"Small Slimes","floor":3,"turns":3},{"damage":0,"enemies":"Cultist","floor":4,"turns":2},{"damage":16,"enemies":"Exordium Thugs","floor":5,"turns":4},{"damage":26,"enemies":"3 Sentries","floor":6,"turns":8},{"damage":13,"enemies":"Lagavulin","floor":8,"turns":5},{"damage":11,"enemies":"Gremlin Nob","floor":10,"turns":4},{"damage":0,"enemies":"2 Fungi Beasts","floor":11,"turns":3},{"damage":9,"enemies":"Lagavulin","floor":12,"turns":5},{"damage":0,"enemies":"3 Louse","floor":14,"turns":4},{"damage":18,"enemies":"The Guardian","floor":16,"turns":7},{"damage":0,"enemies":"Chosen","floor":18,"turns":4},{"damage":0,"enemies":"2 Thieves","floor":19,"turns":4},{"damage":4,"enemies":"Snecko","floor":21,"turns":4},{"damage":0,"enemies":"Centurion and Healer","floor":22,"turns":4},{"damage":6,"enemies":"Book of Stabbing","floor":23,"turns":5},{"damage":5,"enemies":"Slavers","floor":25,"turns":5},{"damage":4,"enemies":"Book of Stabbing","floor":29,"turns":5},{"damage":10,"enemies":"Gremlin Leader","floor":31,"turns":8},{"damage":0,"enemies":"Automaton","floor":33,"turns":12},{"damage":0,"enemies":"Orb Walker","floor":35,"turns":2},{"damage":6,"enemies":"3 Darklings","floor":37,"turns":2},{"damage":6,"enemies":"Jaw Worm Horde","floor":39,"turns":4},{"damage":5,"enemies":"Nemesis","floor":40,"turns":5},{"damage":6,"enemies":"Giant Head","floor":42,"turns":6},{"damage":0,"enemies":"Reptomancer","floor":44,"turns":3},{"damage":0,"enemies":"Mind Bloom Boss Battle","floor":45,"turns":2},{"damage":6,"enemies":"Nemesis","floor":47,"turns":7},{"damage":6,"enemies":"Spire Growth","floor":48,"turns":1},{"damage":8,"enemies":"Time Eater","floor":50,"turns":5},{"damage":0,"enemies":"Shield and Spear","floor":54,"turns":3},{"damage":70,"enemies":"The Heart","floor":55,"turns":12}],"seed_played":"-7836290247023648857","potions_obtained":[{"floor":3,"key":"PowerPotion"},{"floor":4,"key":"SteroidPotion"},{"floor":8,"key":"PowerPotion"},{"floor":11,"key":"FearPotion"},{"floor":19,"key":"Fire Potion"},{"floor":21,"key":"EssenceOfSteel"},{"floor":33,"key":"FearPotion"},{"floor":35,"key":"FearPotion"},{"floor":37,"key":"SkillPotion"},{"floor":40,"key":"SpeedPotion"}],"is_trial":false,"path_per_floor":["M","?","M","M","M","E","?","E","T","E","M","E","$","M","R","B",null,"M","M","?","M","M","E","R","E","T","T","?","E","$","E","R","B",null,"M","$","M","?","M","E","T","E","T","E","?","$","E","M","R","B",null,"R","$","E","B",null],"character_chosen":"IRONCLAD","items_purchased":["Perfected Strike","Rage","Thunderclap","Flame Barrier","Weak Potion","Perfected Strike","Omamori","Weak Potion","Metallicize","Membership Card","Anger+1","Pommel Strike+1","Power Through","Dexterity Potion","Shrug It Off","SkillPotion"],"campfire_rested":0,"item_purchase_floors":[13,13,30,30,30,36,36,36,36,46,46,46,46,53,53,53],"current_hp_per_floor":[80,85,85,85,75,55,38,31,31,26,32,29,29,35,35,23,85,85,85,85,85,85,85,85,85,85,85,85,85,85,81,81,82,82,82,82,82,82,82,82,82,82,82,82,82,82,82,82,82,80,82,82,82,82,18],"gold":31,"neow_bonus":"ONE_RARE_RELIC","is_prod":false,"is_daily":false,"chose_seed":false,"campfire_upgraded":3,"win_rate":0,"timestamp":1557789616,"path_taken":["M","?","M","M","M","E","?","E","T","E","M","E","$","M","R","BOSS","M","M","?","?","M","E","R","E","T","?","?","E","$","E","R","BOSS","M","$","M","?","M","E","?","E","T","E","?","?","E","M","R","BOSS","R","$","E","BOSS"],"build_version":"2019-05-07","purchased_purges":1,"victory":true,"max_hp_per_floor":[80,85,85,85,85,85,85,85,85,85,85,85,85,85,85,85,85,85,85,85,85,85,85,85,85,85,85,85,85,85,85,82,82,82,82,82,82,82,82,82,82,82,82,82,82,82,82,82,82,82,82,82,82,82,82],"card_choices":[{"not_picked":["Pommel Strike","Pummel"],"picked":"Shockwave","floor":1},{"not_picked":["Headbutt","Wild Strike"],"picked":"Perfected Strike","floor":3},{"not_picked":["True Grit","Heavy Blade"],"picked":"Battle Trance","floor":4},{"not_picked":["Clothesline","Iron Wave"],"picked":"Headbutt","floor":5},{"not_picked":["Whirlwind","Exhume"],"picked":"Cleave","floor":6},{"not_picked":["Anger","Warcry"],"picked":"Seeing Red","floor":8},{"not_picked":["Wild Strike","Inflame"],"picked":"Twin Strike","floor":10},{"not_picked":["Armaments","Clash"],"picked":"Pommel Strike","floor":11},{"not_picked":["Cleave","Flex"],"picked":"Barricade","floor":12},{"not_picked":["Hemokinesis","Inflame"],"picked":"Ghostly Armor","floor":14},{"not_picked":["Feed","Barricade"],"picked":"Double Tap","floor":16},{"not_picked":["Clothesline","Warcry"],"picked":"Twin Strike","floor":18},{"not_picked":["Twin Strike","Warcry+1"],"picked":"True Grit+1","floor":19},{"not_picked":["Sword Boomerang","Body Slam+1"],"picked":"Shrug It Off+1","floor":21},{"not_picked":["Headbutt+1","Clothesline"],"picked":"Clash+1","floor":22},{"not_picked":["Double Tap","Clothesline"],"picked":"Fire Breathing+1","floor":23},{"not_picked":["Combust","Searing Blow"],"picked":"Twin Strike","floor":25},{"not_picked":["Seeing Red","Fire Breathing"],"picked":"Twin Strike","floor":29},{"not_picked":["Dark Embrace","Sword Boomerang+1"],"picked":"Armaments","floor":31},{"not_picked":["Feed","Juggernaut"],"picked":"Offering","floor":33},{"not_picked":["Ghostly Armor","Sword Boomerang+1"],"picked":"Rage+1","floor":35},{"not_picked":["Rage","Carnage+1"],"picked":"Pommel Strike+1","floor":37},{"not_picked":["True Grit","Heavy Blade+1","Dual Wield+1"],"picked":"SKIP","floor":39},{"not_picked":["Rupture+1","Thunderclap+1","Seeing Red"],"picked":"SKIP","floor":40},{"not_picked":["Havoc+1","Limit Break"],"picked":"Perfected Strike+1","floor":42},{"not_picked":["Heavy Blade+1","Cleave+1"],"picked":"Warcry+1","floor":44},{"not_picked":["Warcry","Reckless Charge+1"],"picked":"Burning Pact+1","floor":45},{"not_picked":["Sever Soul+1","Impervious"],"picked":"Entrench+1","floor":47},{"not_picked":["Blood for Blood+1","Heavy Blade+1"],"picked":"Pommel Strike+1","floor":48},{"not_picked":["Infernal Blade+1","Dropkick+1"],"picked":"Clothesline+1","floor":54}],"player_experience":5742886,"relics_obtained":[{"floor":6,"key":"Anchor"},{"floor":8,"key":"Thread and Needle"},{"floor":10,"key":"Ginger"},{"floor":12,"key":"Turnip"},{"floor":23,"key":"Bronze Scales"},{"floor":25,"key":"Bag of Preparation"},{"floor":26,"key":"Smiling Mask"},{"floor":27,"key":"Peace Pipe"},{"floor":29,"key":"Darkstone Periapt"},{"floor":31,"key":"Kunai"},{"floor":40,"key":"Shuriken"},{"floor":41,"key":"Molten Egg 2"},{"floor":42,"key":"Torii"},{"floor":43,"key":"Mercury Hourglass"},{"floor":44,"key":"Art of War"},{"floor":45,"key":"Ice Cream"},{"floor":47,"key":"The Courier"},{"floor":54,"key":"Boot"}],"event_choices":[{"damage_healed":0,"gold_gain":0,"player_choice":"Donut","damage_taken":0,"max_hp_gain":5,"max_hp_loss":0,"event_name":"Big Fish","floor":2,"gold_loss":0},{"damage_healed":0,"gold_gain":0,"player_choice":"Entered Light","damage_taken":17,"max_hp_gain":0,"max_hp_loss":0,"event_name":"Shining Light","floor":7,"gold_loss":0,"cards_upgraded":["Defend_R","Bash"]},{"cards_removed":["Cleave"],"damage_healed":5,"gold_gain":0,"player_choice":"Offered Common","damage_taken":0,"max_hp_gain":0,"max_hp_loss":0,"event_name":"Bonfire Elementals","floor":20,"gold_loss":0},{"cards_removed":["Cleave"],"damage_healed":5,"gold_gain":0,"player_choice":"Offered Special","damage_taken":0,"max_hp_gain":0,"max_hp_loss":0,"event_name":"Bonfire Elementals","floor":20,"gold_loss":0},{"damage_healed":0,"gold_gain":0,"player_choice":"Simplicity","damage_taken":0,"max_hp_gain":0,"max_hp_loss":0,"event_name":"Back to Basics","floor":28,"gold_loss":0,"cards_upgraded":["Strike_R","Strike_R","Strike_R","Strike_R","Strike_R","Defend_R","Defend_R","Defend_R"]},{"cards_removed":["Shockwave"],"damage_healed":0,"gold_gain":0,"player_choice":"Removed Skill","damage_taken":0,"max_hp_gain":0,"max_hp_loss":0,"event_name":"Falling","floor":38,"gold_loss":0},{"damage_healed":0,"gold_gain":0,"player_choice":"Fight","damage_taken":0,"max_hp_gain":0,"max_hp_loss":0,"event_name":"MindBloom","floor":45,"gold_loss":0}],"is_beta":true,"boss_relics":[{"not_picked":["Velvet Choker","Sozu"],"picked":"Cursed Key"},{"not_picked":["Pandora\u0027s Box","Busted Crown"],"picked":"Mark of Pain"}],"items_purged_floors":[30],"is_endless":false,"potions_floor_spawned":[3,4,8,11,19,21,33,35,37,40,42,45],"ascension_level":1}