{"gold_per_floor":[359,110,110,124,143,143,168,233,233,183,218,218,218,231,231,329,329,349,349,349,4,21,21,46,46,46,78,109,153,182,194,206,318,330,360,390,402,184,284,284,312,312,335,335,311,343,265,284,284,284,284,284,11,41,41],"floor_reached":56,"playtime":3665,"items_purged":["Strike_B","Strike_B","Zap"],"score":1552,"play_id":"4f31ec99-d3dc-4c32-b0de-4b845312e3ef","local_time":"20190507231843","is_ascension_mode":true,"campfire_choices":[{"floor":6,"key":"REST"},{"floor":12,"key":"REST"},{"data":"Machine Learning","floor":15,"key":"SMITH"},{"data":"Hello World","floor":23,"key":"SMITH"},{"data":"Fission","floor":25,"key":"SMITH"},{"data":"Chill","floor":32,"key":"SMITH"},{"floor":40,"key":"RECALL"},{"data":"Hologram","floor":44,"key":"SMITH"},{"data":"Biased Cognition","floor":49,"key":"SMITH"},{"data":"Hologram","floor":52,"key":"SMITH"}],"neow_cost":"TEN_PERCENT_HP_LOSS","seed_source_timestamp":354163709287180,"circlet_count":0,"master_deck":["Defend_B","Defend_B","Defend_B","Dualcast","Cold Snap","Gash","FTL","Steam","Cold Snap","FTL","Hologram+1","Hologram+1","Machine Learning+1","Hello World+1","Self Repair","Fission+1","BootSequence","Meteor Strike+1","Biased Cognition+1","Gash+1","Conserve Battery","Double Energy+1","Go for the Eyes+1","Core Surge+1","Chill+1","Gash+1","All For One+1","Compile Driver+1","Go for the Eyes+1","Beam Cell+1","Echo Form","Coolheaded","Scrape+1","Coolheaded","Rebound+1","Coolheaded","Hologram+1","FTL+1"],"relics":["Cracked Core","Dodecahedron","Prayer Wheel","Blood Vial","Singing Bowl","Kunai","Molten Egg 2","Inserter","FossilizedHelix","Peace Pipe","Emotion Chip","MawBank","Happy Flower","Nuclear Battery","Thread and Needle","Bronze Scales","Unceasing Top","Ornamental Fan"],"potions_floor_usage":[7,8,16,33,54,55,55,55],"damage_taken":[{"damage":3,"enemies":"Jaw Worm","floor":1,"turns":3},{"damage":0,"enemies":"2 Louse","floor":4,"turns":3},{"damage":0,"enemies":"Small Slimes","floor":5,"turns":3},{"damage":3,"enemies":"Lagavulin","floor":7,"turns":7},{"damage":3,"enemies":"3 Sentries","floor":8,"turns":6},{"damage":30,"enemies":"Gremlin Nob","floor":11,"turns":5},{"damage":0,"enemies":"Blue Slaver","floor":14,"turns":3},{"damage":27,"enemies":"Slime Boss","floor":16,"turns":10},{"damage":9,"enemies":"Shell Parasite","floor":18,"turns":6},{"damage":0,"enemies":"Spheric Guardian","floor":22,"turns":6},{"damage":4,"enemies":"Book of Stabbing","floor":24,"turns":4},{"damage":0,"enemies":"Gremlin Leader","floor":27,"turns":5},{"damage":0,"enemies":"Centurion and Healer","floor":28,"turns":4},{"damage":0,"enemies":"Book of Stabbing","floor":29,"turns":5},{"damage":0,"enemies":"Shelled Parasite and Fungi","floor":30,"turns":4},{"damage":0,"enemies":"Champ","floor":33,"turns":9},{"damage":0,"enemies":"3 Darklings","floor":35,"turns":3},{"damage":0,"enemies":"Orb Walker","floor":36,"turns":3},{"damage":0,"enemies":"Mind Bloom Boss Battle","floor":39,"turns":2},{"damage":0,"enemies":"Nemesis","floor":41,"turns":3},{"damage":0,"enemies":"Giant Head","floor":46,"turns":5},{"damage":0,"enemies":"3 Darklings","floor":48,"turns":4},{"damage":0,"enemies":"Donu and Deca","floor":50,"turns":5},{"damage":0,"enemies":"Shield and Spear","floor":54,"turns":7},{"damage":6,"enemies":"The Heart","floor":55,"turns":8}],"seed_played":"-2229474117081502971","potions_obtained":[{"floor":4,"key":"FocusPotion"},{"floor":5,"key":"AttackPotion"},{"floor":11,"key":"EssenceOfSteel"},{"floor":22,"key":"Block Potion"},{"floor":27,"key":"FearPotion"},{"floor":28,"key":"Explosive Potion"},{"floor":29,"key":"Dexterity Potion"},{"floor":35,"key":"GamblersBrew"},{"floor":36,"key":"Strength Potion"},{"floor":54,"key":"Ancient Potion"}],"is_trial":false,"path_per_floor":["M","$","?","M","M","R","E","?","T","?","E","R","T","M","R","B",null,"M","?","?","$","M","R","E","R","T","E","M","E","M","$","R","B",null,"M","M","?","$","?","R","E","?","T","R","$","E","$","M","R","B",null,"R","$","E","B",null],"character_chosen":"DEFECT","items_purchased":["Gash","FTL","Steam","FossilizedHelix","Conserve Battery","Echo Form","Coolheaded","Coolheaded","Rebound+1","Coolheaded","FTL+1","Ancient Potion"],"campfire_rested":2,"item_purchase_floors":[2,2,2,21,21,38,38,45,47,47,53,53],"current_hp_per_floor":[65,65,23,23,23,43,40,37,37,37,9,29,29,31,31,13,68,66,66,66,66,68,68,68,68,68,70,74,74,76,76,76,76,76,78,78,78,78,78,78,80,76,76,76,76,78,78,80,80,80,80,80,80,82,82],"gold":41,"neow_bonus":"TWO_FIFTY_GOLD","is_prod":false,"is_daily":false,"chose_seed":false,"campfire_upgraded":7,"win_rate":0,"timestamp":1557285523,"path_taken":["M","$","?","M","M","R","E","?","T","?","E","R","?","M","R","BOSS","M","?","?","?","M","R","E","R","T","E","M","E","M","$","R","BOSS","M","M","?","$","?","R","E","?","T","R","?","E","$","M","R","BOSS","R","$","E","BOSS"],"build_version":"2019-04-23","purchased_purges":3,"victory":true,"max_hp_per_floor":[68,68,68,68,68,68,68,68,68,68,68,68,68,68,68,68,68,68,68,68,68,68,68,68,68,68,70,74,74,76,76,76,76,76,78,78,78,78,78,78,80,76,76,76,76,78,78,80,80,80,80,80,80,82,82],"card_choices":[{"not_picked":["Streamline","Redo"],"picked":"Cold Snap","floor":1},{"not_picked":["Compile Driver","Tempest"],"picked":"Cold Snap","floor":4},{"not_picked":["Coolheaded","Fusion"],"picked":"FTL","floor":5},{"not_picked":["Lockon","Heatsinks"],"picked":"Hologram","floor":7},{"not_picked":["Redo","Go for the Eyes"],"picked":"Hologram","floor":8},{"not_picked":["Tempest","Fusion"],"picked":"Machine Learning","floor":11},{"not_picked":["Tempest","Stack"],"picked":"Hello World","floor":14},{"not_picked":["Turbo","Stack"],"picked":"Self Repair","floor":14},{"not_picked":["Biased Cognition","Meteor Strike+1"],"picked":"Fission","floor":16},{"not_picked":["Streamline+1","Barrage+1"],"picked":"BootSequence","floor":18},{"not_picked":["Melter+1","Steam+1"],"picked":"Hologram+1","floor":18},{"not_picked":["Undo","Sunder+1"],"picked":"Double Energy+1","floor":22},{"not_picked":["Force Field","Coolheaded"],"picked":"Go for the Eyes+1","floor":22},{"not_picked":["Steam","All For One+1"],"picked":"Core Surge+1","floor":24},{"not_picked":["Ball Lightning+1","Loop","Turbo"],"picked":"Singing Bowl","floor":27},{"not_picked":["Stack","Sweeping Beam+1","Doom and Gloom+1"],"picked":"Singing Bowl","floor":28},{"not_picked":["Cold Snap+1","Melter+1","Reinforced Body"],"picked":"Singing Bowl","floor":28},{"not_picked":["Recycle","Storm"],"picked":"Chill","floor":29},{"not_picked":["Steam","Reboot"],"picked":"Gash+1","floor":30},{"not_picked":["Streamline+1","Capacitor","White Noise"],"picked":"Singing Bowl","floor":30},{"not_picked":["Amplify","Buffer"],"picked":"All For One+1","floor":33},{"not_picked":["Heatsinks","BootSequence+1","Go for the Eyes+1"],"picked":"Singing Bowl","floor":35},{"not_picked":["Leap+1","Double Energy"],"picked":"Compile Driver+1","floor":35},{"not_picked":["Darkness","Compile Driver+1"],"picked":"Go for the Eyes+1","floor":36},{"not_picked":["Steam+1","Cold Snap+1"],"picked":"Beam Cell+1","floor":36},{"not_picked":["Ball Lightning+1","Turbo+1"],"picked":"Scrape+1","floor":39},{"not_picked":["Scrape+1","Barrage+1","Echo Form"],"picked":"Singing Bowl","floor":41},{"not_picked":["Stack+1","Turbo+1","Melter+1"],"picked":"Singing Bowl","floor":46},{"not_picked":["Reinforced Body+1","Heatsinks+1","Redo+1"],"picked":"Singing Bowl","floor":48},{"not_picked":["Ball Lightning+1","Beam Cell+1"],"picked":"Hologram+1","floor":48},{"not_picked":["Compile Driver+1","Hyperbeam+1","Redo"],"picked":"Singing Bowl","floor":54}],"player_experience":5672457,"relics_obtained":[{"floor":7,"key":"Prayer Wheel"},{"floor":8,"key":"Blood Vial"},{"floor":9,"key":"Singing Bowl"},{"floor":11,"key":"Kunai"},{"floor":13,"key":"Molten Egg 2"},{"floor":24,"key":"Peace Pipe"},{"floor":26,"key":"Emotion Chip"},{"floor":27,"key":"MawBank"},{"floor":29,"key":"Happy Flower"},{"floor":39,"key":"Thread and Needle"},{"floor":41,"key":"Bronze Scales"},{"floor":46,"key":"Unceasing Top"},{"floor":54,"key":"Ornamental Fan"}],"event_choices":[{"damage_healed":0,"gold_gain":0,"player_choice":"Success","damage_taken":42,"relics_obtained":["Dodecahedron"],"max_hp_gain":0,"max_hp_loss":0,"event_name":"Scrap Ooze","floor":3,"gold_loss":0},{"damage_healed":0,"gold_gain":0,"player_choice":"Searched \u00271\u0027 times","damage_taken":0,"max_hp_gain":0,"max_hp_loss":0,"event_name":"Dead Adventurer","floor":8,"gold_loss":0},{"cards_removed":["Defend_B"],"damage_healed":0,"gold_gain":0,"player_choice":"Card Removal","damage_taken":0,"max_hp_gain":0,"max_hp_loss":0,"event_name":"The Cleric","floor":10,"gold_loss":50},{"damage_healed":0,"gold_gain":0,"cards_transformed":["Strike_B","Strike_B"],"player_choice":"Became Test Subject","damage_taken":0,"max_hp_gain":0,"max_hp_loss":0,"event_name":"Drug Dealer","floor":19,"gold_loss":0,"cards_obtained":["Meteor Strike","Biased Cognition"]},{"damage_healed":0,"gold_gain":0,"player_choice":"Read","damage_taken":0,"max_hp_gain":0,"max_hp_loss":0,"event_name":"The Library","floor":20,"gold_loss":0,"cards_obtained":["Gash"]},{"cards_removed":["Hologram"],"damage_healed":0,"gold_gain":0,"player_choice":"Removed Skill","damage_taken":0,"max_hp_gain":0,"max_hp_loss":0,"event_name":"Falling","floor":37,"gold_loss":0},{"damage_healed":0,"gold_gain":0,"player_choice":"Fight","damage_taken":0,"max_hp_gain":0,"max_hp_loss":0,"event_name":"MindBloom","floor":39,"gold_loss":0},{"damage_healed":0,"gold_gain":0,"player_choice":"Max HP","damage_taken":0,"max_hp_gain":0,"max_hp_loss":4,"event_name":"Winding Halls","floor":42,"gold_loss":0}],"is_beta":true,"boss_relics":[{"not_picked":["Tiny House","Calling Bell"],"picked":"Inserter"},{"not_picked":["Astrolabe","Empty Cage"],"picked":"Nuclear Battery"}],"items_purged_floors":[2,38,53],"is_endless":false,"potions_floor_spawned":[4,5,11,22,27,28,29,35,36,39,46,48,54],"ascension_level":1}