{"gold_per_floor":[214,227,402,9,9,38,38,116,116,148,148,210,225,242,242,345,345,365,382,382,39,50,50,79,79,79,79,27,27,27,58,58,155,155,172,172,190,51,69,95,459,486,498,510,534,546,588,388,388,388,388,388,30,58,58],"floor_reached":56,"playtime":3062,"items_purged":["Doubt","Dropkick","Strike_R+1"],"score":1530,"play_id":"9cafe915-4244-4c73-b218-b8845d96273a","local_time":"20190213225011","is_ascension_mode":true,"campfire_choices":[{"floor":7,"key":"REST"},{"floor":11,"key":"REST"},{"data":"True Grit","floor":15,"key":"SMITH"},{"data":"Mayhem","floor":23,"key":"SMITH"},{"data":"Juggernaut","floor":25,"key":"SMITH"},{"data":"Body Slam","floor":27,"key":"SMITH"},{"data":"Double Tap","floor":32,"key":"SMITH"},{"floor":44,"key":"RECALL"},{"data":"Berserk","floor":49,"key":"SMITH"},{"data":"Uppercut","floor":52,"key":"SMITH"}],"neow_cost":"NONE","seed_source_timestamp":5136319764088168,"circlet_count":0,"master_deck":["Strike_R+1","Strike_R+1","Strike_R+1","Strike_R+1","Defend_R+1","Defend_R+1","Defend_R+1","Defend_R+1","Bash","Power Through+1","Mayhem+1","Barricade+1","Perfected Strike","Body Slam+1","True Grit+1","Metallicize","Perfected Strike","Juggernaut+1","Body Slam+1","Metallicize","Dual Wield+1","Double Tap+1","Shrug It Off","Ghostly","Ghostly","Ghostly","Ghostly","Ghostly","Impervious","Feel No Pain","Madness","Madness","Seeing Red+1","Discovery","Shrug It Off+1","Uppercut+1","Metallicize+1","Body Slam+1","Ghostly Armor+1","Iron Wave+1","Berserk+1","Barricade"],"relics":["Burning Blood","Centennial Puzzle","Orichalcum","Smiling Mask","Mercury Hourglass","Coffee Dripper","Medical Kit","Anchor","Letter Opener","Enchiridion","Bag of Preparation","Runic Cube","MawBank","Old Coin","Question Card","Bag of Marbles","Gambling Chip","Red Skull"],"potions_floor_usage":[6,14,50,55,55,55],"damage_taken":[{"damage":1,"enemies":"Jaw Worm","floor":1,"turns":3},{"damage":2,"enemies":"2 Louse","floor":2,"turns":3},{"damage":39,"enemies":"Gremlin Nob","floor":6,"turns":6},{"damage":34,"enemies":"3 Sentries","floor":10,"turns":20},{"damage":14,"enemies":"Lagavulin Event","floor":12,"turns":6},{"damage":4,"enemies":"Small Slimes","floor":13,"turns":2},{"damage":5,"enemies":"Exordium Wildlife","floor":14,"turns":3},{"damage":0,"enemies":"Slime Boss","floor":16,"turns":12},{"damage":2,"enemies":"Shell Parasite","floor":18,"turns":5},{"damage":10,"enemies":"2 Thieves","floor":19,"turns":3},{"damage":6,"enemies":"Snecko","floor":22,"turns":5},{"damage":16,"enemies":"Slavers","floor":24,"turns":5},{"damage":0,"enemies":"Book of Stabbing","floor":31,"turns":5},{"damage":0,"enemies":"Collector","floor":33,"turns":4},{"damage":0,"enemies":"Orb Walker","floor":35,"turns":5},{"damage":0,"enemies":"3 Shapes","floor":37,"turns":5},{"damage":19,"enemies":"Transient","floor":39,"turns":5},{"damage":0,"enemies":"Reptomancer","floor":40,"turns":7},{"damage":0,"enemies":"2 Orb Walkers","floor":41,"turns":7},{"damage":0,"enemies":"Writhing Mass","floor":42,"turns":7},{"damage":0,"enemies":"Jaw Worm Horde","floor":45,"turns":6},{"damage":29,"enemies":"Nemesis","floor":47,"turns":9},{"damage":4,"enemies":"Awakened One","floor":50,"turns":7},{"damage":0,"enemies":"Shield and Spear","floor":54,"turns":5},{"damage":7,"enemies":"The Heart","floor":55,"turns":7}],"seed_played":"-1960105151764863389","potions_obtained":[{"floor":2,"key":"SteroidPotion"},{"floor":12,"key":"Explosive Potion"},{"floor":13,"key":"Ancient Potion"},{"floor":14,"key":"LiquidBronze"},{"floor":22,"key":"PowerPotion"},{"floor":45,"key":"Weak Potion"},{"floor":54,"key":"Dexterity Potion"}],"is_trial":false,"path_per_floor":["M","M","?","$","?","E","R","T","T","E","R","?","M","M","R","B",null,"M","M","?","$","M","R","E","R","T","R","$","?","?","E","R","B",null,"M","?","M","$","M","E","?","M","T","R","M","?","E","$","R","B",null,"R","$","E","B",null],"character_chosen":"IRONCLAD","items_purchased":["Mayhem","Barricade","Medical Kit","Metallicize","Regen Potion","Shrug It Off","Discovery","Berserk","Gambling Chip","Energy Potion"],"campfire_rested":2,"item_purchase_floors":[4,4,21,21,21,28,38,48,53,53],"current_hp_per_floor":[80,80,80,80,64,31,55,55,55,27,51,43,45,46,46,52,80,80,76,76,76,76,76,66,66,66,66,66,50,40,40,40,40,40,40,35,40,40,27,33,39,40,40,40,40,40,17,17,17,19,40,40,40,40,39],"gold":58,"neow_bonus":"HUNDRED_GOLD","is_prod":false,"is_daily":false,"chose_seed":false,"campfire_upgraded":7,"win_rate":0,"timestamp":1550116211,"path_taken":["M","M","?","$","?","E","R","?","T","E","R","?","M","?","R","BOSS","M","M","?","$","M","R","E","R","T","R","$","?","?","E","R","BOSS","M","?","M","?","M","E","?","M","T","R","?","?","E","$","R","BOSS","R","$","E","BOSS"],"build_version":"2019-02-06","purchased_purges":3,"victory":true,"max_hp_per_floor":[80,80,80,80,80,80,80,80,80,80,80,80,80,80,80,80,80,80,80,80,80,80,80,80,80,80,80,80,80,40,40,40,40,40,40,40,40,40,40,40,40,40,40,40,40,40,40,40,40,40,40,40,40,40,40],"card_choices":[{"not_picked":["Sword Boomerang","Second Wind"],"picked":"Power Through","floor":1},{"not_picked":["Flex","Dual Wield"],"picked":"Dropkick","floor":2},{"not_picked":["Wild Strike","Sword Boomerang"],"picked":"Perfected Strike","floor":6},{"not_picked":["Juggernaut","Inflame"],"picked":"Body Slam","floor":10},{"not_picked":["Fire Breathing","Heavy Blade"],"picked":"True Grit","floor":12},{"not_picked":["Sword Boomerang","Wild Strike"],"picked":"Metallicize","floor":13},{"not_picked":["Intimidate","Heavy Blade"],"picked":"Perfected Strike","floor":14},{"not_picked":["Fiend Fire","Exhume"],"picked":"Juggernaut","floor":16},{"not_picked":["True Grit","Pommel Strike"],"picked":"Body Slam+1","floor":18},{"not_picked":["Heavy Blade","Pommel Strike","Body Slam"],"picked":"SKIP","floor":19},{"not_picked":["Clothesline+1","Sever Soul"],"picked":"Dual Wield+1","floor":22},{"not_picked":["Warcry","Iron Wave"],"picked":"Double Tap","floor":24},{"not_picked":["Rampage+1","True Grit","Sword Boomerang"],"picked":"SKIP","floor":31},{"not_picked":["Bludgeon","Reaper"],"picked":"Impervious","floor":33},{"not_picked":["Anger","Pommel Strike"],"picked":"Feel No Pain","floor":35},{"not_picked":["Warcry","Heavy Blade"],"picked":"Seeing Red+1","floor":37},{"not_picked":["Cleave","Evolve"],"picked":"Shrug It Off+1","floor":39},{"not_picked":["Hemokinesis","Blood for Blood+1"],"picked":"Uppercut","floor":40},{"not_picked":["Sword Boomerang","Ghostly Armor+1"],"picked":"Metallicize+1","floor":41},{"not_picked":["Searing Blow+1","Heavy Blade+1"],"picked":"Body Slam+1","floor":42},{"not_picked":["Flame Barrier+1","Thunderclap","Havoc"],"picked":"Ghostly Armor+1","floor":45},{"not_picked":["Dual Wield","Wild Strike","Twin Strike"],"picked":"Iron Wave+1","floor":47},{"not_picked":["Heavy Blade","True Grit+1","Infernal Blade"],"picked":"Barricade","floor":54}],"player_experience":4503385,"relics_obtained":[{"floor":6,"key":"Centennial Puzzle"},{"floor":9,"key":"Orichalcum"},{"floor":10,"key":"Smiling Mask"},{"floor":12,"key":"Mercury Hourglass"},{"floor":24,"key":"Anchor"},{"floor":26,"key":"Letter Opener"},{"floor":29,"key":"Enchiridion"},{"floor":31,"key":"Bag of Preparation"},{"floor":40,"key":"MawBank"},{"floor":41,"key":"Old Coin"},{"floor":43,"key":"Question Card"},{"floor":47,"key":"Bag of Marbles"},{"floor":54,"key":"Red Skull"}],"event_choices":[{"damage_healed":0,"gold_gain":175,"player_choice":"AGREE","damage_taken":0,"max_hp_gain":0,"max_hp_loss":0,"event_name":"Liars Game","floor":3,"gold_loss":0,"cards_obtained":["Doubt"]},{"damage_healed":0,"gold_gain":0,"player_choice":"Entered Light","damage_taken":16,"max_hp_gain":0,"max_hp_loss":0,"event_name":"Shining Light","floor":5,"gold_loss":0,"cards_upgraded":["Barricade","Power Through"]},{"damage_healed":0,"gold_gain":30,"player_choice":"Searched \u00272\u0027 times","damage_taken":0,"max_hp_gain":0,"max_hp_loss":0,"event_name":"Dead Adventurer","floor":12,"gold_loss":0},{"damage_healed":0,"gold_gain":0,"player_choice":"Simplicity","damage_taken":0,"max_hp_gain":0,"max_hp_loss":0,"event_name":"Back to Basics","floor":20,"gold_loss":0,"cards_upgraded":["Strike_R","Strike_R","Strike_R","Strike_R","Strike_R","Defend_R","Defend_R","Defend_R","Defend_R"]},{"damage_healed":0,"gold_gain":0,"player_choice":"Obtained Book","damage_taken":16,"max_hp_gain":0,"max_hp_loss":0,"event_name":"Cursed Tome","floor":29,"gold_loss":0},{"damage_healed":0,"gold_gain":0,"player_choice":"Became a Ghost","damage_taken":0,"max_hp_gain":0,"max_hp_loss":40,"event_name":"Ghosts","floor":30,"gold_loss":0,"cards_obtained":["Ghostly","Ghostly","Ghostly","Ghostly","Ghostly"]},{"damage_healed":0,"gold_gain":0,"player_choice":"Embrace Madness","damage_taken":5,"max_hp_gain":0,"max_hp_loss":0,"event_name":"Winding Halls","floor":36,"gold_loss":0,"cards_obtained":["Madness","Madness"]},{"damage_healed":0,"gold_gain":0,"player_choice":"Fight","damage_taken":0,"max_hp_gain":0,"max_hp_loss":0,"event_name":"Mysterious Sphere","floor":41,"gold_loss":0},{"damage_healed":0,"gold_gain":0,"player_choice":"Ignored","damage_taken":0,"max_hp_gain":0,"max_hp_loss":0,"event_name":"Tomb of Lord Red Mask","floor":46,"gold_loss":0}],"is_beta":true,"boss_relics":[{"not_picked":["Eternal Feather","Calling Bell"],"picked":"Coffee Dripper"},{"not_picked":["Velvet Choker","Black Blood"],"picked":"Runic Cube"}],"items_purged_floors":[4,38,48],"is_endless":false,"potions_floor_spawned":[2,12,13,14,22,24,31,35,40,45,54],"ascension_level":1}