{"gold_per_floor":[119,119,138,138,148,148,178,188,188,203,231,249,249,29,29,131,131,131,101,101,101,1,1,1,1,1,1,1,1,1,1,1,1,1,1,1,1,1,1,1,1,1,1,1,1,1,1,1,1,1,1,1,1,1,1],"floor_reached":56,"playtime":2989,"items_purged":["Decay","Strike_B"],"score":1358,"play_id":"556b4dd5-572b-4fe9-8682-db9f70374e29","local_time":"20190513201017","is_ascension_mode":false,"campfire_choices":[{"data":"Streamline","floor":6,"key":"SMITH"},{"data":"Doom and Gloom","floor":15,"key":"SMITH"},{"data":"Electrodynamics","floor":24,"key":"SMITH"},{"floor":30,"key":"REST"},{"floor":32,"key":"REST"},{"data":"Coolheaded","floor":41,"key":"SMITH"},{"floor":49,"key":"RECALL"},{"data":"Biased Cognition","floor":52,"key":"SMITH"}],"neow_cost":"NONE","seed_source_timestamp":1326284550446932,"circlet_count":0,"master_deck":["Defend_B+1","Defend_B+1","Defend_B","Zap","Dualcast","Compile Driver","Streamline+1","Coolheaded+1","Doom and Gloom+1","Electrodynamics+1","Compile Driver","Conserve Battery","Echo Form","Recycle+1","Sweeping Beam","Compile Driver+1","Tempest","Biased Cognition+1","Tempest+1","Loop+1","Echo Form","Leap+1","Undo","Creative AI"],"relics":["Cracked Core","War Paint","Singing Bowl","Lantern","Sundial","Anchor","Ectoplasm","PreservedInsect","Letter Opener","MutagenicStrength","Ancient Tea Set","Snecko Eye","Dead Branch","Bird Faced Urn","Calipers","Boot","Centennial Puzzle","Pen Nib"],"potions_floor_usage":[7,8,28,33,40,40,40,47,55],"damage_taken":[{"damage":1,"enemies":"Jaw Worm","floor":1,"turns":4},{"damage":5,"enemies":"Small Slimes","floor":3,"turns":3},{"damage":0,"enemies":"Cultist","floor":5,"turns":2},{"damage":11,"enemies":"3 Sentries","floor":7,"turns":7},{"damage":0,"enemies":"3 Louse","floor":8,"turns":2},{"damage":0,"enemies":"Blue Slaver","floor":10,"turns":3},{"damage":10,"enemies":"Lagavulin","floor":11,"turns":5},{"damage":5,"enemies":"Large Slime","floor":12,"turns":4},{"damage":0,"enemies":"Slime Boss","floor":16,"turns":6},{"damage":0,"enemies":"3 Byrds","floor":18,"turns":3},{"damage":2,"enemies":"2 Thieves","floor":19,"turns":2},{"damage":24,"enemies":"Slavers","floor":23,"turns":3},{"damage":25,"enemies":"Book of Stabbing","floor":28,"turns":5},{"damage":0,"enemies":"Centurion and Healer","floor":29,"turns":2},{"damage":43,"enemies":"Champ","floor":33,"turns":10},{"damage":6,"enemies":"3 Darklings","floor":35,"turns":3},{"damage":30,"enemies":"2 Orb Walkers","floor":37,"turns":3},{"damage":0,"enemies":"Mind Bloom Boss Battle","floor":38,"turns":4},{"damage":0,"enemies":"3 Shapes","floor":39,"turns":3},{"damage":0,"enemies":"Reptomancer","floor":40,"turns":2},{"damage":0,"enemies":"Giant Head","floor":42,"turns":4},{"damage":28,"enemies":"Spire Growth","floor":44,"turns":4},{"damage":0,"enemies":"4 Shapes","floor":45,"turns":4},{"damage":0,"enemies":"Transient","floor":46,"turns":5},{"damage":12,"enemies":"Reptomancer","floor":47,"turns":4},{"damage":35,"enemies":"Awakened One","floor":50,"turns":8},{"damage":34,"enemies":"Shield and Spear","floor":54,"turns":3},{"damage":79,"enemies":"The Heart","floor":55,"turns":9}],"seed_played":"-1305918492600649821","potions_obtained":[{"floor":1,"key":"Regen Potion"},{"floor":5,"key":"Block Potion"},{"floor":8,"key":"Poison Potion"},{"floor":10,"key":"Dexterity Potion"},{"floor":23,"key":"Explosive Potion"},{"floor":29,"key":"Block Potion"},{"floor":37,"key":"FearPotion"},{"floor":39,"key":"FocusPotion"},{"floor":40,"key":"PowerPotion"},{"floor":42,"key":"Poison Potion"}],"is_trial":false,"path_per_floor":["M","?","M","?","M","R","E","M","T","M","E","M","?","$","R","B",null,"M","M","?","?","$","E","R","?","T","?","E","M","R","$","R","B",null,"M","?","?","?","M","E","R","E","T","M","M","M","E","?","R","B",null,"R","$","E","B",null],"character_chosen":"DEFECT","items_purchased":["Anchor"],"campfire_rested":2,"item_purchase_floors":[14],"current_hp_per_floor":[74,67,62,55,55,55,59,59,59,61,51,46,46,46,46,46,77,77,75,75,75,75,51,51,37,37,37,12,14,39,39,64,21,84,78,78,48,50,56,68,68,84,84,58,86,88,84,84,84,75,88,88,88,56,17],"gold":1,"neow_bonus":"REMOVE_CARD","is_prod":false,"is_daily":false,"chose_seed":false,"campfire_upgraded":5,"win_rate":0,"timestamp":1557774617,"path_taken":["M","?","M","?","M","R","E","M","T","M","E","M","?","$","R","BOSS","M","M","?","?","$","E","R","?","T","?","E","?","R","$","R","BOSS","M","?","?","?","M","E","R","E","T","?","M","M","E","?","R","BOSS","R","$","E","BOSS"],"build_version":"2019-05-07","purchased_purges":2,"victory":true,"max_hp_per_floor":[75,75,75,75,75,75,75,75,75,77,77,77,77,77,77,77,77,77,77,77,77,77,77,77,82,82,82,82,84,84,84,84,84,84,84,80,80,82,82,84,84,84,84,84,86,88,88,88,88,88,88,88,88,90,90],"card_choices":[{"not_picked":["Consume","Leap"],"picked":"Compile Driver","floor":1},{"not_picked":["Heatsinks","Blizzard"],"picked":"Streamline","floor":3},{"not_picked":["Rebound","Gash"],"picked":"Coolheaded","floor":5},{"not_picked":["Cold Snap","BootSequence"],"picked":"Doom and Gloom","floor":7},{"not_picked":["Hologram","Redo"],"picked":"Electrodynamics","floor":8},{"not_picked":["Gash","Aggregate","Hello World"],"picked":"Singing Bowl","floor":10},{"not_picked":["Double Energy","Leap"],"picked":"Compile Driver","floor":11},{"not_picked":["Chaos","Steam"],"picked":"Conserve Battery","floor":12},{"not_picked":["All For One","Thunder Strike"],"picked":"Echo Form","floor":16},{"not_picked":["Turbo","Barrage"],"picked":"Recycle+1","floor":18},{"not_picked":["Scrape+1","Go for the Eyes"],"picked":"Sweeping Beam","floor":19},{"not_picked":["Streamline","Go for the Eyes"],"picked":"Compile Driver+1","floor":23},{"not_picked":["Cold Snap","Core Surge"],"picked":"Tempest","floor":28},{"not_picked":["Gash+1","White Noise","Doom and Gloom"],"picked":"Singing Bowl","floor":29},{"not_picked":["Buffer","Core Surge"],"picked":"Biased Cognition","floor":33},{"not_picked":["Conserve Battery","Compile Driver"],"picked":"Tempest+1","floor":35},{"not_picked":["Go for the Eyes+1","Redo"],"picked":"Loop+1","floor":37},{"not_picked":["Rebound+1","Gash","Steam+1"],"picked":"Singing Bowl","floor":38},{"not_picked":["Loop","Scrape"],"picked":"Echo Form","floor":39},{"not_picked":["Melter","Cold Snap+1","Auto Shields+1"],"picked":"Singing Bowl","floor":40},{"not_picked":["Fusion+1","Rebound+1"],"picked":"Leap+1","floor":42},{"not_picked":["Rip and Tear","Aggregate"],"picked":"Undo","floor":44},{"not_picked":["Compile Driver+1","Coolheaded+1","Barrage+1"],"picked":"Singing Bowl","floor":45},{"not_picked":["Compile Driver+1","Fusion+1","Chaos+1"],"picked":"Singing Bowl","floor":46},{"not_picked":["Beam Cell+1","Blizzard+1"],"picked":"Creative AI","floor":47},{"not_picked":["Tempest+1","Darkness","All For One"],"picked":"Singing Bowl","floor":54}],"player_experience":1416759,"relics_obtained":[{"floor":7,"key":"Singing Bowl"},{"floor":9,"key":"Lantern"},{"floor":11,"key":"Sundial"},{"floor":23,"key":"PreservedInsect"},{"floor":26,"key":"Letter Opener"},{"floor":28,"key":"Ancient Tea Set"},{"floor":37,"key":"Dead Branch"},{"floor":38,"key":"Bird Faced Urn"},{"floor":40,"key":"Calipers"},{"floor":42,"key":"Boot"},{"floor":47,"key":"Centennial Puzzle"},{"floor":54,"key":"Pen Nib"}],"event_choices":[{"cards_removed":["Strike_B"],"damage_healed":0,"gold_gain":0,"player_choice":"Card Removal","damage_taken":7,"max_hp_gain":0,"max_hp_loss":0,"event_name":"Golden Wing","floor":2,"gold_loss":0},{"damage_healed":0,"gold_gain":0,"player_choice":"Success","damage_taken":7,"relics_obtained":["War Paint"],"max_hp_gain":0,"max_hp_loss":0,"event_name":"Scrap Ooze","floor":4,"gold_loss":0},{"damage_healed":0,"gold_gain":0,"player_choice":"Cursed","damage_taken":0,"max_hp_gain":0,"max_hp_loss":0,"event_name":"Wheel of Change","floor":13,"gold_loss":0,"cards_obtained":["Decay"]},{"cards_removed":["Strike_B"],"damage_healed":0,"gold_gain":0,"player_choice":"Elegance","damage_taken":0,"max_hp_gain":0,"max_hp_loss":0,"event_name":"Back to Basics","floor":20,"gold_loss":0},{"damage_healed":0,"gold_gain":0,"player_choice":"Ignored","damage_taken":0,"max_hp_gain":0,"max_hp_loss":0,"event_name":"The Mausoleum","floor":21,"gold_loss":0},{"damage_healed":0,"gold_gain":0,"player_choice":"Shed Blood","damage_taken":19,"max_hp_gain":5,"max_hp_loss":0,"event_name":"Forgotten Altar","floor":25,"gold_loss":0},{"damage_healed":0,"gold_gain":0,"player_choice":"Inject Mutagens","damage_taken":0,"relics_obtained":["MutagenicStrength"],"max_hp_gain":0,"max_hp_loss":0,"event_name":"Drug Dealer","floor":27,"gold_loss":0},{"damage_healed":0,"gold_gain":0,"player_choice":"Max HP","damage_taken":0,"max_hp_gain":0,"max_hp_loss":4,"event_name":"Winding Halls","floor":36,"gold_loss":0},{"damage_healed":0,"gold_gain":0,"player_choice":"Fight","damage_taken":0,"max_hp_gain":0,"max_hp_loss":0,"event_name":"Mysterious Sphere","floor":37,"gold_loss":0},{"damage_healed":0,"gold_gain":0,"player_choice":"Fight","damage_taken":0,"max_hp_gain":0,"max_hp_loss":0,"event_name":"MindBloom","floor":38,"gold_loss":0},{"cards_removed":["Defend_B"],"damage_healed":0,"gold_gain":0,"player_choice":"Purged","damage_taken":0,"max_hp_gain":0,"max_hp_loss":0,"event_name":"Purifier","floor":48,"gold_loss":0}],"is_beta":true,"boss_relics":[{"not_picked":["Fusion Hammer","Black Star"],"picked":"Ectoplasm"},{"not_picked":["Empty Cage","Velvet Choker"],"picked":"Snecko Eye"}],"items_purged_floors":[14,22],"is_endless":false,"potions_floor_spawned":[1,5,8,10,23,29,37,39,40,42],"ascension_level":0}