{"gold_per_floor":[114,114,132,143,62,62,88,104,158,169,182,200,6,25,25,120,120,135,135,147,159,170,188,218,218],"floor_reached":25,"playtime":1268,"items_purged":[],"score":231,"play_id":"11ed6156-ac96-4a48-9d61-cb693c0bf953","local_time":"20190329141039","is_ascension_mode":false,"campfire_choices":[{"data":"Cold Snap","floor":6,"key":"SMITH"},{"floor":15,"key":"REST"}],"neow_cost":"NONE","seed_source_timestamp":533774401595499,"circlet_count":0,"master_deck":["Strike_B","Strike_B","Strike_B","Defend_B","Defend_B","Defend_B","Defend_B","Zap","Dualcast","Panacea","Beam Cell","Steam","Streamline","Cold Snap+1","Dramatic Entrance","Compile Driver","Conserve Battery","Turbo","White Noise","Undo","Auto Shields","Loop","Doom and Gloom","Rebound","Reboot","Ball Lightning","Dramatic Entrance","Chill+1","Static Discharge+1","Turbo+1","Ball Lightning","Cold Snap+1"],"relics":["Cracked Core","Dodecahedron","Happy Flower","Sozu","Omamori"],"potions_floor_usage":[],"damage_taken":[{"damage":0,"enemies":"Small Slimes","floor":1,"turns":3},{"damage":0,"enemies":"Cultist","floor":3,"turns":4},{"damage":0,"enemies":"2 Louse","floor":4,"turns":1},{"damage":19,"enemies":"3 Sentries","floor":7,"turns":5},{"damage":4,"enemies":"2 Fungi Beasts","floor":8,"turns":2},{"damage":0,"enemies":"Exordium Wildlife","floor":10,"turns":3},{"damage":6,"enemies":"3 Louse","floor":11,"turns":2},{"damage":7,"enemies":"2 Fungi Beasts","floor":12,"turns":2},{"damage":2,"enemies":"Lots of Slimes","floor":14,"turns":2},{"damage":17,"enemies":"Slime Boss","floor":16,"turns":10},{"damage":2,"enemies":"Shell Parasite","floor":18,"turns":5},{"damage":7,"enemies":"3 Byrds","floor":20,"turns":4},{"damage":22,"enemies":"Centurion and Healer","floor":21,"turns":7},{"damage":23,"enemies":"Snake Plant","floor":22,"turns":4},{"damage":0,"enemies":"Snecko","floor":23,"turns":4},{"damage":12,"enemies":"Gremlin Leader","floor":24,"turns":6},{"damage":15,"enemies":"Cultist and Chosen","floor":25,"turns":4}],"seed_played":"-8561717244008011878","potions_obtained":[{"floor":4,"key":"Dexterity Potion"},{"floor":11,"key":"SteroidPotion"},{"floor":12,"key":"SteroidPotion"},{"floor":14,"key":"Energy Potion"}],"is_trial":false,"path_per_floor":["M","?","M","M","$","R","E","M","T","M","M","M","$","M","R","B",null,"M","?","M","M","M","M","E","M"],"character_chosen":"DEFECT","items_purchased":["Dramatic Entrance","Auto Shields","Loop","Doom and Gloom"],"campfire_rested":1,"item_purchase_floors":[5,13,13,13],"current_hp_per_floor":[75,75,75,75,75,75,56,52,52,52,46,39,39,37,59,42,75,73,73,66,44,21,21,9,0],"gold":218,"neow_bonus":"RANDOM_COLORLESS","is_prod":false,"is_daily":false,"chose_seed":false,"campfire_upgraded":1,"win_rate":0.0,"timestamp":1553883039,"path_taken":["M","?","M","?","$","R","E","M","T","M","M","?","?","M","R","BOSS","M","?","M","M","M","?","E","M"],"build_version":"2019-01-23","purchased_purges":0,"victory":false,"max_hp_per_floor":[75,75,75,75,75,75,75,75,75,75,75,75,75,75,75,75,75,75,75,75,75,75,75,75,75],"card_choices":[{"not_picked":["Steam Power","Coolheaded"],"picked":"Beam Cell","floor":1},{"not_picked":["Beam Cell","Coolheaded"],"picked":"Streamline","floor":3},{"not_picked":["Compile Driver","Beam Cell"],"picked":"Cold Snap","floor":4},{"not_picked":["Static Discharge","Steam"],"picked":"Compile Driver","floor":7},{"not_picked":["Coolheaded","Rebound"],"picked":"Conserve Battery","floor":8},{"not_picked":["Heatsinks","Recycle"],"picked":"Turbo","floor":10},{"not_picked":["Hologram","Go for the Eyes"],"picked":"White Noise","floor":11},{"not_picked":["Stack","Chaos"],"picked":"Undo","floor":12},{"not_picked":["Meteor Strike","Conserve Battery"],"picked":"Rebound","floor":14},{"not_picked":["Meteor Strike","Rainbow"],"picked":"Reboot","floor":16},{"not_picked":["Steam","Fusion+1"],"picked":"Ball Lightning","floor":18},{"not_picked":["Ball Lightning","Steam+1"],"picked":"Chill+1","floor":20},{"not_picked":["Barrage","Steam Power"],"picked":"Static Discharge+1","floor":21},{"not_picked":["Fission","Scrape+1"],"picked":"Turbo+1","floor":22},{"not_picked":["Steam","Aggregate+1"],"picked":"Ball Lightning","floor":23},{"not_picked":["Auto Shields","Redo"],"picked":"Cold Snap+1","floor":24}],"player_experience":36347,"relics_obtained":[{"floor":7,"key":"Dodecahedron"},{"floor":9,"key":"Happy Flower"},{"floor":24,"key":"Omamori"}],"event_choices":[{"damage_healed":0,"gold_gain":0,"cards_transformed":["Strike_B"],"player_choice":"Transformed","damage_taken":0,"max_hp_gain":0,"max_hp_loss":0,"event_name":"Transmorgrifier","floor":2,"gold_loss":0,"cards_obtained":["Steam"]},{"damage_healed":0,"gold_gain":0,"player_choice":"Copied","damage_taken":0,"max_hp_gain":0,"max_hp_loss":0,"event_name":"Duplicator","floor":19,"gold_loss":0,"cards_obtained":["Dramatic Entrance"]}],"is_beta":false,"boss_relics":[{"not_picked":["Philosopher\u0027s Stone","Coffee Dripper"],"picked":"Sozu"}],"items_purged_floors":[],"is_endless":false,"potions_floor_spawned":[4,11,12,14,16,20,21,24],"killed_by":"Cultist and Chosen","ascension_level":0}