{"gold_per_floor":[116,134,25,41,41,41,76,76,152,165,165,176,176,188,188,188],"floor_reached":16,"playtime":432,"items_purged":["Strike_B"],"score":173,"play_id":"8188e60e-2b3d-43a4-b08b-582174a82653","local_time":"20190309010059","is_ascension_mode":true,"campfire_choices":[{"data":"Genetic Algorithm","floor":6,"key":"SMITH"},{"data":"Gash","floor":11,"key":"SMITH"},{"floor":13,"key":"REST"},{"data":"Chill","floor":15,"key":"SMITH"}],"neow_cost":"NONE","seed_source_timestamp":1942043740337321,"circlet_count":0,"master_deck":["Strike_B","Strike_B","Strike_B","Defend_B","Defend_B","Defend_B","Defend_B","Zap+1","Dualcast","Gash+1","Hologram","Genetic Algorithm+1","Chill+1","Auto Shields","Gash+1","Hologram"],"relics":["Cracked Core","Orichalcum","Pear"],"potions_floor_usage":[1,12],"damage_taken":[{"damage":3,"enemies":"2 Louse","floor":1,"turns":3},{"damage":1,"enemies":"Cultist","floor":2,"turns":3},{"damage":4,"enemies":"Jaw Worm","floor":4,"turns":3},{"damage":32,"enemies":"Lagavulin","floor":7,"turns":7},{"damage":0,"enemies":"2 Fungi Beasts","floor":10,"turns":4},{"damage":1,"enemies":"Exordium Wildlife","floor":12,"turns":2},{"damage":1,"enemies":"Looter","floor":14,"turns":3},{"damage":52,"enemies":"Slime Boss","floor":16,"turns":8}],"seed_played":"8002741949140398423","potions_obtained":[{"floor":0,"key":"SmokeBomb"},{"floor":0,"key":"SneckoOil"},{"floor":0,"key":"Energy Potion"},{"floor":1,"key":"Fruit Juice"},{"floor":10,"key":"Explosive Potion"}],"is_trial":false,"path_per_floor":["M","M","$","M","?","R","E","$","T","M","R","M","R","M","R","B"],"character_chosen":"DEFECT","items_purchased":["Genetic Algorithm"],"campfire_rested":1,"item_purchase_floors":[3],"current_hp_per_floor":[70,69,69,65,49,49,17,17,27,27,27,26,53,52,52,0],"gold":188,"neow_bonus":"THREE_SMALL_POTIONS","is_prod":false,"is_daily":false,"chose_seed":false,"campfire_upgraded":3,"win_rate":0,"timestamp":1552104059,"path_taken":["M","M","$","M","?","R","E","$","T","M","R","M","R","M","R","BOSS"],"build_version":"2019-01-23","purchased_purges":1,"victory":false,"max_hp_per_floor":[80,80,80,80,80,80,80,80,90,90,90,90,90,90,90,90],"card_choices":[{"not_picked":["Fusion","Ball Lightning"],"picked":"Gash","floor":1},{"not_picked":["Streamline","BootSequence"],"picked":"Hologram","floor":2},{"not_picked":["Compile Driver","Rip and Tear"],"picked":"Chill","floor":4},{"not_picked":["Beam Cell","Turbo"],"picked":"Auto Shields","floor":7},{"not_picked":["Rebound","White Noise"],"picked":"Gash","floor":10},{"not_picked":["Undo","Streamline","Auto Shields"],"picked":"SKIP","floor":12},{"not_picked":["Glacier","Barrage"],"picked":"Hologram","floor":14}],"player_experience":898474,"relics_obtained":[{"floor":7,"key":"Orichalcum"},{"floor":9,"key":"Pear"}],"event_choices":[{"damage_healed":0,"gold_gain":0,"player_choice":"Entered Light","damage_taken":16,"max_hp_gain":0,"max_hp_loss":0,"event_name":"Shining Light","floor":5,"gold_loss":0,"cards_upgraded":["Zap","Gash"]}],"is_beta":false,"boss_relics":[],"items_purged_floors":[3],"is_endless":false,"potions_floor_spawned":[1,10],"killed_by":"Slime Boss","ascension_level":9}