{"gold_per_floor":[112,112,132,145,145,145,175,194,224,253,253,263,295,295,295,396,396,396,396,351,351,24,24,24,24,24,24,24,24,24,24,24,24,24,24,24,24,24,24,24,24,24,24,24,24,24,24,24,24,24,24,24,24,24,24],"floor_reached":56,"playtime":3043,"items_purged":[],"score":1583,"play_id":"42651852-ee80-4e38-93b1-8e32ccf790e3","local_time":"20190425115916","is_ascension_mode":true,"campfire_choices":[{"data":"Cleave","floor":6,"key":"SMITH"},{"data":"Body Slam","floor":11,"key":"SMITH"},{"data":"Flame Barrier","floor":15,"key":"SMITH"},{"data":"Body Slam","floor":29,"key":"SMITH"},{"data":"Battle Trance","floor":32,"key":"SMITH"},{"data":"Disarm","floor":41,"key":"SMITH"},{"floor":49,"key":"RECALL"},{"data":"Shrug It Off","floor":52,"key":"SMITH"}],"neow_cost":"NONE","seed_source_timestamp":385655604113065,"circlet_count":0,"master_deck":["Strike_R","Strike_R+1","Strike_R","Strike_R","Defend_R","Defend_R","Defend_R","Bash+1","Finesse","Flame Barrier+1","Cleave+1","Shrug It Off+1","Anger","Body Slam+1","Shrug It Off","Impervious+1","Inflame","RitualDagger","Spot Weakness","Battle Trance+1","Metallicize+1","Disarm+1","Uppercut+1","Body Slam+1","Double Tap+1","Intimidate+1","Disarm+1","Headbutt+1","Corruption+1","Battle Trance+1","Dual Wield+1","Shrug It Off+1","Offering+1"],"relics":["Burning Blood","Pen Nib","Tiny Chest","Paper Frog","Juzu Bracelet","Ectoplasm","Kunai","Matryoshka","Orichalcum","Strawberry","Red Skull","Bottled Lightning","Red Mask","Toxic Egg 2","Tiny House","Du-Vu Doll","Oddly Smooth Stone","Meat on the Bone","Question Card","Happy Flower","Bronze Scales","Unceasing Top"],"potions_floor_usage":[7,10,14,16,16,27,36,44,55,55,55],"damage_taken":[{"damage":4,"enemies":"Small Slimes","floor":1,"turns":6},{"damage":6,"enemies":"Cultist","floor":3,"turns":4},{"damage":5,"enemies":"Jaw Worm","floor":4,"turns":4},{"damage":21,"enemies":"Lagavulin","floor":7,"turns":6},{"damage":0,"enemies":"2 Fungi Beasts","floor":8,"turns":2},{"damage":6,"enemies":"Gremlin Nob","floor":10,"turns":3},{"damage":7,"enemies":"Gremlin Gang","floor":12,"turns":3},{"damage":3,"enemies":"3 Sentries","floor":13,"turns":5},{"damage":37,"enemies":"Hexaghost","floor":16,"turns":6},{"damage":0,"enemies":"Spheric Guardian","floor":18,"turns":3},{"damage":12,"enemies":"2 Thieves","floor":20,"turns":3},{"damage":0,"enemies":"Book of Stabbing","floor":23,"turns":4},{"damage":0,"enemies":"Gremlin Leader","floor":25,"turns":6},{"damage":8,"enemies":"Centurion and Healer","floor":27,"turns":4},{"damage":10,"enemies":"Masked Bandits","floor":28,"turns":5},{"damage":0,"enemies":"3 Cultists","floor":30,"turns":3},{"damage":3,"enemies":"Slavers","floor":31,"turns":4},{"damage":27,"enemies":"Automaton","floor":33,"turns":7},{"damage":27,"enemies":"3 Darklings","floor":35,"turns":4},{"damage":13,"enemies":"Mind Bloom Boss Battle","floor":36,"turns":4},{"damage":0,"enemies":"Orb Walker","floor":37,"turns":3},{"damage":0,"enemies":"Sphere and 2 Shapes","floor":39,"turns":3},{"damage":0,"enemies":"Nemesis","floor":40,"turns":4},{"damage":0,"enemies":"Giant Head","floor":42,"turns":7},{"damage":7,"enemies":"Reptomancer","floor":44,"turns":6},{"damage":0,"enemies":"3 Darklings","floor":45,"turns":3},{"damage":0,"enemies":"Giant Head","floor":46,"turns":7},{"damage":35,"enemies":"Time Eater","floor":50,"turns":12},{"damage":4,"enemies":"Shield and Spear","floor":54,"turns":5},{"damage":55,"enemies":"The Heart","floor":55,"turns":8}],"seed_played":"3310979494828847397","potions_obtained":[{"floor":1,"key":"Energy Potion"},{"floor":7,"key":"SteroidPotion"},{"floor":10,"key":"Fire Potion"},{"floor":13,"key":"Ancient Potion"},{"floor":14,"key":"Fruit Juice"},{"floor":14,"key":"SteroidPotion"},{"floor":20,"key":"SpeedPotion"},{"floor":30,"key":"Poison Potion"},{"floor":33,"key":"FairyPotion"},{"floor":40,"key":"SkillPotion"},{"floor":42,"key":"LiquidBronze"},{"floor":44,"key":"Block Potion"},{"floor":54,"key":"Swift Potion"}],"is_trial":false,"path_per_floor":["M","?","M","M","?","R","E","M","T","E","R","M","E","?","R","B",null,"M","?","M","?","$","E","T","E","T","M","?","R","M","E","R","B",null,"M","?","M","?","M","E","R","E","T","E","M","E","?","$","R","B",null,"R","$","E","B",null],"character_chosen":"IRONCLAD","items_purchased":["Kunai","Battle Trance"],"campfire_rested":0,"item_purchase_floors":[22,22],"current_hp_per_floor":[80,80,80,80,80,80,65,71,71,71,71,70,73,78,78,47,85,85,79,73,73,73,79,79,92,92,90,86,86,92,92,92,71,97,76,69,75,75,81,87,87,93,93,92,97,97,97,97,97,68,97,97,97,97,60],"gold":24,"neow_bonus":"RANDOM_COLORLESS","is_prod":false,"is_daily":false,"chose_seed":false,"campfire_upgraded":7,"win_rate":0,"timestamp":1556189956,"path_taken":["M","?","?","M","?","R","E","M","T","E","R","M","E","?","R","BOSS","M","?","M","?","?","E","?","E","T","M","?","R","M","E","R","BOSS","M","?","M","?","M","E","R","E","T","E","M","E","?","$","R","BOSS","R","$","E","BOSS"],"build_version":"2019-04-23","purchased_purges":0,"victory":true,"max_hp_per_floor":[80,80,80,80,80,80,80,80,80,80,80,80,80,85,85,85,85,85,85,85,85,85,85,85,92,92,92,92,92,92,92,92,92,97,97,97,97,97,97,97,97,97,97,97,97,97,97,97,97,97,97,97,97,97,97],"card_choices":[{"not_picked":["Armaments","True Grit"],"picked":"Flame Barrier","floor":1},{"not_picked":["Fire Breathing","Clash"],"picked":"Cleave","floor":3},{"not_picked":["Clothesline","Sever Soul"],"picked":"Shrug It Off","floor":4},{"not_picked":["Corruption","Sword Boomerang"],"picked":"Anger","floor":7},{"not_picked":["Pummel","Power Through","Intimidate"],"picked":"SKIP","floor":8},{"not_picked":["Brutality","Entrench"],"picked":"Body Slam","floor":10},{"not_picked":["Hemokinesis","Sword Boomerang"],"picked":"Shrug It Off","floor":12},{"not_picked":["Searing Blow","Carnage","Power Through"],"picked":"SKIP","floor":13},{"not_picked":["Demon Form","Dark Embrace"],"picked":"Impervious","floor":16},{"not_picked":["Clothesline","Hemokinesis"],"picked":"Inflame","floor":18},{"not_picked":["Inflame","Pummel"],"picked":"Spot Weakness","floor":20},{"not_picked":["Headbutt","Searing Blow"],"picked":"Metallicize+1","floor":23},{"not_picked":["Pommel Strike+1","Combust"],"picked":"Disarm","floor":25},{"not_picked":["Entrench","Infernal Blade"],"picked":"Uppercut+1","floor":27},{"not_picked":["Heavy Blade+1","Bloodletting"],"picked":"Body Slam","floor":28},{"not_picked":["Flex","Reckless Charge","Combust"],"picked":"SKIP","floor":30},{"not_picked":["Heavy Blade+1","Second Wind","Anger"],"picked":"SKIP","floor":31},{"not_picked":["Limit Break+1","Impervious+1"],"picked":"Double Tap+1","floor":33},{"not_picked":["Fire Breathing","Sword Boomerang"],"picked":"Intimidate+1","floor":34},{"not_picked":["Thunderclap","Pommel Strike"],"picked":"Disarm+1","floor":35},{"not_picked":["Hemokinesis+1","Pommel Strike"],"picked":"Headbutt+1","floor":36},{"not_picked":["Thunderclap","Blood for Blood+1"],"picked":"Corruption+1","floor":37},{"not_picked":["Infernal Blade+1","Whirlwind"],"picked":"Battle Trance+1","floor":39},{"not_picked":["Feel No Pain+1","Burning Pact+1"],"picked":"Dual Wield+1","floor":40},{"not_picked":["Berserk","Intimidate+1","Carnage"],"picked":"SKIP","floor":42},{"not_picked":["Clothesline+1","Power Through+1","Fire Breathing+1"],"picked":"Shrug It Off+1","floor":44},{"not_picked":["Iron Wave","Armaments+1","True Grit+1","Clash+1"],"picked":"SKIP","floor":45},{"not_picked":["True Grit+1","Perfected Strike","Body Slam","Second Wind+1"],"picked":"SKIP","floor":46},{"not_picked":["Feed","Spot Weakness+1","Whirlwind+1"],"picked":"Offering+1","floor":54}],"player_experience":17772,"relics_obtained":[{"floor":7,"key":"Pen Nib"},{"floor":9,"key":"Tiny Chest"},{"floor":10,"key":"Paper Frog"},{"floor":13,"key":"Juzu Bracelet"},{"floor":23,"key":"Matryoshka"},{"floor":24,"key":"Orichalcum"},{"floor":25,"key":"Strawberry"},{"floor":26,"key":"Red Skull"},{"floor":26,"key":"Bottled Lightning"},{"floor":28,"key":"Red Mask"},{"floor":31,"key":"Toxic Egg 2"},{"floor":36,"key":"Du-Vu Doll"},{"floor":40,"key":"Oddly Smooth Stone"},{"floor":42,"key":"Meat on the Bone"},{"floor":43,"key":"Question Card"},{"floor":44,"key":"Happy Flower"},{"floor":46,"key":"Bronze Scales"},{"floor":54,"key":"Unceasing Top"}],"event_choices":[{"cards_removed":["Defend_R"],"damage_healed":0,"gold_gain":0,"player_choice":"Offered Basic","damage_taken":0,"max_hp_gain":0,"max_hp_loss":0,"event_name":"Bonfire Elementals","floor":2,"gold_loss":0},{"damage_healed":0,"gold_gain":0,"player_choice":"Grow","damage_taken":0,"max_hp_gain":0,"max_hp_loss":0,"event_name":"Living Wall","floor":5,"gold_loss":0,"cards_upgraded":["Bash"]},{"damage_healed":0,"gold_gain":0,"player_choice":"Got Potions","damage_taken":0,"max_hp_gain":0,"max_hp_loss":0,"event_name":"Lab","floor":14,"gold_loss":0},{"damage_healed":0,"gold_gain":0,"player_choice":"Joined the Cult","damage_taken":6,"max_hp_gain":0,"max_hp_loss":0,"event_name":"Nest","floor":19,"gold_loss":0,"cards_obtained":["RitualDagger"]},{"cards_removed":["Strike_R"],"damage_healed":0,"gold_gain":0,"player_choice":"Purged","damage_taken":0,"max_hp_gain":0,"max_hp_loss":0,"event_name":"Purifier","floor":21,"gold_loss":0},{"damage_healed":0,"gold_gain":0,"player_choice":"Fought Bandits","damage_taken":0,"max_hp_gain":0,"max_hp_loss":0,"event_name":"Masked Bandits","floor":28,"gold_loss":0},{"damage_healed":0,"gold_gain":0,"player_choice":"Fight","damage_taken":0,"max_hp_gain":0,"max_hp_loss":0,"event_name":"MindBloom","floor":36,"gold_loss":0},{"damage_healed":0,"gold_gain":0,"player_choice":"Ignored","damage_taken":0,"max_hp_gain":0,"max_hp_loss":0,"event_name":"Golden Shrine","floor":38,"gold_loss":0},{"damage_healed":0,"gold_gain":0,"player_choice":"Upgraded","damage_taken":0,"max_hp_gain":0,"max_hp_loss":0,"event_name":"Upgrade Shrine","floor":47,"gold_loss":0,"cards_upgraded":["Impervious"]}],"is_beta":true,"boss_relics":[{"not_picked":["White Beast Statue","Velvet Choker"],"picked":"Ectoplasm"},{"not_picked":["Runic Dome","Eternal Feather"],"picked":"Tiny House"}],"items_purged_floors":[],"is_endless":false,"potions_floor_spawned":[1,7,10,13,20,30,33,35,40,42,44,45,54],"ascension_level":2}