{"gold_per_floor":[116,134,8,8,26,52,63,63,63,82,109,121,49,68,68,164,164,184,196,166,166,15,42,42,55,79,79,79,30,49,66,66,165,165,175,27,27,44,54,54,87,106,129,6,0,0,10,10,10,10],"floor_reached":51,"playtime":1967,"items_purged":["Strike_B","Rip and Tear"],"score":709,"play_id":"c96b714c-ea71-4952-8863-d3782cccca8f","local_time":"20190514222408","is_ascension_mode":false,"campfire_choices":[{"data":"Zap","floor":8.0,"key":"SMITH"},{"data":"Defragment","floor":15.0,"key":"SMITH"},{"data":"Defragment","floor":24.0,"key":"SMITH"},{"data":"Capacitor","floor":27.0,"key":"SMITH"},{"floor":32.0,"key":"REST"},{"data":"Amplify","floor":40,"key":"SMITH"},{"floor":49,"key":"REST"}],"neow_cost":"NONE","seed_source_timestamp":0,"circlet_count":0,"master_deck":["Defend_B+1","Zap+1","Dualcast","Capacitor+1","Conserve Battery+1","Machine Learning","Sweeping Beam","Seek","Defragment+1","Cold Snap","Darkness","Defragment+1","Ball Lightning","Creative AI","Lockon+1","Skim+1","Coolheaded+1","Go for the Eyes+1","Reprogram+1","Capacitor","Self Repair","Beam Cell","Storm+1","Amplify+1","Coolheaded","Coolheaded+1"],"special_seed":0,"relics":["Cracked Core","War Paint","Orichalcum","Dodecahedron","Astrolabe","Anchor","Ginger","Lantern","Busted Crown","Bronze Scales","Sundial","Dream Catcher","Strawberry","Red Mask"],"potions_floor_usage":[39,39],"damage_taken":[{"damage":3.0,"enemies":"Jaw Worm","floor":1.0,"turns":4.0},{"damage":1.0,"enemies":"Cultist","floor":2.0,"turns":3.0},{"damage":0.0,"enemies":"2 Louse","floor":5.0,"turns":2.0},{"damage":25.0,"enemies":"Gremlin Nob","floor":6.0,"turns":4.0},{"damage":0.0,"enemies":"Exordium Thugs","floor":7.0,"turns":4.0},{"damage":2.0,"enemies":"Blue Slaver","floor":10.0,"turns":3.0},{"damage":3.0,"enemies":"Lagavulin","floor":11.0,"turns":6.0},{"damage":0.0,"enemies":"Exordium Wildlife","floor":12.0,"turns":2.0},{"damage":0.0,"enemies":"Exordium Thugs","floor":14.0,"turns":3.0},{"damage":5.0,"enemies":"Slime Boss","floor":16.0,"turns":6.0},{"damage":9.0,"enemies":"2 Thieves","floor":18.0,"turns":4.0},{"damage":0.0,"enemies":"Chosen","floor":19.0,"turns":4.0},{"damage":36.0,"enemies":"Slavers","floor":23.0,"turns":4.0},{"damage":5.0,"enemies":"Snecko","floor":25.0,"turns":5.0},{"damage":0.0,"enemies":"Centurion and Healer","floor":30.0,"turns":5.0},{"damage":1.0,"enemies":"Snake Plant","floor":31.0,"turns":3.0},{"damage":39.0,"enemies":"Collector","floor":33.0,"turns":7.0},{"damage":0,"enemies":"3 Shapes","floor":35,"turns":4},{"damage":0,"enemies":"Orb Walker","floor":38,"turns":2},{"damage":16,"enemies":"Jaw Worm Horde","floor":39,"turns":3},{"damage":13,"enemies":"Reptomancer","floor":41,"turns":3},{"damage":16,"enemies":"Writhing Mass","floor":42,"turns":4},{"damage":0,"enemies":"Sphere and 2 Shapes","floor":47,"turns":3},{"damage":43,"enemies":"Time Eater","floor":50,"turns":6}],"seed_played":"356188097377972781","potions_obtained":[{"floor":1.0,"key":"Explosive Potion"},{"floor":6.0,"key":"Poison Potion"},{"floor":10.0,"key":"Poison Potion"},{"floor":20.0,"key":"Strength Potion"},{"floor":20.0,"key":"Dexterity Potion"},{"floor":25.0,"key":"GamblersBrew"},{"floor":38,"key":"PowerPotion"},{"floor":41,"key":"EssenceOfSteel"}],"is_trial":false,"path_per_floor":["M","M","$","?","M","E","M","R","T","M","E","M","$","M","R","B",null,"M","M","?","$","$","E","R","M","T","R","?","$","M","M","R","B",null,"M","$","?","M","M","R","E","M","T","$","?","$","M","$","R","B",null],"character_chosen":"DEFECT","items_purchased":["Conserve Battery","Defragment","Anchor","Weak Potion","Bronze Scales","Coolheaded"],"campfire_rested":2,"item_purchase_floors":[3,13,22,29,36,44],"current_hp_per_floor":[79,78,78,78,78,53,53,53,53,51,48,48,48,48,48,43,82,73,73,73,73,73,37,37,32,32,32,32,32,39,45,69,37,82,82,82,82,82,73,73,67,58,65,65,65,65,72,72,89,60],"gold":10,"neow_bonus":"TEN_PERCENT_HP_BONUS","is_prod":false,"is_daily":false,"chose_seed":false,"campfire_upgraded":5,"win_rate":0.0,"timestamp":1557869048,"path_taken":["M","M","$","?","M","E","M","R","T","M","E","M","$","?","R","BOSS","M","M","?","?","$","E","R","M","T","R","?","$","M","M","R","BOSS","M","$","?","M","M","R","E","M","T","?","?","?","?","?","R","BOSS"],"build_version":"2019-05-07","purchased_purges":2,"victory":true,"max_hp_per_floor":[82,82,82,82,82,82,82,82,82,82,82,82,82,82,82,82,82,82,82,82,82,82,82,82,82,82,82,82,82,82,82,82,82,82,82,82,82,82,82,82,82,82,89,89,89,89,89,89,89,89],"card_choices":[{"not_picked":["Hologram","Reprogram"],"picked":"Capacitor","floor":1.0},{"not_picked":["Steam Power","Reprogram"],"picked":"Rip and Tear","floor":2.0},{"not_picked":["Streamline","Conserve Battery"],"picked":"Sweeping Beam","floor":5.0},{"not_picked":["Capacitor","Barrage"],"picked":"Ball Lightning","floor":6.0},{"not_picked":["Steam","Storm"],"picked":"Seek","floor":7.0},{"not_picked":["Cold Snap","Conserve Battery"],"picked":"Defragment","floor":10.0},{"not_picked":["Defragment","Sweeping Beam"],"picked":"Cold Snap","floor":11.0},{"not_picked":["Gash","Blizzard"],"picked":"Darkness","floor":12.0},{"not_picked":["Cold Snap","Static Discharge"],"picked":"Ball Lightning","floor":14.0},{"not_picked":["Rainbow","Machine Learning"],"picked":"Creative AI","floor":16.0},{"not_picked":["Conserve Battery","Leap"],"picked":"Go for the Eyes+1","floor":18.0},{"not_picked":["Thunder Strike","Barrage","Steam Power"],"picked":"SKIP","floor":19.0},{"not_picked":["Compile Driver","Leap+1"],"picked":"Reprogram+1","floor":23.0},{"not_picked":["Genetic Algorithm","Tempest"],"picked":"Capacitor","floor":25.0},{"not_picked":["Hologram","Ball Lightning","Redo+1"],"picked":"SKIP","floor":30.0},{"not_picked":["Streamline","Consume"],"picked":"Storm+1","floor":31.0},{"not_picked":["Creative AI","Biased Cognition"],"picked":"Amplify","floor":33.0},{"not_picked":["Sweeping Beam"],"picked":"SKIP","floor":35},{"not_picked":["Stack"],"picked":"SKIP","floor":38},{"not_picked":["Scrape+1"],"picked":"SKIP","floor":39},{"not_picked":["Blizzard"],"picked":"SKIP","floor":41},{"not_picked":["Leap"],"picked":"SKIP","floor":42},{"not_picked":[],"picked":"Coolheaded+1","floor":47}],"player_experience":5461,"relics_obtained":[{"floor":6.0,"key":"War Paint"},{"floor":9.0,"key":"Orichalcum"},{"floor":11.0,"key":"Dodecahedron"},{"floor":23.0,"key":"Ginger"},{"floor":26.0,"key":"Lantern"},{"floor":41,"key":"Dream Catcher"},{"floor":43,"key":"Strawberry"}],"event_choices":[{"damage_healed":0.0,"max_hp_gain":0.0,"max_hp_loss":0.0,"gold_gain":0.0,"cards_transformed":["Strike_B"],"event_name":"Transmorgrifier","player_choice":"Transformed","floor":4.0,"gold_loss":0.0,"damage_taken":0.0,"cards_obtained":["Machine Learning"]},{"damage_healed":0.0,"max_hp_gain":0.0,"max_hp_loss":0.0,"gold_gain":0.0,"event_name":"The Woman in Blue","player_choice":"Bought 2 Potions","floor":20.0,"gold_loss":0.0,"damage_taken":0.0},{"damage_healed":0.0,"max_hp_gain":0.0,"max_hp_loss":0.0,"gold_gain":0.0,"cards_transformed":["Defend_B","Defend_B"],"event_name":"Drug Dealer","player_choice":"Became Test Subject","floor":28.0,"gold_loss":0.0,"damage_taken":0.0,"cards_obtained":["Self Repair","Beam Cell"]},{"cards_removed":["Ball Lightning"],"damage_healed":0,"gold_gain":0,"player_choice":"Gave Card","damage_taken":0,"relics_obtained":["Sundial"],"max_hp_gain":0,"max_hp_loss":0,"event_name":"WeMeetAgain","floor":37,"gold_loss":0},{"damage_healed":0,"gold_gain":0,"player_choice":"Paid","damage_taken":0,"relics_obtained":["Red Mask"],"max_hp_gain":0,"max_hp_loss":0,"event_name":"Tomb of Lord Red Mask","floor":45,"gold_loss":6}],"is_beta":true,"boss_relics":[{"not_picked":["Tiny House","Inserter"],"picked":"Astrolabe"},{"not_picked":["White Beast Statue","Lizard Tail"],"picked":"Busted Crown"}],"items_purged_floors":[3,44],"is_endless":false,"potions_floor_spawned":[1,6,10,12,25,33,38,41],"ascension_level":0}