{"gold_per_floor":[115,115,125,77,91,117,117,132,132,92,117,117,117,136,136,238,238,256,266,163,163,181,181],"floor_reached":23,"playtime":960,"items_purged":[],"score":211,"play_id":"85ec2237-178f-4a6e-a0cc-4384e5e113f2","local_time":"20190417075145","is_ascension_mode":true,"campfire_choices":[{"data":"Conserve Battery","floor":7,"key":"SMITH"},{"data":"Stack","floor":13,"key":"SMITH"},{"data":"Loop","floor":15,"key":"SMITH"}],"neow_cost":"NONE","seed_source_timestamp":406557824347200,"circlet_count":0,"master_deck":["Strike_B","Strike_B","Strike_B","Strike_B","Defend_B","Defend_B","Defend_B","Defend_B","Zap+1","Dualcast","Stack+1","Conserve Battery+1","Sweeping Beam","Steam","Coolheaded","Streamline","Storm","Echo Form","Loop+1","Biased Cognition","Ball Lightning","Conserve Battery","Static Discharge","Darkness","Auto Shields"],"relics":["Cracked Core","NeowsBlessing","Blood Vial","Shuriken","Sozu","MutagenicStrength"],"potions_floor_usage":[23,23],"damage_taken":[{"damage":0,"enemies":"Jaw Worm","floor":1,"turns":1},{"damage":0,"enemies":"Cultist","floor":3,"turns":1},{"damage":0,"enemies":"2 Louse","floor":5,"turns":1},{"damage":8,"enemies":"3 Sentries","floor":6,"turns":8},{"damage":0,"enemies":"Blue Slaver","floor":8,"turns":3},{"damage":4,"enemies":"Lagavulin","floor":11,"turns":8},{"damage":6,"enemies":"2 Fungi Beasts","floor":14,"turns":3},{"damage":58,"enemies":"The Guardian","floor":16,"turns":12},{"damage":8,"enemies":"Spheric Guardian","floor":18,"turns":4},{"damage":11,"enemies":"Shell Parasite","floor":19,"turns":3},{"damage":42,"enemies":"3 Cultists","floor":22,"turns":5},{"damage":28,"enemies":"Slavers","floor":23,"turns":2}],"seed_played":"2121500271568179377","potions_obtained":[{"floor":1,"key":"Strength Potion"},{"floor":3,"key":"Fire Potion"},{"floor":8,"key":"Explosive Potion"}],"is_trial":false,"path_per_floor":["M","?","M","$","M","E","R","M","T","$","E","?","R","M","R","B",null,"M","M","$","?","M","E"],"character_chosen":"DEFECT","items_purchased":["Sweeping Beam","Storm","Static Discharge","Darkness"],"campfire_rested":0,"item_purchase_floors":[4,10,20,20],"current_hp_per_floor":[75,75,75,75,75,67,67,69,69,69,67,72,72,68,68,12,80,72,63,63,63,23,0],"gold":181,"neow_bonus":"THREE_ENEMY_KILL","is_prod":false,"is_daily":false,"chose_seed":false,"campfire_upgraded":3,"win_rate":0,"timestamp":1555501905,"path_taken":["M","?","?","$","M","E","R","?","T","$","E","?","R","M","R","BOSS","M","M","$","?","M","E"],"build_version":"2019-01-23","purchased_purges":0,"victory":false,"max_hp_per_floor":[75,75,75,75,75,75,75,75,75,75,75,80,80,80,80,80,80,80,80,80,80,80,80],"card_choices":[{"not_picked":["Aggregate","Sunder"],"picked":"Stack","floor":1},{"not_picked":["Heatsinks","Fusion"],"picked":"Conserve Battery","floor":3},{"not_picked":["Glacier","Ball Lightning"],"picked":"Steam","floor":5},{"not_picked":["Lockon","Reprogram"],"picked":"Coolheaded","floor":6},{"not_picked":["Rebound","Sunder"],"picked":"Streamline","floor":8},{"not_picked":["Aggregate","Rip and Tear"],"picked":"Echo Form","floor":11},{"not_picked":["FTL","Coolheaded"],"picked":"Loop","floor":14},{"not_picked":["Seek","Meteor Strike"],"picked":"Biased Cognition","floor":16},{"not_picked":["Doom and Gloom","Redo+1"],"picked":"Ball Lightning","floor":18},{"not_picked":["Genetic Algorithm","Undo"],"picked":"Conserve Battery","floor":19},{"not_picked":["Recycle+1","Beam Cell"],"picked":"Auto Shields","floor":22}],"player_experience":85341,"relics_obtained":[{"floor":6,"key":"Blood Vial"},{"floor":11,"key":"Shuriken"}],"event_choices":[{"damage_healed":0,"gold_gain":0,"player_choice":"Forge","damage_taken":0,"max_hp_gain":0,"max_hp_loss":0,"event_name":"Accursed Blacksmith","floor":2,"gold_loss":0,"cards_upgraded":["Zap"]},{"damage_healed":0,"gold_gain":0,"player_choice":"Donut","damage_taken":0,"max_hp_gain":5,"max_hp_loss":0,"event_name":"Big Fish","floor":12,"gold_loss":0},{"damage_healed":0,"gold_gain":0,"player_choice":"Inject Mutagens","damage_taken":0,"relics_obtained":["MutagenicStrength"],"max_hp_gain":0,"max_hp_loss":0,"event_name":"Drug Dealer","floor":21,"gold_loss":0}],"is_beta":false,"boss_relics":[{"not_picked":["Runic Dome","Fusion Hammer"],"picked":"Sozu"}],"items_purged_floors":[],"is_endless":false,"potions_floor_spawned":[1,3,8,11,16,18,19,22],"killed_by":"Slavers","ascension_level":1}