{"gold_per_floor":[115,115,115,133,133,133,167,167,167,177,192,50,50,0,0,96,96,113,113,123,73,73,73,98,48,124,124,151,66,66],"floor_reached":30,"playtime":859,"items_purged":["Dualcast","Strike_B","Strike_B","Zap+1"],"score":380,"play_id":"2affb339-dc6a-4276-b890-7b69cc4bf91c","local_time":"20190309005321","is_ascension_mode":true,"campfire_choices":[{"data":"Zap","floor":6,"key":"SMITH"},{"floor":8,"key":"REST"},{"data":"Beam Cell","floor":13,"key":"SMITH"},{"floor":15,"key":"RECALL"},{"data":"Reboot","floor":23,"key":"SMITH"},{"data":"Skim","floor":27,"key":"SMITH"}],"neow_cost":"NONE","seed_source_timestamp":1941157637744374,"circlet_count":0,"master_deck":["Strike_B","Strike_B","Defend_B","Defend_B","Defend_B","Defend_B","Sweeping Beam","Cold Snap","Gash","Beam Cell+1","Sweeping Beam","Dramatic Entrance","Reboot+1","Scrape+1","Skim+1","FTL"],"relics":["FrozenCore","Dream Catcher","Shuriken","Strawberry","Smiling Mask","Potion Belt","Bag of Preparation","Centennial Puzzle"],"potions_floor_usage":[16,20,30],"damage_taken":[{"damage":1,"enemies":"Cultist","floor":1,"turns":3},{"damage":0,"enemies":"Small Slimes","floor":4,"turns":3},{"damage":35,"enemies":"3 Sentries","floor":7,"turns":6},{"damage":0,"enemies":"2 Louse","floor":10,"turns":2},{"damage":2,"enemies":"Blue Slaver","floor":11,"turns":3},{"damage":42,"enemies":"Hexaghost","floor":16,"turns":8},{"damage":7,"enemies":"3 Byrds","floor":18,"turns":4},{"damage":2,"enemies":"Spheric Guardian","floor":20,"turns":3},{"damage":4,"enemies":"Gremlin Leader","floor":24,"turns":5},{"damage":39,"enemies":"Slavers","floor":28,"turns":4},{"damage":19,"enemies":"Snake Plant","floor":30,"turns":2}],"seed_played":"6906881832367059368","potions_obtained":[{"floor":7,"key":"Strength Potion"},{"floor":11,"key":"Fire Potion"},{"floor":28,"key":"PowerPotion"}],"is_trial":false,"path_per_floor":["M","?","?","M","?","R","E","R","T","M","M","$","R","$","R","B",null,"M","?","M","$","?","R","E","$","T","R","E","?","M"],"character_chosen":"DEFECT","items_purchased":["Dramatic Entrance"],"campfire_rested":1,"item_purchase_floors":[12],"current_hp_per_floor":[67,60,65,65,65,65,37,63,63,63,61,61,61,61,61,19,70,63,63,61,61,61,61,57,57,57,57,18,18,0],"gold":66,"neow_bonus":"RANDOM_COMMON_RELIC","is_prod":false,"is_daily":false,"chose_seed":false,"campfire_upgraded":4,"win_rate":0,"timestamp":1552103601,"path_taken":["M","?","?","M","?","R","E","R","T","M","M","$","R","?","R","BOSS","M","?","M","$","?","R","E","$","T","R","E","?","M"],"build_version":"2019-01-23","purchased_purges":4,"victory":false,"max_hp_per_floor":[75,75,80,80,80,80,87,87,87,87,87,87,87,87,87,87,87,87,87,87,87,87,87,87,87,87,87,87,87,87],"card_choices":[{"not_picked":["Stack","Go for the Eyes"],"picked":"Sweeping Beam","floor":1},{"not_picked":["Ball Lightning","Streamline","Multi-Cast"],"picked":"SKIP","floor":4},{"not_picked":["Steam Power","White Noise"],"picked":"Cold Snap","floor":7},{"not_picked":["Compile Driver","Hello World"],"picked":"Gash","floor":8},{"not_picked":["Doom and Gloom","BootSequence"],"picked":"Beam Cell","floor":10},{"not_picked":["Steam","Beam Cell"],"picked":"Sweeping Beam","floor":11},{"not_picked":["Meteor Strike","Thunder Strike"],"picked":"Reboot","floor":16},{"not_picked":["Coolheaded","Conserve Battery","Glacier"],"picked":"SKIP","floor":18},{"not_picked":["White Noise","Heatsinks"],"picked":"Scrape+1","floor":20},{"not_picked":["Barrage","Glacier+1"],"picked":"Skim","floor":24},{"not_picked":["Barrage","Hologram"],"picked":"FTL","floor":28}],"player_experience":897615,"relics_obtained":[{"floor":7,"key":"Strawberry"},{"floor":9,"key":"Smiling Mask"},{"floor":24,"key":"Potion Belt"},{"floor":28,"key":"Bag of Preparation"}],"event_choices":[{"damage_healed":0,"gold_gain":0,"player_choice":"Success","damage_taken":7,"relics_obtained":["Shuriken"],"max_hp_gain":0,"max_hp_loss":0,"event_name":"Scrap Ooze","floor":2,"gold_loss":0},{"damage_healed":0,"gold_gain":0,"player_choice":"Donut","damage_taken":0,"max_hp_gain":5,"max_hp_loss":0,"event_name":"Big Fish","floor":3,"gold_loss":0},{"damage_healed":0,"gold_gain":0,"player_choice":"Ignored","damage_taken":0,"max_hp_gain":0,"max_hp_loss":0,"event_name":"Liars Game","floor":5,"gold_loss":0},{"damage_healed":0,"gold_gain":0,"player_choice":"Ignored","damage_taken":0,"max_hp_gain":0,"max_hp_loss":0,"event_name":"Ghosts","floor":19,"gold_loss":0},{"damage_healed":0,"gold_gain":0,"player_choice":"Ignored","damage_taken":0,"max_hp_gain":0,"max_hp_loss":0,"event_name":"Beggar","floor":22,"gold_loss":0},{"damage_healed":0,"gold_gain":0,"player_choice":"Obtained Relic","damage_taken":0,"relics_obtained":["Centennial Puzzle"],"max_hp_gain":0,"max_hp_loss":0,"event_name":"Addict","floor":29,"gold_loss":85}],"is_beta":false,"boss_relics":[{"not_picked":["Coffee Dripper","Ectoplasm"],"picked":"FrozenCore"}],"items_purged_floors":[12,14,21,25],"is_endless":false,"potions_floor_spawned":[7,11,28],"killed_by":"Snake Plant","ascension_level":9}