{"gold_per_floor":[219,219,90,40,64,64,77,77,100,60,104,128,159,173,173,296,296,321,321,340,38,62,62,95,95,95,45,61,82,82,96,96,219,219,242,260,273,41,54,89,89,107,154,90,90,90,108,108,108,108],"floor_reached":51,"playtime":2330,"items_purged":["Strike_R","Defend_R","Power Through","Defend_R"],"score":734,"play_id":"9d70771c-049d-4793-b541-6bc3fd1da736","local_time":"20190320185029","is_ascension_mode":false,"campfire_choices":[{"data":"Anger","floor":6,"key":"SMITH"},{"data":"Cleave","floor":8,"key":"SMITH"},{"data":"Rampage","floor":15,"key":"SMITH"},{"data":"Disarm","floor":23,"key":"SMITH"},{"data":"Whirlwind","floor":30,"key":"SMITH"},{"data":"Bash","floor":32,"key":"SMITH"},{"data":"True Grit","floor":41,"key":"SMITH"},{"data":"Double Tap","floor":45,"key":"SMITH"},{"data":"Shrug It Off","floor":49,"key":"SMITH"}],"neow_cost":"NONE","seed_source_timestamp":359064124077151,"circlet_count":0,"master_deck":["Defend_R","Bash+1","Anger+1","Cleave+1","Disarm+1","Whirlwind+1","Rampage+1","Offering","Rage+1","Spot Weakness+1","Iron Wave+1","Thunderclap+1","Metallicize+1","Headbutt","Shrug It Off+1","Double Tap+1","True Grit+1","Finesse","Body Slam+1","Bloodletting+1","Disarm+1","Shrug It Off","Offering","True Grit+1"],"relics":["Burning Blood","Golden Idol","Smiling Mask","Kunai","Matryoshka","Astrolabe","Meat on the Bone","Mercury Hourglass","Bag of Preparation","Singing Bowl","Runic Pyramid","Happy Flower","Bottled Tornado","Bag of Marbles","MawBank"],"potions_floor_usage":[10,18,22,24,24,33,36,50,50,50,50],"damage_taken":[{"damage":5,"enemies":"Small Slimes","floor":1,"turns":4},{"damage":6,"enemies":"Jaw Worm","floor":5,"turns":4},{"damage":0,"enemies":"Cultist","floor":7,"turns":3},{"damage":17,"enemies":"Gremlin Nob","floor":11,"turns":4},{"damage":6,"enemies":"Lots of Slimes","floor":12,"turns":2},{"damage":19,"enemies":"Lagavulin","floor":13,"turns":7},{"damage":0,"enemies":"Exordium Wildlife","floor":14,"turns":3},{"damage":28,"enemies":"Hexaghost","floor":16,"turns":10},{"damage":6,"enemies":"3 Byrds","floor":18,"turns":4},{"damage":6,"enemies":"Shell Parasite","floor":20,"turns":3},{"damage":6,"enemies":"Chosen and Byrds","floor":22,"turns":4},{"damage":19,"enemies":"Slavers","floor":24,"turns":4},{"damage":6,"enemies":"Cultist and Chosen","floor":28,"turns":4},{"damage":6,"enemies":"Centurion and Healer","floor":29,"turns":3},{"damage":11,"enemies":"Shelled Parasite and Fungi","floor":31,"turns":3},{"damage":34,"enemies":"Collector","floor":33,"turns":9},{"damage":1,"enemies":"Orb Walker","floor":35,"turns":3},{"damage":6,"enemies":"3 Darklings","floor":36,"turns":2},{"damage":6,"enemies":"Jaw Worm Horde","floor":37,"turns":2},{"damage":11,"enemies":"Writhing Mass","floor":39,"turns":6},{"damage":6,"enemies":"Nemesis","floor":40,"turns":5},{"damage":6,"enemies":"Spire Growth","floor":42,"turns":3},{"damage":9,"enemies":"Maw","floor":47,"turns":5},{"damage":28,"enemies":"Awakened One","floor":50,"turns":9}],"seed_played":"-8231498587874019879","potions_obtained":[{"floor":10,"key":"Energy Potion"},{"floor":10,"key":"Fruit Juice"},{"floor":10,"key":"Fire Potion"},{"floor":11,"key":"Block Potion"},{"floor":22,"key":"Block Potion"},{"floor":24,"key":"FearPotion"},{"floor":28,"key":"Explosive Potion"},{"floor":33,"key":"SmokeBomb"},{"floor":37,"key":"Poison Potion"},{"floor":40,"key":"Energy Potion"},{"floor":47,"key":"EntropicBrew"}],"is_trial":false,"path_per_floor":["M","?","$","?","M","R","M","R","T","?","E","M","E","M","R","B",null,"M","?","M","$","M","R","E","?","T","$","M","M","R","M","R","B",null,"M","M","M","$","M","E","R","M","T","$","R","?","M","$","R","B",null],"character_chosen":"IRONCLAD","items_purchased":["Cleave","Meat on the Bone","Happy Flower","Finesse","Shrug It Off"],"campfire_rested":0,"item_purchase_floors":[3,21,38,38,44],"current_hp_per_floor":[80,60,60,60,60,60,66,66,66,71,60,60,47,53,53,31,85,85,85,85,85,85,85,72,72,72,72,72,72,72,69,69,53,87,89,89,91,91,86,86,86,86,86,86,86,86,83,83,83,61],"gold":108,"neow_bonus":"HUNDRED_GOLD","is_prod":false,"is_daily":false,"chose_seed":false,"campfire_upgraded":9,"win_rate":0,"timestamp":1553107829,"path_taken":["M","?","$","?","?","R","M","R","T","?","E","M","E","M","R","BOSS","M","?","?","$","M","R","E","?","T","$","M","M","R","M","R","BOSS","M","?","M","?","M","E","R","M","T","$","R","?","?","$","R","BOSS"],"build_version":"2019-03-15","purchased_purges":4,"victory":true,"max_hp_per_floor":[80,80,80,80,80,80,80,80,80,85,85,85,85,85,85,85,85,85,85,85,85,85,85,85,85,85,85,85,85,85,87,87,87,87,89,89,91,91,91,91,91,91,91,91,91,91,91,91,91,91],"card_choices":[{"not_picked":["Sword Boomerang","Bloodletting"],"picked":"Anger","floor":1},{"not_picked":["Havoc","Headbutt"],"picked":"Disarm","floor":5},{"not_picked":["Thunderclap","Anger","Rage"],"picked":"SKIP","floor":7},{"not_picked":["Ghostly Armor","Heavy Blade"],"picked":"Evolve","floor":11},{"not_picked":["Iron Wave","Flex"],"picked":"Whirlwind","floor":12},{"not_picked":["Warcry","Clothesline","Anger"],"picked":"SKIP","floor":13},{"not_picked":["Power Through","Clash"],"picked":"Rampage","floor":14},{"not_picked":["Double Tap","Reaper"],"picked":"Offering","floor":16},{"not_picked":["Perfected Strike+1","Clash+1","Sword Boomerang+1"],"picked":"SKIP","floor":18},{"not_picked":["Shockwave","Clash"],"picked":"Thunderclap+1","floor":20},{"not_picked":["Wild Strike+1","Seeing Red"],"picked":"Metallicize+1","floor":22},{"not_picked":["Immolate","Sword Boomerang","Uppercut"],"picked":"SKIP","floor":24},{"not_picked":["Wild Strike","Clash"],"picked":"Headbutt","floor":28},{"not_picked":["Wild Strike","Havoc"],"picked":"Shrug It Off","floor":29},{"not_picked":["Burning Pact","Blood for Blood","Anger"],"picked":"Singing Bowl","floor":31},{"not_picked":["Exhume","Juggernaut"],"picked":"Double Tap","floor":33},{"not_picked":["Warcry","Sword Boomerang+1","Clothesline+1"],"picked":"Singing Bowl","floor":35},{"not_picked":["Clothesline","Rampage"],"picked":"True Grit","floor":36},{"not_picked":["Twin Strike+1","Pummel","Perfected Strike"],"picked":"Singing Bowl","floor":37},{"not_picked":["Entrench+1","Sword Boomerang"],"picked":"Body Slam+1","floor":39},{"not_picked":["Wild Strike+1","True Grit+1"],"picked":"Bloodletting+1","floor":40},{"not_picked":["Heavy Blade+1","Shockwave"],"picked":"Disarm+1","floor":42},{"not_picked":["Warcry","Body Slam+1"],"picked":"True Grit+1","floor":47}],"player_experience":1116804,"relics_obtained":[{"floor":9,"key":"Smiling Mask"},{"floor":11,"key":"Kunai"},{"floor":13,"key":"Matryoshka"},{"floor":24,"key":"Mercury Hourglass"},{"floor":26,"key":"Bag of Preparation"},{"floor":26,"key":"Singing Bowl"},{"floor":40,"key":"Bottled Tornado"},{"floor":43,"key":"Bag of Marbles"},{"floor":43,"key":"MawBank"}],"event_choices":[{"damage_healed":0,"gold_gain":0,"player_choice":"Take Damage","damage_taken":20,"relics_obtained":["Golden Idol"],"max_hp_gain":0,"max_hp_loss":0,"event_name":"Golden Idol","floor":2,"gold_loss":0},{"cards_removed":["Strike_R"],"damage_healed":0,"gold_gain":0,"player_choice":"Card Removal","damage_taken":0,"max_hp_gain":0,"max_hp_loss":0,"event_name":"The Cleric","floor":4,"gold_loss":50},{"damage_healed":0,"gold_gain":0,"player_choice":"Bought 3 Potions","damage_taken":0,"max_hp_gain":0,"max_hp_loss":0,"event_name":"The Woman in Blue","floor":10,"gold_loss":0},{"cards_removed":["Defend_R"],"damage_healed":0,"gold_gain":0,"player_choice":"Offered Basic","damage_taken":0,"max_hp_gain":0,"max_hp_loss":0,"event_name":"Bonfire Elementals","floor":19,"gold_loss":0},{"damage_healed":0,"gold_gain":0,"cards_transformed":["Evolve"],"player_choice":"Transformed","damage_taken":0,"max_hp_gain":0,"max_hp_loss":0,"event_name":"Transmorgrifier","floor":25,"gold_loss":0,"cards_obtained":["Power Through"]},{"damage_healed":0,"gold_gain":0,"player_choice":"Copied","damage_taken":0,"max_hp_gain":0,"max_hp_loss":0,"event_name":"Duplicator","floor":46,"gold_loss":0,"cards_obtained":["Offering"]}],"is_beta":true,"boss_relics":[{"not_picked":["Snecko Eye","Eternal Feather"],"picked":"Astrolabe"},{"not_picked":["Black Star","Black Blood"],"picked":"Runic Pyramid"}],"items_purged_floors":[3,21,27,44],"is_endless":false,"potions_floor_spawned":[11,14,16,22,24,28,33,37,40,47],"ascension_level":0}