{"gold_per_floor":[109,109,132,155,155,195,195,211,292,35,79,115,139,139,139,260,260,285,285,305,10,35,35,68,93,120,41,41,75,75,96,96,226,226,247,260,385,410,743,776,796,823,877,896,923,448,466,482,482,482,482,482,231,259,259],"floor_reached":56,"playtime":3947,"items_purged":["Strike_B","Strike_B","Strike_B"],"score":1364,"play_id":"e15772c8-8586-4e6e-b9f8-f2eb8b870fba","local_time":"20190421223841","is_ascension_mode":false,"campfire_choices":[{"data":"Loop","floor":7.0,"key":"SMITH"},{"data":"Capacitor","floor":15.0,"key":"SMITH"},{"data":"Biased Cognition","floor":23.0,"key":"SMITH"},{"data":"Hologram","floor":28.0,"key":"SMITH"},{"data":"Heatsinks","floor":30.0,"key":"SMITH"},{"data":"Echo Form","floor":32.0,"key":"SMITH"},{"floor":49,"key":"RECALL"},{"data":"Seek","floor":52,"key":"SMITH"}],"neow_cost":"TEN_PERCENT_HP_LOSS","seed_source_timestamp":0,"circlet_count":0,"master_deck":["Defend_B","Defend_B","Defend_B","Defend_B","Zap","Dualcast+1","Biased Cognition+1","Fusion","Loop+1","Cold Snap","Ball Lightning+1","Compile Driver","Capacitor+1","Hologram+1","Heatsinks+1","Echo Form+1","Skim+1","Double Energy","Self Repair","Hologram+1","FTL","FTL","Sweeping Beam","Coolheaded+1","Seek+1","Coolheaded+1","Go for the Eyes+1","Barrage+1","Defragment+1","Amplify+1","Recycle+1","Storm","Flash of Steel+1","Go for the Eyes+1","Seek"],"special_seed":0,"relics":["Cracked Core","Mango","PreservedInsect","Mummified Hand","Smiling Mask","Odd Mushroom","Sozu","Shuriken","Question Card","Singing Bowl","Inserter","Thread and Needle","War Paint","Omamori","Potion Belt","Centennial Puzzle","Happy Flower","Runic Capacitor","ClockworkSouvenir","Whetstone"],"potions_floor_usage":[55],"damage_taken":[{"damage":3.0,"enemies":"2 Louse","floor":1.0,"turns":2.0},{"damage":2.0,"enemies":"Small Slimes","floor":3.0,"turns":3.0},{"damage":0.0,"enemies":"Cultist","floor":4.0,"turns":3.0},{"damage":10.0,"enemies":"Gremlin Nob","floor":6.0,"turns":4.0},{"damage":5.0,"enemies":"Looter","floor":8.0,"turns":2.0},{"damage":4.0,"enemies":"3 Sentries","floor":11.0,"turns":5.0},{"damage":2.0,"enemies":"The Mushroom Lair","floor":12.0,"turns":3.0},{"damage":2.0,"enemies":"2 Fungi Beasts","floor":13.0,"turns":3.0},{"damage":12.0,"enemies":"Hexaghost","floor":16.0,"turns":7.0},{"damage":3.0,"enemies":"3 Byrds","floor":18.0,"turns":6.0},{"damage":3.0,"enemies":"Shell Parasite","floor":20.0,"turns":4.0},{"damage":7.0,"enemies":"Sentry and Sphere","floor":22.0,"turns":4.0},{"damage":27.0,"enemies":"Slavers","floor":24.0,"turns":4.0},{"damage":10.0,"enemies":"Centurion and Healer","floor":25.0,"turns":5.0},{"damage":26.0,"enemies":"Book of Stabbing","floor":29.0,"turns":4.0},{"damage":0.0,"enemies":"Snecko","floor":31.0,"turns":3.0},{"damage":12.0,"enemies":"Champ","floor":33.0,"turns":9.0},{"damage":3,"enemies":"Orb Walker","floor":35,"turns":3},{"damage":16,"enemies":"3 Shapes","floor":36,"turns":5},{"damage":0,"enemies":"Mind Bloom Boss Battle","floor":37,"turns":5},{"damage":7,"enemies":"3 Darklings","floor":38,"turns":5},{"damage":6,"enemies":"Reptomancer","floor":40,"turns":4},{"damage":0,"enemies":"Maw","floor":41,"turns":5},{"damage":0,"enemies":"Nemesis","floor":42,"turns":4},{"damage":4,"enemies":"Writhing Mass","floor":44,"turns":4},{"damage":9,"enemies":"Reptomancer","floor":45,"turns":4},{"damage":10,"enemies":"Spire Growth","floor":47,"turns":2},{"damage":0,"enemies":"Maw","floor":48,"turns":5},{"damage":11,"enemies":"Donu and Deca","floor":50,"turns":3},{"damage":0,"enemies":"Shield and Spear","floor":54,"turns":3},{"damage":17,"enemies":"The Heart","floor":55,"turns":8}],"seed_played":"-8497827147674188628","potions_obtained":[{"floor":3.0,"key":"Swift Potion"},{"floor":4.0,"key":"FearPotion"},{"floor":6.0,"key":"Fire Potion"},{"floor":12.0,"key":"Poison Potion"}],"is_trial":false,"path_per_floor":["M","?","M","M","?","E","R","M","T","$","E","?","M","?","R","B",null,"M","?","M","$","M","R","E","M","T","$","R","E","R","M","R","B",null,"M","M","?","M","?","E","M","E","T","M","E","$","M","M","R","B",null,"R","$","E","B",null],"character_chosen":"DEFECT","items_purchased":["Capacitor","Fruit Juice","Shuriken","Self Repair","FTL","Flash of Steel","Happy Flower","Runic Capacitor","ClockworkSouvenir"],"campfire_rested":0,"item_purchase_floors":[10,10,21,21,27,46,46,46,53],"current_hp_per_floor":[65,48,46,46,57,47,47,42,42,47,43,41,39,32,32,20,87,84,84,81,81,81,81,61,58,58,58,58,39,39,46,46,41,87,87,71,85,85,85,86,87,89,89,89,89,89,79,88,88,84,93,93,93,93,83],"gold":259,"neow_bonus":"THREE_RARE_CARDS","is_prod":false,"is_daily":false,"chose_seed":false,"campfire_upgraded":7,"win_rate":0,"timestamp":1555882721,"path_taken":["M","?","M","M","?","E","R","M","T","$","E","?","M","?","R","BOSS","M","?","M","$","M","R","E","M","T","$","R","E","R","M","R","BOSS","M","M","?","M","?","E","M","E","T","M","E","$","M","M","R","BOSS","R","$","E","BOSS"],"build_version":"2019-04-20","purchased_purges":3,"victory":true,"max_hp_per_floor":[68,68,68,68,82,82,82,82,82,87,87,87,87,87,87,87,87,87,87,87,87,87,87,87,87,87,87,87,87,87,87,87,87,87,87,87,87,87,87,87,87,89,89,89,91,91,91,93,93,93,93,93,93,93,93],"card_choices":[{"not_picked":["Reboot","Meteor Strike"],"picked":"Biased Cognition","floor":0.0},{"not_picked":["Barrage","Auto Shields"],"picked":"Fusion","floor":1.0},{"not_picked":["Streamline","Reprogram"],"picked":"Loop","floor":3.0},{"not_picked":["Darkness","Gash"],"picked":"Cold Snap","floor":4.0},{"not_picked":["Creative AI","Coolheaded"],"picked":"Ball Lightning","floor":6.0},{"not_picked":["Capacitor","Aggregate"],"picked":"Compile Driver","floor":8.0},{"not_picked":["Redo","Beam Cell"],"picked":"Hologram","floor":11.0},{"not_picked":["Gash","Leap"],"picked":"Heatsinks","floor":12.0},{"not_picked":["Conserve Battery","Gash","Hyperbeam"],"picked":"SKIP","floor":13.0},{"not_picked":["Meteor Strike","Thunder Strike"],"picked":"Echo Form","floor":16.0},{"not_picked":["Beam Cell","Conserve Battery"],"picked":"Skim+1","floor":18.0},{"not_picked":["Lockon","Beam Cell"],"picked":"Double Energy","floor":20.0},{"not_picked":["Self Repair","Redo","Streamline"],"picked":"SKIP","floor":22.0},{"not_picked":["Capacitor+1","Glacier"],"picked":"Hologram+1","floor":24.0},{"not_picked":["Turbo","Sweeping Beam+1","Undo+1"],"picked":"FTL","floor":25.0},{"not_picked":["Echo Form","Stack+1","Genetic Algorithm+1"],"picked":"Sweeping Beam","floor":29.0},{"not_picked":["Tempest","Heatsinks","Scrape+1"],"picked":"Coolheaded+1","floor":31.0},{"not_picked":["Hyperbeam","Meteor Strike","Multi-Cast"],"picked":"Seek","floor":33.0},{"not_picked":["Aggregate","Gash","Defragment+1"],"picked":"Coolheaded+1","floor":35},{"not_picked":["Ball Lightning","Scrape","Reprogram+1"],"picked":"Go for the Eyes+1","floor":36},{"not_picked":["Ball Lightning","Fission","Gash+1"],"picked":"Barrage+1","floor":37},{"not_picked":["Redo+1","Coolheaded+1","Go for the Eyes+1"],"picked":"Defragment+1","floor":38},{"not_picked":["Reinforced Body+1","Coolheaded","Heatsinks"],"picked":"Amplify","floor":40},{"not_picked":["Capacitor","Chill+1","Rebound+1"],"picked":"Recycle+1","floor":41},{"not_picked":["Hello World+1","Self Repair+1","Skim","Gash"],"picked":"Singing Bowl","floor":42},{"not_picked":["Glacier","Loop","Doom and Gloom"],"picked":"Storm","floor":44},{"not_picked":["Reinforced Body","Gash+1","Beam Cell+1","Aggregate"],"picked":"Singing Bowl","floor":45},{"not_picked":["Ball Lightning+1","Blizzard","Rebound+1"],"picked":"Go for the Eyes+1","floor":47},{"not_picked":["Conserve Battery+1","Scrape","Gash","Hologram+1"],"picked":"Singing Bowl","floor":48},{"not_picked":["Defragment+1","Stack","Rip and Tear"],"picked":"Seek","floor":54}],"player_experience":1209896,"relics_obtained":[{"floor":6.0,"key":"PreservedInsect"},{"floor":9.0,"key":"Mummified Hand"},{"floor":11.0,"key":"Smiling Mask"},{"floor":12.0,"key":"Odd Mushroom"},{"floor":24.0,"key":"Question Card"},{"floor":29.0,"key":"Singing Bowl"},{"floor":37,"key":"Thread and Needle"},{"floor":40,"key":"War Paint"},{"floor":42,"key":"Omamori"},{"floor":43,"key":"Potion Belt"},{"floor":45,"key":"Centennial Puzzle"},{"floor":54,"key":"Whetstone"}],"event_choices":[{"damage_healed":0.0,"max_hp_gain":0.0,"max_hp_loss":0.0,"gold_gain":0.0,"event_name":"Golden Idol","player_choice":"Take Damage","floor":2.0,"gold_loss":0.0,"damage_taken":17.0,"relics_obtained":["Golden Idol"]},{"damage_healed":0.0,"max_hp_gain":0.0,"max_hp_loss":0.0,"gold_gain":0.0,"event_name":"Scrap Ooze","player_choice":"Success","floor":5.0,"gold_loss":0.0,"damage_taken":3.0,"relics_obtained":["Mango"]},{"damage_healed":0.0,"max_hp_gain":0.0,"max_hp_loss":0.0,"gold_gain":0.0,"event_name":"Mushrooms","player_choice":"Fought Mushrooms","floor":12.0,"gold_loss":0.0,"damage_taken":0.0},{"cards_removed":["Strike_B"],"damage_healed":0.0,"max_hp_gain":0.0,"max_hp_loss":0.0,"gold_gain":0.0,"event_name":"Golden Wing","player_choice":"Card Removal","floor":14.0,"gold_loss":0.0,"damage_taken":7.0},{"damage_healed":0.0,"max_hp_gain":0.0,"max_hp_loss":0.0,"gold_gain":0.0,"event_name":"The Mausoleum","player_choice":"Ignored","floor":19.0,"gold_loss":0.0,"damage_taken":0.0},{"damage_healed":0,"gold_gain":0,"player_choice":"Fight","damage_taken":0,"max_hp_gain":0,"max_hp_loss":0,"event_name":"MindBloom","floor":37,"gold_loss":0},{"damage_healed":0,"gold_gain":333,"player_choice":"Gave Idol","damage_taken":0,"max_hp_gain":0,"max_hp_loss":0,"event_name":"The Moai Head","floor":39,"relics_lost":["Golden Idol"],"gold_loss":0}],"is_beta":true,"boss_relics":[{"not_picked":["Orrery","White Beast Statue"],"picked":"Sozu"},{"not_picked":["Lizard Tail","Pandora\u0027s Box"],"picked":"Inserter"}],"items_purged_floors":[10,46,53],"is_endless":false,"potions_floor_spawned":[3,4,6,12,22,24,33,35,38,45,47,48],"ascension_level":0}