{"gold_per_floor":[111,111,129,148,59,59,78,113,193,221,221,255,275,310,310,389,389,408,439,439,457,372,372,382,407,407,247,247,247,247,279,279,353,353,370,370,370,270,296,330,344,344,412,438,313,313,325,359,359,359,359,359,359,131,156,156],"floor_reached":57,"playtime":8825,"items_purged":["Strike_G","Strike_G+1","Strike_G+1"],"score":2904,"play_id":"f146d3be-0313-45f6-b900-d22487f62b49","local_time":"20190408184837","is_ascension_mode":true,"campfire_choices":[{"data":"All Out Attack","floor":6,"key":"SMITH"},{"floor":15,"key":"REST"},{"floor":23,"key":"REST"},{"floor":30,"key":"REST"},{"data":"Backflip","floor":32,"key":"SMITH"},{"floor":42,"key":"RECALL"},{"floor":46,"key":"REST"},{"floor":49,"key":"REST"},{"floor":53,"key":"REST"}],"neow_cost":"NONE","seed_source_timestamp":90858390832183,"circlet_count":0,"master_deck":["AscendersBane","Defend_G+1","Defend_G+1","Defend_G+1","Defend_G+1","Defend_G+1","Strike_G+1","Survivor+1","Neutralize+1","All Out Attack+1","Phantasmal Killer+1","Crippling Poison+1","Backstab+1","Well Laid Plans+1","Poisoned Stab+1","Backflip+1","PiercingWail+1","Well Laid Plans+1","Dagger Throw+1","Grand Finale+1","Noxious Fumes+1","PiercingWail+1","Tools of the Trade+1","Acrobatics+1","Malaise+1","Acrobatics+1","Leg Sweep+1","Calculated Gamble","Burst","PiercingWail+1","Calculated Gamble"],"relics":["Ring of the Snake","Tough Bandages","Molten Egg 2","Bronze Scales","Turnip","The Specimen","Velvet Choker","Red Mask","Blood Vial","Boot","Mercury Hourglass","MutagenicStrength","Snake Skull","Fusion Hammer","Mark of the Bloom","Prayer Wheel","Kunai","Sundial","Happy Flower","DollysMirror","Ornamental Fan"],"potions_floor_usage":[8,14,14,25,56],"damage_taken":[{"damage":4,"enemies":"Small Slimes","floor":1,"turns":4},{"damage":1,"enemies":"Cultist","floor":3,"turns":4},{"damage":0,"enemies":"2 Louse","floor":4,"turns":1},{"damage":0,"enemies":"Large Slime","floor":7,"turns":4},{"damage":11,"enemies":"Gremlin Nob","floor":8,"turns":3},{"damage":17,"enemies":"3 Sentries","floor":10,"turns":11},{"damage":20,"enemies":"Lagavulin","floor":12,"turns":8},{"damage":0,"enemies":"2 Fungi Beasts","floor":13,"turns":3},{"damage":2,"enemies":"3 Sentries","floor":14,"turns":6},{"damage":15,"enemies":"Slime Boss","floor":16,"turns":9},{"damage":11,"enemies":"2 Thieves","floor":18,"turns":4},{"damage":40,"enemies":"Masked Bandits","floor":19,"turns":4},{"damage":0,"enemies":"3 Byrds","floor":21,"turns":2},{"damage":15,"enemies":"Cultist and Chosen","floor":24,"turns":6},{"damage":8,"enemies":"Slavers","floor":25,"turns":5},{"damage":0,"enemies":"Gremlin Leader","floor":31,"turns":6},{"damage":30,"enemies":"Champ","floor":33,"turns":14},{"damage":0,"enemies":"3 Shapes","floor":35,"turns":5},{"damage":2,"enemies":"Giant Head","floor":40,"turns":8},{"damage":0,"enemies":"3 Darklings","floor":41,"turns":3},{"damage":0,"enemies":"Reptomancer","floor":44,"turns":4},{"damage":13,"enemies":"Transient","floor":47,"turns":6},{"damage":2,"enemies":"Nemesis","floor":48,"turns":9},{"damage":9,"enemies":"Time Eater","floor":50,"turns":13},{"damage":10,"enemies":"Awakened One","floor":51,"turns":13},{"damage":0,"enemies":"Shield and Spear","floor":55,"turns":9},{"damage":15,"enemies":"The Heart","floor":56,"turns":13}],"seed_played":"8836368984649060690","potions_obtained":[{"floor":4,"key":"FearPotion"},{"floor":7,"key":"FearPotion"},{"floor":12,"key":"AttackPotion"},{"floor":16,"key":"GhostInAJar"},{"floor":20,"key":"Fire Potion"}],"is_trial":false,"path_per_floor":["M","?","M","M","$","R","M","E","T","E","?","E","M","E","R","B",null,"M","?","?","M","?","R","M","E","T","$","?","?","R","E","R","B",null,"M","?","?","$","T","E","M","R","T","E","$","R","M","E","R","B","B",null,"R","$","E","B",null],"character_chosen":"THE_SILENT","items_purchased":["Well Laid Plans","GhostInAJar","DollysMirror"],"campfire_rested":6,"item_purchase_floors":[5,27,54],"current_hp_per_floor":[61,61,60,60,60,60,60,49,49,32,32,12,12,10,31,16,58,47,7,7,7,7,28,15,9,9,9,9,9,30,32,32,4,55,57,57,57,57,57,55,55,55,55,55,55,55,42,40,40,31,21,21,21,21,21,6],"gold":156,"neow_bonus":"TEN_PERCENT_HP_BONUS","is_prod":false,"is_daily":false,"chose_seed":false,"campfire_upgraded":2,"win_rate":0,"timestamp":1554763717,"path_taken":["M","?","?","M","$","R","M","E","T","E","?","E","M","E","R","BOSS","M","?","?","?","?","R","M","E","T","$","?","?","R","E","R","BOSS","M","?","?","$","?","E","?","R","T","E","$","R","M","E","R","BOSS","BOSS","R","$","E","BOSS"],"build_version":"2019-01-23","purchased_purges":3,"victory":true,"max_hp_per_floor":[72,72,72,72,72,72,72,72,72,72,72,72,72,72,72,72,72,72,72,72,72,72,72,72,72,72,72,72,72,72,72,72,72,72,72,72,72,72,72,72,72,72,72,72,72,72,72,72,72,72,72,72,72,72,72,72],"card_choices":[{"not_picked":["Outmaneuver","Prepared"],"picked":"All Out Attack","floor":1},{"not_picked":["Outmaneuver","Dagger Spray"],"picked":"Crippling Poison","floor":3},{"not_picked":["All Out Attack","Dagger Spray"],"picked":"Backstab","floor":4},{"not_picked":["Blade Dance","Prepared"],"picked":"Poisoned Stab","floor":7},{"not_picked":["Sucker Punch","Cloak And Dagger"],"picked":"Backflip","floor":8},{"not_picked":["Escape Plan","Dodge and Roll"],"picked":"PiercingWail","floor":10},{"not_picked":["Underhanded Strike+1","Expertise","Escape Plan"],"picked":"SKIP","floor":12},{"not_picked":["Storm of Steel","Tactician"],"picked":"Well Laid Plans","floor":13},{"not_picked":["Flying Knee+1","Backflip","Dagger Throw+1"],"picked":"SKIP","floor":14},{"not_picked":["Flying Knee+1","Backflip"],"picked":"Dagger Throw+1","floor":14},{"not_picked":["Night Terror","Doppelganger"],"picked":"Grand Finale+1","floor":16},{"not_picked":["Blade Dance","Dagger Throw+1"],"picked":"Noxious Fumes","floor":18},{"not_picked":["Backstab+1","Poisoned Stab+1"],"picked":"PiercingWail+1","floor":19},{"not_picked":["Escape Plan","Bane+1","Deflect"],"picked":"SKIP","floor":21},{"not_picked":["Deflect","Bouncing Flask"],"picked":"Sucker Punch+1","floor":24},{"not_picked":["Dodge and Roll","PiercingWail+1"],"picked":"Tools of the Trade","floor":25},{"not_picked":["PiercingWail","Deflect"],"picked":"Acrobatics","floor":31},{"not_picked":["Bullet Time","Tools of the Trade"],"picked":"Malaise","floor":33},{"not_picked":["Underhanded Strike+1","Outmaneuver"],"picked":"Acrobatics","floor":35},{"not_picked":["Masterful Stab+1","Tactician+1","Underhanded Strike+1"],"picked":"SKIP","floor":40},{"not_picked":["Dagger Throw+1","Noxious Fumes"],"picked":"Leg Sweep+1","floor":41},{"not_picked":["Catalyst","Bane+1"],"picked":"Calculated Gamble","floor":41},{"not_picked":["Terror","Flechettes+1"],"picked":"Burst","floor":44},{"not_picked":["Expertise","Dagger Spray+1","Cloak And Dagger"],"picked":"SKIP","floor":47},{"not_picked":["Deflect","Dagger Throw+1","Underhanded Strike+1"],"picked":"SKIP","floor":47},{"not_picked":["Expertise","Dagger Spray+1","Cloak And Dagger"],"picked":"SKIP","floor":47},{"not_picked":["Deflect","Dagger Throw+1","Underhanded Strike+1"],"picked":"SKIP","floor":47},{"not_picked":["Sucker Punch+1","Underhanded Strike+1"],"picked":"PiercingWail+1","floor":48},{"not_picked":["Acrobatics","Masterful Stab+1","All Out Attack+1"],"picked":"SKIP","floor":55}],"player_experience":1244619,"relics_obtained":[{"floor":8,"key":"Tough Bandages"},{"floor":9,"key":"Molten Egg 2"},{"floor":10,"key":"Bronze Scales"},{"floor":12,"key":"Turnip"},{"floor":14,"key":"The Specimen"},{"floor":19,"key":"Red Mask"},{"floor":25,"key":"Boot"},{"floor":26,"key":"Mercury Hourglass"},{"floor":31,"key":"Snake Skull"},{"floor":40,"key":"Prayer Wheel"},{"floor":43,"key":"Kunai"},{"floor":44,"key":"Sundial"},{"floor":48,"key":"Happy Flower"},{"floor":55,"key":"Ornamental Fan"}],"event_choices":[{"damage_healed":0,"gold_gain":0,"cards_transformed":["Strike_G"],"player_choice":"Transformed","damage_taken":0,"max_hp_gain":0,"max_hp_loss":0,"event_name":"Transmorgrifier","floor":2,"gold_loss":0,"cards_obtained":["Phantasmal Killer"]},{"damage_healed":0,"gold_gain":0,"player_choice":"Ignored","damage_taken":0,"max_hp_gain":0,"max_hp_loss":0,"event_name":"Shining Light","floor":11,"gold_loss":0},{"damage_healed":0,"gold_gain":0,"player_choice":"Fought Bandits","damage_taken":0,"max_hp_gain":0,"max_hp_loss":0,"event_name":"Masked Bandits","floor":19,"gold_loss":0},{"damage_healed":0,"gold_gain":0,"player_choice":"Got Potions","damage_taken":0,"max_hp_gain":0,"max_hp_loss":0,"event_name":"Lab","floor":20,"gold_loss":0},{"damage_healed":0,"gold_gain":0,"player_choice":"Obtained Relic","damage_taken":0,"relics_obtained":["Blood Vial"],"max_hp_gain":0,"max_hp_loss":0,"event_name":"Addict","floor":22,"gold_loss":85},{"damage_healed":0,"gold_gain":0,"player_choice":"Ignored","damage_taken":0,"max_hp_gain":0,"max_hp_loss":0,"event_name":"The Mausoleum","floor":28,"gold_loss":0},{"damage_healed":0,"gold_gain":0,"player_choice":"Inject Mutagens","damage_taken":0,"relics_obtained":["MutagenicStrength"],"max_hp_gain":0,"max_hp_loss":0,"event_name":"Drug Dealer","floor":29,"gold_loss":0},{"cards_removed":["Sucker Punch"],"damage_healed":0,"gold_gain":0,"player_choice":"Removed Attack","damage_taken":0,"max_hp_gain":0,"max_hp_loss":0,"event_name":"Falling","floor":36,"gold_loss":0},{"damage_healed":0,"gold_gain":0,"player_choice":"Upgrade","damage_taken":0,"relics_obtained":["Mark of the Bloom"],"max_hp_gain":0,"max_hp_loss":0,"event_name":"MindBloom","floor":37,"gold_loss":0,"cards_upgraded":["Defend_G","Defend_G","Defend_G","Defend_G","Defend_G","Strike_G","Strike_G","Strike_G","Survivor","Neutralize","Phantasmal Killer","Crippling Poison","Backstab","Well Laid Plans","Poisoned Stab","PiercingWail","Well Laid Plans","Noxious Fumes","Tools of the Trade","Acrobatics","Malaise","Acrobatics"]}],"is_beta":false,"boss_relics":[{"not_picked":["WristBlade","Lizard Tail"],"picked":"Velvet Choker"},{"not_picked":["Snecko Eye","Calling Bell"],"picked":"Fusion Hammer"}],"items_purged_floors":[27,38,45],"is_endless":false,"potions_floor_spawned":[4,7,12,16,21,31,41,48],"ascension_level":20}