{"gold_per_floor":[10,21,32,307,318,352,364,394,436,448,198,198,230,249,249,327,327,338,353,52,62,62,62,80,80,80,80],"floor_reached":27,"playtime":1365,"items_purged":["Regret","Strike_R"],"score":475,"play_id":"d7fdb63e-5bb6-4a5e-aec5-dfea4b75277c","local_time":"20181116131257","is_ascension_mode":true,"campfire_choices":[{"data":"Bludgeon","floor":7.0,"key":"SMITH"},{"data":"Bash","floor":10.0,"key":"SMITH"},{"data":"Armaments","floor":12.0,"key":"SMITH"},{"data":"True Grit","floor":15.0,"key":"SMITH"},{"data":"Flame Barrier","floor":23.0,"key":"SMITH"},{"data":"Inflame","floor":25,"key":"SMITH"}],"neow_cost":"NO_GOLD","seed_source_timestamp":0,"circlet_count":0,"master_deck":["AscendersBane","Strike_R","Strike_R","Strike_R","Strike_R","Defend_R","Defend_R","Defend_R","Defend_R","Bash+1","True Grit+1","Pommel Strike","Bludgeon+1","Anger","Armaments+1","Power Through","Feed","Combust","Cleave+1","Flame Barrier+1","Inflame+1","Shrug It Off","Iron Wave"],"special_seed":0,"relics":["Burning Blood","MawBank","Tiny Chest","Red Skull","Orichalcum","Coffee Dripper","Bottled Lightning"],"potions_floor_usage":[27],"damage_taken":[{"damage":9.0,"enemies":"2 Louse","floor":1.0,"turns":4.0},{"damage":12.0,"enemies":"Cultist","floor":2.0,"turns":4.0},{"damage":12.0,"enemies":"Jaw Worm","floor":3.0,"turns":4.0},{"damage":23.0,"enemies":"Blue Slaver","floor":5.0,"turns":6.0},{"damage":26.0,"enemies":"3 Sentries","floor":6.0,"turns":7.0},{"damage":10.0,"enemies":"Large Slime","floor":8.0,"turns":5.0},{"damage":8.0,"enemies":"Lagavulin","floor":13.0,"turns":4.0},{"damage":1.0,"enemies":"Looter","floor":14.0,"turns":3.0},{"damage":7.0,"enemies":"The Guardian","floor":16.0,"turns":8.0},{"damage":32.0,"enemies":"3 Byrds","floor":18.0,"turns":7.0},{"damage":3.0,"enemies":"Chosen","floor":19.0,"turns":4.0},{"damage":32.0,"enemies":"Snake Plant","floor":21.0,"turns":6.0},{"damage":21,"enemies":"Shelled Parasite and Fungi","floor":24,"turns":5},{"damage":38,"enemies":"Slavers","floor":27,"turns":4}],"seed_played":"6948221472775325619","potions_obtained":[{"floor":2.0,"key":"PowerPotion"},{"floor":3.0,"key":"PowerPotion"},{"floor":13.0,"key":"Block Potion"},{"floor":14.0,"key":"Poison Potion"},{"floor":16.0,"key":"BloodPotion"},{"floor":19.0,"key":"BloodPotion"}],"is_trial":false,"path_per_floor":["M","M","M","?","M","E","E","R","M","T","R","$","R","E","M","R","B",null,"M","M","M","$","M","?","R","M","R","T","E"],"character_chosen":"IRONCLAD","items_purchased":["Red Skull","Armaments","Flame Barrier","Inflame","Shrug It Off"],"campfire_rested":0,"item_purchase_floors":[11,11,20,20,20],"current_hp_per_floor":[79,73,67,67,50,30,30,26,26,26,26,26,24,29,29,28,74,52,55,55,42,42,42,30,30,30,0],"gold":80,"neow_bonus":"TWENTY_PERCENT_HP_BONUS","is_prod":false,"is_daily":false,"chose_seed":false,"campfire_upgraded":6,"win_rate":0,"timestamp":1542391977,"path_taken":["M","M","M","?","?","E","R","M","T","R","$","R","E","M","R","BOSS","M","M","$","M","?","R","M","R","T","E"],"build_version":"2018-11-15","purchased_purges":2,"victory":false,"max_hp_per_floor":[89,89,89,89,89,89,89,89,89,89,89,89,89,89,89,89,89,93,93,93,97,97,97,100,100,100,103],"card_choices":[{"not_picked":["Clash","Thunderclap","Rampage"],"picked":"SKIP","floor":1.0},{"not_picked":["Body Slam","Thunderclap"],"picked":"True Grit","floor":2.0},{"not_picked":["Clash","Rampage"],"picked":"Pommel Strike","floor":3.0},{"not_picked":["Clothesline","Heavy Blade"],"picked":"Bludgeon","floor":5.0},{"not_picked":["Cleave","Searing Blow"],"picked":"Anger","floor":6.0},{"not_picked":["Warcry","Combust","Heavy Blade"],"picked":"SKIP","floor":8.0},{"not_picked":["Rampage","Perfected Strike","Entrench"],"picked":"SKIP","floor":13.0},{"not_picked":["Headbutt","Intimidate"],"picked":"Power Through","floor":14.0},{"not_picked":["Berserk","Double Tap"],"picked":"Feed","floor":16.0},{"not_picked":["Cleave","Twin Strike"],"picked":"Combust","floor":18.0},{"not_picked":["Anger","Thunderclap+1"],"picked":"Cleave+1","floor":19.0},{"not_picked":["Thunderclap","Armaments","Barricade"],"picked":"SKIP","floor":21.0},{"not_picked":["Flex","Pummel"],"picked":"Iron Wave","floor":24}],"player_experience":334420,"relics_obtained":[{"floor":6.0,"key":"MawBank"},{"floor":9.0,"key":"Tiny Chest"},{"floor":13.0,"key":"Orichalcum"},{"floor":26,"key":"Bottled Lightning"}],"event_choices":[{"damage_healed":0.0,"max_hp_gain":0.0,"max_hp_loss":0.0,"gold_gain":275.0,"event_name":"Golden Shrine","player_choice":"Desecrate","floor":4.0,"gold_loss":0.0,"damage_taken":0.0,"cards_obtained":["Regret"]}],"is_beta":false,"boss_relics":[{"not_picked":["Astrolabe","Mark of Pain"],"picked":"Coffee Dripper"}],"items_purged_floors":[11,20],"is_endless":false,"potions_floor_spawned":[2,3,13,14,16,19],"killed_by":"Slavers","ascension_level":20}