{"gold_per_floor":[115,115,115,115,115,115,39,39,39,58,75,75,75,116,116,242,242,261,282,282,303,303,303,319,363,363,234,252,272,295,333,333,461,461,476,601,601,622,171,209,209,243,268,268,283,318,359,359,359,359,359,359,138,178,178],"floor_reached":56,"playtime":2748,"items_purged":["Strike_B","Strike_B","Strike_B"],"score":1426,"play_id":"38af1c55-f85f-4f91-a54d-3507f2ef1ec0","local_time":"20190218154038","is_ascension_mode":false,"campfire_choices":[{"data":"Barrage","floor":6,"key":"SMITH"},{"data":"Zap","floor":8,"key":"SMITH"},{"data":"Barrage","floor":13,"key":"SMITH"},{"data":"Lockon","floor":15,"key":"SMITH"},{"data":"Capacitor","floor":23,"key":"SMITH"},{"data":"Biased Cognition","floor":32,"key":"SMITH"},{"floor":41,"key":"RECALL"},{"data":"Echo Form","floor":44,"key":"SMITH"},{"floor":49,"key":"REST"},{"data":"Beam Cell","floor":52,"key":"SMITH"}],"neow_cost":"NONE","seed_source_timestamp":80048840161607,"circlet_count":0,"master_deck":["Defend_B+1","Defend_B+1","Defend_B+1","Defend_B+1","Zap+1","Dualcast","Barrage+1","Cold Snap","Gash","Chill","Barrage+1","Lockon+1","Biased Cognition+1","Compile Driver","Capacitor+1","Chill+1","Compile Driver","Coolheaded+1","Turbo+1","Hologram+1","Reinforced Body+1","Capacitor+1","Echo Form+1","Coolheaded+1","Panacea+1","Compile Driver","Hologram+1","Ball Lightning+1","Barrage+1","Beam Cell+1","Blizzard+1","Blizzard+1"],"relics":["Cracked Core","Dodecahedron","Golden Idol","Orichalcum","Nuclear Battery","Thread and Needle","War Paint","Toxic Egg 2","Ancient Tea Set","Philosopher\u0027s Stone","WingedGreaves","Emotion Chip","Singing Bowl","Blue Candle","Blood Vial","Kunai","Torii","Bronze Scales"],"potions_floor_usage":[33,38,46,46],"damage_taken":[{"damage":2,"enemies":"Jaw Worm","floor":1,"turns":4},{"damage":3,"enemies":"Small Slimes","floor":10,"turns":2},{"damage":5,"enemies":"2 Louse","floor":11,"turns":2},{"damage":2,"enemies":"3 Sentries","floor":14,"turns":8},{"damage":25,"enemies":"Hexaghost","floor":16,"turns":9},{"damage":3,"enemies":"Chosen","floor":18,"turns":3},{"damage":15,"enemies":"2 Thieves","floor":19,"turns":4},{"damage":0,"enemies":"3 Cultists","floor":21,"turns":6},{"damage":0,"enemies":"Cultist and Chosen","floor":24,"turns":6},{"damage":12,"enemies":"Slavers","floor":25,"turns":5},{"damage":0,"enemies":"Chosen and Byrds","floor":28,"turns":3},{"damage":0,"enemies":"Snake Plant","floor":29,"turns":4},{"damage":0,"enemies":"Shelled Parasite and Fungi","floor":30,"turns":3},{"damage":0,"enemies":"Book of Stabbing","floor":31,"turns":5},{"damage":0,"enemies":"Automaton","floor":33,"turns":8},{"damage":5,"enemies":"3 Darklings","floor":35,"turns":6},{"damage":0,"enemies":"Mind Bloom Boss Battle","floor":36,"turns":6},{"damage":0,"enemies":"Orb Walker","floor":38,"turns":4},{"damage":0,"enemies":"Reptomancer","floor":40,"turns":5},{"damage":0,"enemies":"Giant Head","floor":42,"turns":7},{"damage":0,"enemies":"Spire Growth","floor":45,"turns":5},{"damage":0,"enemies":"Reptomancer","floor":46,"turns":6},{"damage":27,"enemies":"Nemesis","floor":47,"turns":5},{"damage":18,"enemies":"Time Eater","floor":50,"turns":10},{"damage":36,"enemies":"Shield and Spear","floor":54,"turns":5},{"damage":65,"enemies":"The Heart","floor":55,"turns":9}],"seed_played":"5233443978635475196","potions_obtained":[{"floor":16,"key":"Ancient Potion"},{"floor":19,"key":"FearPotion"},{"floor":21,"key":"EssenceOfSteel"},{"floor":29,"key":"FocusPotion"},{"floor":35,"key":"SteroidPotion"},{"floor":38,"key":"SpeedPotion"},{"floor":47,"key":"Poison Potion"},{"floor":54,"key":"Explosive Potion"}],"is_trial":false,"path_per_floor":["M","?","?","?","T","R","$","R","T","M","M","?","R","E","R","B",null,"M","M","?","M","?","R","M","E","T","$","M","M","M","E","R","B",null,"M","?","?","M","$","E","R","E","T","R","M","E","E","?","R","B",null,"R","$","E","B",null],"character_chosen":"DEFECT","items_purchased":["Cold Snap","Gash","Coolheaded+1","Hologram+1","Emotion Chip","FairyPotion"],"campfire_rested":1,"item_purchase_floors":[7,7,27,39,39,53],"current_hp_per_floor":[80,85,78,61,61,61,61,61,61,58,53,53,53,51,51,26,81,78,63,63,63,63,63,63,51,51,51,51,51,51,51,51,51,81,76,76,76,76,76,76,76,76,76,76,78,80,56,56,80,64,83,83,83,47,4],"gold":178,"neow_bonus":"TEN_PERCENT_HP_BONUS","is_prod":false,"is_daily":false,"chose_seed":false,"campfire_upgraded":8,"win_rate":0,"timestamp":1550504438,"path_taken":["M","?","?","?","?","R","$","R","T","M","?","?","R","E","R","BOSS","M","M","?","M","?","R","M","E","T","$","M","M","M","E","R","BOSS","M","?","?","M","$","E","R","E","T","R","M","E","E","?","R","BOSS","R","$","E","BOSS"],"build_version":"2019-02-06","purchased_purges":3,"victory":true,"max_hp_per_floor":[82,87,87,87,87,87,87,87,87,87,87,81,81,81,81,81,81,81,81,81,81,81,81,81,81,81,81,81,81,81,81,81,81,81,81,81,81,81,81,81,81,81,81,81,81,81,83,83,83,83,83,83,83,83,83],"card_choices":[{"not_picked":["Turbo","Stack"],"picked":"Barrage","floor":1},{"not_picked":["Conserve Battery","Go for the Eyes"],"picked":"Chill","floor":10},{"not_picked":["Steam","Conserve Battery"],"picked":"Barrage","floor":11},{"not_picked":["Heatsinks","Consume"],"picked":"Lockon","floor":14},{"not_picked":["Hyperbeam","Rainbow"],"picked":"Biased Cognition","floor":16},{"not_picked":["Streamline+1","FTL+1"],"picked":"Compile Driver","floor":18},{"not_picked":["Defragment","Gash"],"picked":"Capacitor","floor":19},{"not_picked":["Storm","Heatsinks"],"picked":"Chill+1","floor":21},{"not_picked":["Rebound","Barrage","Doom and Gloom"],"picked":"SKIP","floor":24},{"not_picked":["Thunder Strike","Melter"],"picked":"Compile Driver","floor":25},{"not_picked":["Sunder+1","Rip and Tear"],"picked":"Turbo+1","floor":28},{"not_picked":["Coolheaded+1","Beam Cell"],"picked":"Hologram+1","floor":29},{"not_picked":["Leap+1","Aggregate+1"],"picked":"Reinforced Body+1","floor":30},{"not_picked":["Meteor Strike","Stack+1"],"picked":"Capacitor+1","floor":31},{"not_picked":["Electrodynamics","Amplify+1"],"picked":"Echo Form","floor":33},{"not_picked":["Rebound","FTL+1","Darkness+1"],"picked":"SKIP","floor":35},{"not_picked":["Darkness+1","Self Repair"],"picked":"Coolheaded+1","floor":36},{"not_picked":["Flash of Steel","Bandage Up+1"],"picked":"Panacea+1","floor":37},{"not_picked":["Reinforced Body+1","Auto Shields+1"],"picked":"Compile Driver","floor":38},{"not_picked":["Auto Shields+1","Aggregate+1"],"picked":"Ball Lightning+1","floor":40},{"not_picked":["Multi-Cast+1","Coolheaded+1"],"picked":"Barrage+1","floor":42},{"not_picked":["Barrage","Lockon+1"],"picked":"Beam Cell","floor":45},{"not_picked":["Sweeping Beam","Coolheaded+1"],"picked":"Blizzard+1","floor":46},{"not_picked":["Rip and Tear","Loop","Reboot+1"],"picked":"Singing Bowl","floor":47},{"not_picked":["Tempest+1","Static Discharge"],"picked":"Blizzard+1","floor":54}],"player_experience":940619,"relics_obtained":[{"floor":9,"key":"Dodecahedron"},{"floor":14,"key":"Orichalcum"},{"floor":25,"key":"War Paint"},{"floor":26,"key":"Toxic Egg 2"},{"floor":31,"key":"Ancient Tea Set"},{"floor":36,"key":"WingedGreaves"},{"floor":40,"key":"Singing Bowl"},{"floor":42,"key":"Blue Candle"},{"floor":43,"key":"Blood Vial"},{"floor":46,"key":"Kunai"},{"floor":47,"key":"Torii"},{"floor":54,"key":"Bronze Scales"}],"event_choices":[{"damage_healed":0,"gold_gain":0,"player_choice":"Donut","damage_taken":0,"max_hp_gain":5,"max_hp_loss":0,"event_name":"Big Fish","floor":2,"gold_loss":0},{"cards_removed":["Strike_B"],"damage_healed":0,"gold_gain":0,"player_choice":"Card Removal","damage_taken":7,"max_hp_gain":0,"max_hp_loss":0,"event_name":"Golden Wing","floor":3,"gold_loss":0},{"damage_healed":0,"gold_gain":0,"player_choice":"Entered Light","damage_taken":17,"max_hp_gain":0,"max_hp_loss":0,"event_name":"Shining Light","floor":4,"gold_loss":0,"cards_upgraded":["Defend_B","Defend_B"]},{"damage_healed":0,"gold_gain":0,"player_choice":"Lose Max HP","damage_taken":0,"relics_obtained":["Golden Idol"],"max_hp_gain":0,"max_hp_loss":6,"event_name":"Golden Idol","floor":12,"gold_loss":0},{"damage_healed":0,"gold_gain":0,"player_choice":"Opened","damage_taken":0,"relics_obtained":["Thread and Needle"],"max_hp_gain":0,"max_hp_loss":0,"event_name":"The Mausoleum","floor":20,"gold_loss":0},{"damage_healed":0,"gold_gain":0,"player_choice":"Ignored","damage_taken":0,"max_hp_gain":0,"max_hp_loss":0,"event_name":"Ghosts","floor":22,"gold_loss":0},{"damage_healed":0,"gold_gain":0,"player_choice":"Fight","damage_taken":0,"max_hp_gain":0,"max_hp_loss":0,"event_name":"MindBloom","floor":36,"gold_loss":0},{"damage_healed":0,"gold_gain":0,"player_choice":"Memory 1","damage_taken":0,"max_hp_gain":0,"max_hp_loss":0,"event_name":"SensoryStone","floor":37,"gold_loss":0},{"damage_healed":0,"gold_gain":0,"player_choice":"Ignored","damage_taken":0,"max_hp_gain":0,"max_hp_loss":0,"event_name":"NoteForYourself","floor":48,"gold_loss":0}],"is_beta":true,"boss_relics":[{"not_picked":["Black Star","Busted Crown"],"picked":"Nuclear Battery"},{"not_picked":["Orrery","Runic Pyramid"],"picked":"Philosopher\u0027s Stone"}],"items_purged_floors":[27,39,53],"is_endless":false,"potions_floor_spawned":[16,19,21,24,29,31,35,38,42,47,54],"ascension_level":0}