{"gold_per_floor":[116,116,139,158,233,233,269,269,347,368,392,567,585,585],"floor_reached":14,"playtime":320,"items_purged":[],"score":124,"play_id":"7d512e7e-2fd7-465a-831c-9d49bfc786b2","local_time":"20181231024225","is_ascension_mode":true,"campfire_choices":[{"data":"Gash","floor":6,"key":"SMITH"},{"floor":8,"key":"REST"}],"neow_cost":"NONE","seed_source_timestamp":800415143214007,"circlet_count":0,"master_deck":["Strike_B","Strike_B","Strike_B","Strike_B","Defend_B","Defend_B","Defend_B","Defend_B","Zap","Dualcast","Gash+1","Heatsinks","Coolheaded","Echo Form","Compile Driver","Gash","Doubt","Self Repair"],"relics":["Cracked Core","Regal Pillow","Golden Idol","Oddly Smooth Stone","Letter Opener"],"potions_floor_usage":[7,11],"damage_taken":[{"damage":0,"enemies":"Small Slimes","floor":1,"turns":2},{"damage":1,"enemies":"Cultist","floor":3,"turns":3},{"damage":7,"enemies":"Jaw Worm","floor":4,"turns":3},{"damage":35,"enemies":"Gremlin Nob","floor":7,"turns":5},{"damage":14,"enemies":"Large Slime","floor":10,"turns":6},{"damage":13,"enemies":"3 Louse","floor":11,"turns":3},{"damage":15,"enemies":"Blue Slaver","floor":13,"turns":3},{"damage":8,"enemies":"Exordium Wildlife","floor":14,"turns":1}],"seed_played":"7975972799719676156","potions_obtained":[{"floor":3,"key":"Weak Potion"},{"floor":7,"key":"SkillPotion"}],"is_trial":false,"path_per_floor":["M","?","M","M","?","R","E","R","T","M","M","?","M","M"],"character_chosen":"DEFECT","items_purchased":[],"campfire_rested":1,"item_purchase_floors":[],"current_hp_per_floor":[68,68,67,60,49,49,14,49,49,35,22,22,7,0],"gold":585,"neow_bonus":"RANDOM_COMMON_RELIC","is_prod":false,"is_daily":false,"chose_seed":false,"campfire_upgraded":1,"win_rate":0,"timestamp":1546234945,"path_taken":["M","?","M","M","?","R","E","R","T","M","M","?","M","M"],"build_version":"2018-12-20","purchased_purges":0,"victory":false,"max_hp_per_floor":[75,69,69,69,69,69,69,69,69,69,69,69,69,69],"card_choices":[{"not_picked":["BootSequence","Leap"],"picked":"Gash","floor":1},{"not_picked":["Ball Lightning","Stack"],"picked":"Heatsinks","floor":3},{"not_picked":["Beam Cell","Compile Driver"],"picked":"Coolheaded","floor":4},{"not_picked":["Consume","Stack"],"picked":"Echo Form","floor":7},{"not_picked":["Auto Shields","Rebound"],"picked":"Compile Driver","floor":10},{"not_picked":["Cold Snap","Scrape"],"picked":"Gash","floor":11},{"not_picked":["Go for the Eyes","Conserve Battery"],"picked":"Self Repair","floor":13}],"player_experience":583472,"relics_obtained":[{"floor":7,"key":"Oddly Smooth Stone"},{"floor":9,"key":"Letter Opener"}],"event_choices":[{"damage_healed":0,"gold_gain":0,"player_choice":"Lose Max HP","damage_taken":0,"relics_obtained":["Golden Idol"],"max_hp_gain":0,"max_hp_loss":6,"event_name":"Golden Idol","floor":2,"gold_loss":0},{"damage_healed":0,"gold_gain":75,"player_choice":"Gather Gold","damage_taken":11,"max_hp_gain":0,"max_hp_loss":0,"event_name":"World of Goop","floor":5,"gold_loss":0},{"damage_healed":0,"gold_gain":175,"player_choice":"AGREE","damage_taken":0,"max_hp_gain":0,"max_hp_loss":0,"event_name":"Liars Game","floor":12,"gold_loss":0,"cards_obtained":["Doubt"]}],"is_beta":false,"boss_relics":[],"items_purged_floors":[],"is_endless":false,"potions_floor_spawned":[3,7],"killed_by":"Exordium Wildlife","ascension_level":7}