{"gold_per_floor":[368,31,51,68,68,68,93,108,161,71,86,114,114,124,124,124],"floor_reached":16,"playtime":584,"items_purged":[],"score":207,"play_id":"b367c0ac-ea6f-4338-bd32-5e8e1d740b91","local_time":"20190425211541","is_ascension_mode":true,"campfire_choices":[{"data":"Havoc","floor":6,"key":"SMITH"},{"floor":15,"key":"REST"}],"neow_cost":"TEN_PERCENT_HP_LOSS","seed_source_timestamp":1236340436434282,"circlet_count":0,"master_deck":["AscendersBane","Strike_R","Strike_R","Strike_R","Strike_R","Strike_R","Defend_R","Defend_R","Defend_R","Defend_R","Bash","Thunderclap","Mayhem+1","Metallicize","Havoc","Havoc+1","Headbutt","Flame Barrier+1","Infernal Blade+1","Power Through+1","Dark Embrace","Spot Weakness+1","Spot Weakness+1"],"relics":["Burning Blood","Toxic Egg 2","PreservedInsect","Dream Catcher"],"potions_floor_usage":[11,12,14,14],"damage_taken":[{"damage":12,"enemies":"Cultist","floor":1,"turns":4},{"damage":5,"enemies":"2 Louse","floor":3,"turns":4},{"damage":3,"enemies":"Small Slimes","floor":4,"turns":5},{"damage":21,"enemies":"3 Sentries","floor":7,"turns":8},{"damage":13,"enemies":"Blue Slaver","floor":8,"turns":4},{"damage":0,"enemies":"3 Louse","floor":11,"turns":3},{"damage":27,"enemies":"Gremlin Nob","floor":12,"turns":3},{"damage":24,"enemies":"Gremlin Gang","floor":14,"turns":4},{"damage":42,"enemies":"Slime Boss","floor":16,"turns":9}],"seed_played":"-7563375613675671943","potions_obtained":[{"floor":4,"key":"Poison Potion"},{"floor":8,"key":"SteroidPotion"},{"floor":13,"key":"Swift Potion"},{"floor":13,"key":"SneckoOil"},{"floor":14,"key":"Poison Potion"}],"is_trial":false,"path_per_floor":["M","$","M","M","?","R","E","M","T","$","M","E","?","M","R","B"],"character_chosen":"IRONCLAD","items_purchased":["Mayhem","Metallicize","Havoc","Power Through+1"],"campfire_rested":1,"item_purchase_floors":[2,2,2,10],"current_hp_per_floor":[62,62,63,66,66,66,51,44,44,44,50,29,29,11,31,0],"gold":124,"neow_bonus":"TWO_FIFTY_GOLD","is_prod":false,"is_daily":false,"chose_seed":false,"campfire_upgraded":1,"win_rate":0,"timestamp":1556237741,"path_taken":["M","$","M","?","?","R","E","?","T","$","M","E","?","M","R","BOSS"],"build_version":"2019-01-23","purchased_purges":0,"victory":false,"max_hp_per_floor":[68,68,68,68,68,68,68,68,68,68,68,68,68,68,68,68],"card_choices":[{"not_picked":["Infernal Blade","Armaments"],"picked":"Thunderclap","floor":1},{"not_picked":["Pommel Strike","Headbutt"],"picked":"Havoc","floor":3},{"not_picked":["Rage","Heavy Blade"],"picked":"Headbutt","floor":4},{"not_picked":["Dropkick","Searing Blow"],"picked":"Flame Barrier","floor":7},{"not_picked":["Combust","Iron Wave"],"picked":"Infernal Blade+1","floor":8},{"not_picked":["Cleave","Pummel"],"picked":"Dark Embrace","floor":11},{"not_picked":["Disarm+1","Bloodletting+1"],"picked":"Spot Weakness+1","floor":12},{"not_picked":["Sword Boomerang","Headbutt"],"picked":"Spot Weakness+1","floor":14}],"player_experience":1219311,"relics_obtained":[{"floor":7,"key":"Toxic Egg 2"},{"floor":9,"key":"PreservedInsect"},{"floor":12,"key":"Dream Catcher"}],"event_choices":[{"damage_healed":0,"gold_gain":0,"player_choice":"Upgraded","damage_taken":0,"max_hp_gain":0,"max_hp_loss":0,"event_name":"Upgrade Shrine","floor":5,"gold_loss":0,"cards_upgraded":["Mayhem"]},{"damage_healed":0,"gold_gain":0,"player_choice":"Got Potions","damage_taken":0,"max_hp_gain":0,"max_hp_loss":0,"event_name":"Lab","floor":13,"gold_loss":0}],"is_beta":false,"boss_relics":[],"items_purged_floors":[],"is_endless":false,"potions_floor_spawned":[4,8,14],"killed_by":"Slime Boss","ascension_level":17}