{"gold_per_floor":[113,113,62,77,2,35,35,67,67,83,37,91,91,102,102,201,201,219,237,257,257,49,49,49,64,90,90,102,102,118,128,128,225,225,243,243,243,254,273,273,287,287],"floor_reached":42,"playtime":890,"items_purged":[],"score":705,"play_id":"95d52907-5a11-4b7c-b03e-b4da5cdad582","local_time":"20190202201523","is_ascension_mode":true,"campfire_choices":[{"data":"Inflame","floor":7,"key":"SMITH"},{"data":"Spot Weakness","floor":15,"key":"SMITH"},{"data":"Limit Break","floor":23,"key":"SMITH"},{"data":"Armaments","floor":27,"key":"SMITH"},{"floor":32,"key":"REST"},{"floor":40,"key":"REST"}],"neow_cost":"NONE","seed_source_timestamp":329129946218666,"circlet_count":0,"master_deck":["Strike_R","Strike_R","Strike_R","Strike_R","Strike_R","Defend_R","Defend_R","Defend_R","Defend_R","Bash","Cleave","Flex","Anger","Carnage","Inflame+1","Cleave","Juggernaut","Armaments+1","Regret","Spot Weakness+1","Limit Break+1","Clash+1","Cleave","Spot Weakness+1","Wild Strike","Flex","Clash","Armaments","Double Tap","Juggernaut","PanicButton","Dramatic Entrance","Secret Weapon","Dual Wield+1","Inflame+1"],"relics":["Burning Blood","NeowsBlessing","Paper Frog","Bottled Tornado","Pear","Happy Flower","Busted Crown","Lee\u0027s Waffle","Dream Catcher","Omamori","Fusion Hammer","WarpedTongs"],"potions_floor_usage":[8,16,18,19,20,20,30,42],"damage_taken":[{"damage":0,"enemies":"Jaw Worm","floor":1,"turns":1},{"damage":0,"enemies":"Cultist","floor":4,"turns":1},{"damage":0,"enemies":"Lagavulin","floor":6,"turns":1},{"damage":25,"enemies":"3 Sentries","floor":8,"turns":6},{"damage":0,"enemies":"2 Louse","floor":10,"turns":2},{"damage":10,"enemies":"Looter","floor":14,"turns":4},{"damage":4,"enemies":"Slime Boss","floor":16,"turns":6},{"damage":17,"enemies":"2 Thieves","floor":18,"turns":4},{"damage":17,"enemies":"3 Byrds","floor":19,"turns":3},{"damage":51,"enemies":"Centurion and Healer","floor":20,"turns":4},{"damage":21,"enemies":"Sentry and Sphere","floor":25,"turns":4},{"damage":42,"enemies":"Shelled Parasite and Fungi","floor":28,"turns":4},{"damage":10,"enemies":"Centurion and Healer","floor":30,"turns":3},{"damage":24,"enemies":"Chosen and Byrds","floor":31,"turns":3},{"damage":44,"enemies":"Automaton","floor":33,"turns":5},{"damage":29,"enemies":"3 Shapes","floor":35,"turns":4},{"damage":17,"enemies":"Orb Walker","floor":38,"turns":3},{"damage":15,"enemies":"3 Darklings","floor":39,"turns":5},{"damage":45,"enemies":"Writhing Mass","floor":41,"turns":5},{"damage":48,"enemies":"Giant Head","floor":42,"turns":5}],"seed_played":"9220517605650363106","potions_obtained":[{"floor":2,"key":"Block Potion"},{"floor":2,"key":"Ancient Potion"},{"floor":2,"key":"SpeedPotion"},{"floor":4,"key":"AttackPotion"},{"floor":10,"key":"SkillPotion"},{"floor":14,"key":"PowerPotion"},{"floor":18,"key":"LiquidBronze"},{"floor":20,"key":"Fruit Juice"},{"floor":25,"key":"PowerPotion"},{"floor":35,"key":"Strength Potion"}],"is_trial":false,"path_per_floor":["M","?","$","M","$","E","R","E","T","M","$","?","?","M","R","B",null,"M","M","M","?","$","R","?","M","T","R","M","?","M","M","R","B",null,"M","?","?","M","M","R","M","E"],"character_chosen":"IRONCLAD","items_purchased":["Flex","Carnage","Armaments","Lee\u0027s Waffle"],"campfire_rested":2,"item_purchase_floors":[3,5,11,22],"current_hp_per_floor":[78,78,78,80,80,80,80,61,71,77,77,77,77,73,73,75,86,75,64,24,24,102,102,102,87,87,87,51,85,81,63,93,55,90,67,57,57,46,37,67,28,0],"gold":287,"neow_bonus":"THREE_ENEMY_KILL","is_prod":false,"is_daily":false,"chose_seed":false,"campfire_upgraded":4,"win_rate":0,"timestamp":1549149323,"path_taken":["M","?","$","M","$","E","R","E","T","?","?","?","?","?","R","BOSS","M","M","M","?","$","R","?","M","T","R","M","?","M","M","R","BOSS","M","?","?","M","?","R","M","E"],"build_version":"2019-01-23","purchased_purges":0,"victory":false,"max_hp_per_floor":[80,80,80,80,80,80,80,80,90,90,90,90,90,90,90,90,90,90,90,95,95,102,102,102,102,102,102,102,102,102,102,102,102,102,102,102,102,102,102,102,102,102],"card_choices":[{"not_picked":["Thunderclap","Headbutt"],"picked":"Cleave","floor":1},{"not_picked":["Sentinel","Clash"],"picked":"Anger","floor":4},{"not_picked":["Searing Blow","Body Slam"],"picked":"Inflame","floor":6},{"not_picked":["Clothesline","Ghostly Armor"],"picked":"Cleave","floor":8},{"not_picked":["Searing Blow","Power Through"],"picked":"Juggernaut","floor":10},{"not_picked":["Searing Blow","Sword Boomerang"],"picked":"Spot Weakness","floor":14},{"not_picked":["Demon Form","Feed"],"picked":"Limit Break","floor":16},{"not_picked":[],"picked":"Clash+1","floor":18},{"not_picked":[],"picked":"Cleave","floor":19},{"not_picked":[],"picked":"Spot Weakness+1","floor":20},{"not_picked":[],"picked":"Wild Strike","floor":25},{"not_picked":[],"picked":"Flex","floor":28},{"not_picked":[],"picked":"Clash","floor":30},{"not_picked":[],"picked":"Armaments","floor":31},{"not_picked":[],"picked":"Double Tap","floor":32},{"not_picked":[],"picked":"Juggernaut","floor":33},{"not_picked":["Clothesline"],"picked":"SKIP","floor":35},{"not_picked":[],"picked":"PanicButton","floor":36},{"not_picked":[],"picked":"Dramatic Entrance","floor":36},{"not_picked":[],"picked":"Secret Weapon","floor":36},{"not_picked":["Pommel Strike"],"picked":"SKIP","floor":38},{"not_picked":["Burning Pact"],"picked":"SKIP","floor":39},{"not_picked":[],"picked":"Dual Wield+1","floor":40},{"not_picked":[],"picked":"Inflame+1","floor":41}],"player_experience":709033,"relics_obtained":[{"floor":6,"key":"Paper Frog"},{"floor":8,"key":"Bottled Tornado"},{"floor":9,"key":"Pear"},{"floor":26,"key":"Omamori"}],"event_choices":[{"damage_healed":0,"gold_gain":0,"player_choice":"Got Potions","damage_taken":0,"max_hp_gain":0,"max_hp_loss":0,"event_name":"Lab","floor":2,"gold_loss":0},{"damage_healed":0,"gold_gain":54,"player_choice":"Gained Gold","damage_taken":0,"max_hp_gain":0,"max_hp_loss":0,"event_name":"Golden Wing","floor":12,"gold_loss":0},{"damage_healed":0,"gold_gain":0,"player_choice":"Box","damage_taken":0,"relics_obtained":["Happy Flower"],"max_hp_gain":0,"max_hp_loss":0,"event_name":"Big Fish","floor":13,"gold_loss":0,"cards_obtained":["Regret"]},{"damage_healed":0,"gold_gain":0,"player_choice":"Ignored","damage_taken":0,"max_hp_gain":0,"max_hp_loss":0,"event_name":"Vampires","floor":21,"gold_loss":0},{"damage_healed":0,"gold_gain":0,"player_choice":"Opened","damage_taken":0,"relics_obtained":["Dream Catcher"],"max_hp_gain":0,"max_hp_loss":0,"event_name":"The Mausoleum","floor":24,"gold_loss":0},{"damage_healed":34,"gold_gain":0,"player_choice":"Heal","damage_taken":0,"max_hp_gain":0,"max_hp_loss":0,"event_name":"The Library","floor":29,"gold_loss":0},{"damage_healed":0,"gold_gain":0,"player_choice":"Memory 3","damage_taken":10,"max_hp_gain":0,"max_hp_loss":0,"event_name":"SensoryStone","floor":36,"gold_loss":0},{"damage_healed":0,"gold_gain":0,"player_choice":"Rummage","damage_taken":0,"relics_obtained":["WarpedTongs"],"max_hp_gain":0,"max_hp_loss":0,"event_name":"Accursed Blacksmith","floor":37,"gold_loss":0,"cards_obtained":["Pain"]}],"is_beta":false,"boss_relics":[{"not_picked":["Ectoplasm","Velvet Choker"],"picked":"Busted Crown"},{"not_picked":["Coffee Dripper","Tiny House"],"picked":"Fusion Hammer"}],"items_purged_floors":[],"is_endless":false,"potions_floor_spawned":[4,6,10,14,18,20,25,35],"killed_by":"Giant Head","ascension_level":7}