{"gold_per_floor":[115,40,115,115,130,130,130,161,232,261,279,279,309,324,324,399,399,418,95,1,20,38,38,54,54,80,93,93,108,133,150,150,150],"floor_reached":33,"playtime":1110,"items_purged":["Pain"],"score":488,"play_id":"ef2b33d3-8aaf-4a9f-9afb-015c72341732","local_time":"20190422125435","is_ascension_mode":true,"campfire_choices":[{"floor":7,"key":"REST"},{"floor":12,"key":"REST"},{"floor":15,"key":"REST"},{"data":"Cloak And Dagger","floor":23,"key":"SMITH"},{"floor":25,"key":"REST"},{"floor":32,"key":"REST"}],"neow_cost":"CURSE","seed_source_timestamp":946526163842804,"circlet_count":0,"master_deck":["AscendersBane","Defend_G","Defend_G","Defend_G","Defend_G+1","Defend_G","Strike_G","Strike_G","Strike_G","Strike_G","Strike_G","Survivor","Neutralize","Dagger Spray+1","Prepared","Backflip","Backflip","Dagger Spray+1","Glass Knife+1","Skewer+1","Die Die Die+1","Dodge and Roll","Caltrops","Cloak And Dagger+1","Slice+1","Dagger Spray+1","Flechettes+1","Cloak And Dagger"],"relics":["Ring of the Snake","Bag of Preparation","Shovel","Molten Egg 2","Dream Catcher","Bronze Scales","Busted Crown","Shuriken","Frozen Egg 2","Meat on the Bone"],"potions_floor_usage":[10,10,30],"damage_taken":[{"damage":15,"enemies":"Jaw Worm","floor":1,"turns":6},{"damage":1,"enemies":"Small Slimes","floor":5,"turns":2},{"damage":22,"enemies":"3 Sentries","floor":8,"turns":8},{"damage":24,"enemies":"Gremlin Nob","floor":10,"turns":4},{"damage":0,"enemies":"Cultist","floor":11,"turns":3},{"damage":12,"enemies":"3 Sentries","floor":13,"turns":3},{"damage":2,"enemies":"Large Slime","floor":14,"turns":5},{"damage":36,"enemies":"The Guardian","floor":16,"turns":16},{"damage":12,"enemies":"Shell Parasite","floor":18,"turns":4},{"damage":12,"enemies":"2 Thieves","floor":21,"turns":3},{"damage":0,"enemies":"Sentry and Sphere","floor":22,"turns":2},{"damage":11,"enemies":"Shelled Parasite and Fungi","floor":24,"turns":3},{"damage":5,"enemies":"Centurion and Healer","floor":27,"turns":5},{"damage":0,"enemies":"3 Cultists","floor":29,"turns":3},{"damage":15,"enemies":"Slavers","floor":30,"turns":4},{"damage":17,"enemies":"Snake Plant","floor":31,"turns":3},{"damage":59,"enemies":"Champ","floor":33,"turns":7}],"seed_played":"1955165475320485397","potions_obtained":[{"floor":1,"key":"Strength Potion"},{"floor":5,"key":"Swift Potion"},{"floor":14,"key":"LiquidBronze"},{"floor":18,"key":"Block Potion"}],"is_trial":false,"path_per_floor":["M","$","?","?","M","T","R","E","T","E","M","R","E","M","R","B",null,"M","$","?","M","M","R","M","R","T","M","?","M","E","M","R","B"],"character_chosen":"THE_SILENT","items_purchased":["Shuriken","Caltrops"],"campfire_rested":5,"item_purchase_floors":[19,19],"current_hp_per_floor":[56,56,45,29,28,28,51,29,29,5,5,28,16,14,37,1,59,47,47,47,35,35,35,24,47,47,42,42,42,27,22,45,0],"gold":150,"neow_bonus":"TWENTY_PERCENT_HP_BONUS","is_prod":false,"is_daily":false,"chose_seed":false,"campfire_upgraded":1,"win_rate":0,"timestamp":1555948475,"path_taken":["M","$","?","?","M","?","R","E","T","E","M","R","E","?","R","BOSS","M","$","?","M","?","R","M","R","T","M","?","M","E","M","R","BOSS"],"build_version":"2019-01-23","purchased_purges":1,"victory":false,"max_hp_per_floor":[78,78,78,78,78,78,78,78,78,78,78,78,78,78,78,78,78,78,78,78,78,78,78,78,78,78,78,78,78,78,78,78,78],"card_choices":[{"not_picked":["Blade Dance","Dodge and Roll"],"picked":"Dagger Spray","floor":1},{"not_picked":["Outmaneuver","Bane"],"picked":"Prepared","floor":5},{"not_picked":["Expertise","Deadly Poison"],"picked":"Backflip","floor":8},{"not_picked":["Finisher+1","Acrobatics"],"picked":"Backflip","floor":10},{"not_picked":["Sucker Punch+1","Infinite Blades"],"picked":"Dagger Spray+1","floor":11},{"not_picked":["Underhanded Strike+1","Flying Knee+1"],"picked":"Glass Knife+1","floor":12},{"not_picked":["Prepared","Heel Hook+1","Distraction"],"picked":"SKIP","floor":13},{"not_picked":["Outmaneuver","Bane+1","Deadly Poison"],"picked":"SKIP","floor":14},{"not_picked":["Sucker Punch+1","Deadly Poison"],"picked":"Skewer+1","floor":15},{"not_picked":["Malaise","Phantasmal Killer"],"picked":"Die Die Die+1","floor":16},{"not_picked":[],"picked":"Dodge and Roll","floor":18},{"not_picked":["Poisoned Stab+1"],"picked":"SKIP","floor":21},{"not_picked":[],"picked":"Cloak And Dagger","floor":22},{"not_picked":[],"picked":"Slice+1","floor":24},{"not_picked":["Outmaneuver+1"],"picked":"SKIP","floor":27},{"not_picked":[],"picked":"Dagger Spray+1","floor":29},{"not_picked":[],"picked":"Flechettes+1","floor":30},{"not_picked":[],"picked":"Cloak And Dagger","floor":31}],"player_experience":1179467,"relics_obtained":[{"floor":6,"key":"Bag of Preparation"},{"floor":8,"key":"Shovel"},{"floor":9,"key":"Molten Egg 2"},{"floor":10,"key":"Dream Catcher"},{"floor":13,"key":"Bronze Scales"},{"floor":30,"key":"Meat on the Bone"}],"event_choices":[{"damage_healed":0,"gold_gain":75,"player_choice":"Gather Gold","damage_taken":11,"max_hp_gain":0,"max_hp_loss":0,"event_name":"World of Goop","floor":3,"gold_loss":0},{"damage_healed":0,"gold_gain":0,"player_choice":"Entered Light","damage_taken":16,"max_hp_gain":0,"max_hp_loss":0,"event_name":"Shining Light","floor":4,"gold_loss":0,"cards_upgraded":["Defend_G","Dagger Spray"]},{"damage_healed":0,"gold_gain":0,"player_choice":"Paid Gold","damage_taken":0,"relics_obtained":["Frozen Egg 2"],"max_hp_gain":0,"max_hp_loss":0,"event_name":"WeMeetAgain","floor":20,"gold_loss":94},{"damage_healed":0,"gold_gain":0,"player_choice":"Got Potions","damage_taken":0,"max_hp_gain":0,"max_hp_loss":0,"event_name":"Lab","floor":28,"gold_loss":0}],"is_beta":false,"boss_relics":[{"not_picked":["Lizard Tail","Sozu"],"picked":"Busted Crown"}],"items_purged_floors":[2],"is_endless":false,"potions_floor_spawned":[1,5,8,14,18,21,22],"killed_by":"Champ","ascension_level":14}