{"gold_per_floor":[15,30,43,55,55,55,55,66,66,66,86,113,132,142,142,241,241,255,54,40,40,116,116,148,148,148,148,163,179,179,104,104,204,204,218,236,236,236,236],"floor_reached":39,"playtime":1509,"items_purged":["Strike_B"],"score":622,"play_id":"4a3fc54f-795c-4364-be6f-9dfa90a71097","local_time":"20190314152331","is_ascension_mode":true,"campfire_choices":[{"data":"Defragment","floor":6,"key":"SMITH"},{"floor":10,"key":"REST"},{"floor":15,"key":"REST"},{"data":"Zap","floor":23,"key":"SMITH"},{"floor":25,"key":"REST"},{"floor":27,"key":"REST"},{"floor":32,"key":"REST"}],"neow_cost":"NO_GOLD","seed_source_timestamp":135465424453631,"circlet_count":0,"master_deck":["AscendersBane","Strike_B","Strike_B","Strike_B","Defend_B","Defend_B","Defend_B","Defend_B","Zap+1","Dualcast","Glacier","Defragment+1","Ball Lightning","Echo Form","Genetic Algorithm+1","Sweeping Beam","Reboot+1","Gash+1","Coolheaded+1","Conserve Battery+1"],"relics":["Cracked Core","Gremlin Horn","Odd Mushroom","Toxic Egg 2","Busted Crown","Lee\u0027s Waffle","Mercury Hourglass","Bottled Lightning","Nilry\u0027s Codex","Orrery"],"potions_floor_usage":[11,12,14,33,36,39],"damage_taken":[{"damage":1,"enemies":"Cultist","floor":1,"turns":4},{"damage":0,"enemies":"Small Slimes","floor":2,"turns":3},{"damage":3,"enemies":"2 Louse","floor":3,"turns":3},{"damage":52,"enemies":"Gremlin Gang","floor":4,"turns":5},{"damage":8,"enemies":"Exordium Wildlife","floor":8,"turns":3},{"damage":15,"enemies":"The Mushroom Lair","floor":11,"turns":3},{"damage":7,"enemies":"Gremlin Nob","floor":12,"turns":3},{"damage":15,"enemies":"Blue Slaver","floor":13,"turns":4},{"damage":2,"enemies":"Large Slime","floor":14,"turns":7},{"damage":16,"enemies":"Hexaghost","floor":16,"turns":9},{"damage":23,"enemies":"Chosen","floor":18,"turns":5},{"damage":17,"enemies":"2 Thieves","floor":20,"turns":4},{"damage":53,"enemies":"Slavers","floor":24,"turns":7},{"damage":16,"enemies":"Sentry and Sphere","floor":28,"turns":4},{"damage":8,"enemies":"Snake Plant","floor":29,"turns":5},{"damage":39,"enemies":"Champ","floor":33,"turns":8},{"damage":50,"enemies":"3 Darklings","floor":35,"turns":6},{"damage":6,"enemies":"Orb Walker","floor":36,"turns":4},{"damage":106,"enemies":"2 Orb Walkers","floor":39,"turns":5}],"seed_played":"3955448717051451051","potions_obtained":[{"floor":1,"key":"Swift Potion"},{"floor":2,"key":"Dexterity Potion"},{"floor":4,"key":"Fire Potion"},{"floor":7,"key":"PowerPotion"},{"floor":13,"key":"SpeedPotion"},{"floor":29,"key":"Weak Potion"},{"floor":33,"key":"Regen Potion"},{"floor":35,"key":"SpeedPotion"}],"is_trial":false,"path_per_floor":["M","M","M","M","?","R","?","M","T","R","?","E","M","M","R","B",null,"M","$","M","?","T","R","E","R","T","R","M","M","?","$","R","B",null,"M","M","?","?","?"],"character_chosen":"DEFECT","items_purchased":["Lee\u0027s Waffle"],"campfire_rested":5,"item_purchase_floors":[19],"current_hp_per_floor":[81,81,78,26,26,26,26,18,18,44,29,22,7,5,31,15,71,48,96,79,79,79,79,26,54,54,82,66,58,42,42,70,31,80,30,36,84,84,0],"gold":236,"neow_bonus":"TWENTY_PERCENT_HP_BONUS","is_prod":false,"is_daily":false,"chose_seed":false,"campfire_upgraded":2,"win_rate":0,"timestamp":1552587811,"path_taken":["M","?","M","M","?","R","?","?","T","R","?","E","M","M","R","BOSS","M","$","M","?","?","R","E","R","T","R","M","M","?","?","R","BOSS","M","?","?","?","?"],"build_version":"2019-01-23","purchased_purges":1,"victory":false,"max_hp_per_floor":[89,89,89,89,89,89,89,89,89,89,89,89,89,89,89,89,89,89,96,96,96,96,96,96,96,96,96,96,96,96,96,96,96,96,96,96,84,84,84],"card_choices":[{"not_picked":["Consume","Ball Lightning"],"picked":"Glacier","floor":1},{"not_picked":["Skim","Hello World"],"picked":"Defragment","floor":2},{"not_picked":["Reinforced Body","Redo","Steam"],"picked":"SKIP","floor":3},{"not_picked":["Steam","Gash"],"picked":"Ball Lightning","floor":4},{"not_picked":["Redo","Gash","Skim"],"picked":"SKIP","floor":8},{"not_picked":["Hologram","Sunder"],"picked":"Echo Form","floor":11},{"not_picked":["Rebound","Cold Snap"],"picked":"Genetic Algorithm","floor":12},{"not_picked":["Streamline","Beam Cell","Reprogram+1"],"picked":"SKIP","floor":13},{"not_picked":["Streamline","Cold Snap"],"picked":"Sweeping Beam","floor":14},{"not_picked":["Buffer","Creative AI"],"picked":"Reboot+1","floor":16},{"not_picked":["Steam+1"],"picked":"SKIP","floor":18},{"not_picked":["Ball Lightning"],"picked":"SKIP","floor":20},{"not_picked":[],"picked":"Gash+1","floor":24},{"not_picked":["Turbo+1"],"picked":"SKIP","floor":28},{"not_picked":["Doom and Gloom"],"picked":"SKIP","floor":29},{"not_picked":[],"picked":"Coolheaded+1","floor":34},{"not_picked":[],"picked":"Conserve Battery+1","floor":34},{"not_picked":["Undo+1"],"picked":"SKIP","floor":35},{"not_picked":["Beam Cell"],"picked":"SKIP","floor":36}],"player_experience":935391,"relics_obtained":[{"floor":9,"key":"Gremlin Horn"},{"floor":11,"key":"Odd Mushroom"},{"floor":12,"key":"Toxic Egg 2"},{"floor":24,"key":"Mercury Hourglass"},{"floor":26,"key":"Bottled Lightning"},{"floor":30,"key":"Nilry\u0027s Codex"}],"event_choices":[{"damage_healed":0,"gold_gain":0,"player_choice":"Ignored","damage_taken":0,"max_hp_gain":0,"max_hp_loss":0,"event_name":"Liars Game","floor":5,"gold_loss":0},{"damage_healed":0,"gold_gain":0,"player_choice":"Got Potions","damage_taken":0,"max_hp_gain":0,"max_hp_loss":0,"event_name":"Lab","floor":7,"gold_loss":0},{"damage_healed":0,"gold_gain":0,"player_choice":"Fought Mushrooms","damage_taken":0,"max_hp_gain":0,"max_hp_loss":0,"event_name":"Mushrooms","floor":11,"gold_loss":0},{"damage_healed":0,"gold_gain":0,"player_choice":"Ignored","damage_taken":0,"max_hp_gain":0,"max_hp_loss":0,"event_name":"Beggar","floor":21,"gold_loss":0},{"damage_healed":0,"gold_gain":0,"player_choice":"Obtained Book","damage_taken":16,"max_hp_gain":0,"max_hp_loss":0,"event_name":"Cursed Tome","floor":30,"gold_loss":0},{"damage_healed":84,"gold_gain":0,"player_choice":"Heal","damage_taken":0,"max_hp_gain":0,"max_hp_loss":12,"event_name":"The Moai Head","floor":37,"gold_loss":0},{"damage_healed":0,"gold_gain":0,"player_choice":"Ignored","damage_taken":0,"max_hp_gain":0,"max_hp_loss":0,"event_name":"Tomb of Lord Red Mask","floor":38,"gold_loss":0},{"damage_healed":0,"gold_gain":0,"player_choice":"Fight","damage_taken":0,"max_hp_gain":0,"max_hp_loss":0,"event_name":"Mysterious Sphere","floor":39,"gold_loss":0}],"is_beta":false,"boss_relics":[{"not_picked":["Empty Cage","Cursed Key"],"picked":"Busted Crown"},{"not_picked":["Coffee Dripper","Velvet Choker"],"picked":"Orrery"}],"items_purged_floors":[31],"is_endless":false,"potions_floor_spawned":[1,2,4,13,29,33,35],"killed_by":"2 Orb Walkers","ascension_level":11}