{"gold_per_floor":[12,27,27,42,217,217,242,258,258,291,291,326,350,385,385,511,511,525,525,525,525,549,580,580,621,669,704,51,67,67,67,67,187,187,201,267,600,600,21,55,7,38,63,89,108,128,128,161,161,161,161,161,7,36,36],"floor_reached":56,"playtime":4376,"items_purged":["Strike_G"],"score":1779,"play_id":"4500f685-5a8b-4feb-a4f3-9b370c8f8827","local_time":"20190423134106","is_ascension_mode":true,"campfire_choices":[{"data":"Deadly Poison","floor":6,"key":"SMITH"},{"data":"Venomology","floor":15,"key":"SMITH"},{"data":"Adrenaline","floor":24,"key":"SMITH"},{"data":"Ghostly","floor":32,"key":"SMITH"},{"floor":49,"key":"RECALL"},{"data":"Ghostly","floor":52,"key":"SMITH"}],"neow_cost":"NO_GOLD","seed_source_timestamp":3693038781369547,"circlet_count":0,"master_deck":["Defend_G","Defend_G","Defend_G","Defend_G","Defend_G","Strike_G","Strike_G","Strike_G","Strike_G","Survivor","Neutralize+1","Dagger Throw","Slice","Prepared","Dagger Spray","Envenom+1","Predator","Venomology+1","Adrenaline+1","Underhanded Strike+1","Ghostly+1","Ghostly","Ghostly","Ghostly+1","Ghostly","Dodge and Roll","Tactician+1","Infinite Blades+1","Finisher","After Image+1","PanicButton","Backflip+1","A Thousand Cuts+1","Terror+1","Dark Shackles+1","Metamorphosis+1","Madness+1","After Image+1","Sucker Punch+1","Cloak And Dagger+1","Dagger Spray+1","Tools of the Trade+1","Flying Knee+1","Infinite Blades+1","Accuracy+1"],"relics":["Ring of the Snake","StoneCalendar","Ornamental Fan","Frozen Egg 2","Shuriken","Paper Crane","Odd Mushroom","Runic Pyramid","Nilry\u0027s Codex","Bird Faced Urn","Orichalcum","Art of War","The Specimen","Bottled Lightning","Ancient Tea Set","Toxic Egg 2","Bag of Marbles","Coffee Dripper","Turnip","Happy Flower","Gambling Chip","Ninja Scroll","Dream Catcher","Mummified Hand","Omamori","Snake Skull","Incense Burner"],"potions_floor_usage":[12,16,16,23,25,27,55,55,55],"damage_taken":[{"damage":0,"enemies":"Small Slimes","floor":1,"turns":3},{"damage":0,"enemies":"Jaw Worm","floor":2,"turns":3},{"damage":0,"enemies":"2 Louse","floor":4,"turns":3},{"damage":11,"enemies":"Lagavulin","floor":7,"turns":7},{"damage":0,"enemies":"Blue Slaver","floor":8,"turns":3},{"damage":9,"enemies":"Gremlin Nob","floor":10,"turns":4},{"damage":0,"enemies":"3 Sentries","floor":12,"turns":7},{"damage":0,"enemies":"3 Louse","floor":13,"turns":3},{"damage":2,"enemies":"The Mushroom Lair","floor":14,"turns":3},{"damage":10,"enemies":"Slime Boss","floor":16,"turns":7},{"damage":0,"enemies":"3 Byrds","floor":18,"turns":4},{"damage":0,"enemies":"Chosen","floor":22,"turns":5},{"damage":0,"enemies":"Book of Stabbing","floor":23,"turns":6},{"damage":0,"enemies":"Slavers","floor":25,"turns":6},{"damage":0,"enemies":"Gremlin Leader","floor":27,"turns":7},{"damage":0,"enemies":"Shelled Parasite and Fungi","floor":29,"turns":7},{"damage":0,"enemies":"Champ","floor":33,"turns":9},{"damage":0,"enemies":"3 Darklings","floor":35,"turns":4},{"damage":0,"enemies":"2 Orb Walkers","floor":36,"turns":4},{"damage":0,"enemies":"Giant Head","floor":40,"turns":9},{"damage":0,"enemies":"Nemesis","floor":42,"turns":5},{"damage":0,"enemies":"Reptomancer","floor":44,"turns":4},{"damage":0,"enemies":"3 Shapes","floor":45,"turns":2},{"damage":0,"enemies":"Spire Growth","floor":46,"turns":2},{"damage":0,"enemies":"Nemesis","floor":48,"turns":4},{"damage":0,"enemies":"Time Eater","floor":50,"turns":8},{"damage":0,"enemies":"Shield and Spear","floor":54,"turns":6},{"damage":1,"enemies":"The Heart","floor":55,"turns":8}],"seed_played":"-883390746961041240","potions_obtained":[{"floor":2,"key":"GamblersBrew"},{"floor":10,"key":"EssenceOfSteel"},{"floor":13,"key":"Ancient Potion"},{"floor":14,"key":"Block Potion"},{"floor":18,"key":"AttackPotion"},{"floor":22,"key":"Fire Potion"},{"floor":36,"key":"Energy Potion"},{"floor":44,"key":"Weak Potion"}],"is_trial":false,"path_per_floor":["M","M","?","M","?","R","E","M","T","E","?","E","M","?","R","B",null,"M","?","?","?","M","E","R","E","T","E","$","M","T","?","R","B",null,"M","?","?","?","$","E","$","E","T","E","M","M","?","E","R","B",null,"R","$","E","B",null],"character_chosen":"THE_SILENT","items_purchased":["After Image+1","Bottled Lightning","Ancient Tea Set","PanicButton","After Image+1","Happy Flower","Gambling Chip","Cloak And Dagger+1","Snake Skull"],"campfire_rested":0,"item_purchase_floors":[28,28,28,28,39,39,39,41,53],"current_hp_per_floor":[70,70,70,70,70,70,59,59,59,50,50,50,50,48,48,38,65,65,49,32,32,32,32,32,32,32,32,32,32,32,32,32,32,32,32,32,32,22,22,32,32,32,32,32,32,32,32,32,32,32,32,32,32,32,32],"gold":36,"neow_bonus":"ONE_RARE_RELIC","is_prod":false,"is_daily":false,"chose_seed":false,"campfire_upgraded":5,"win_rate":0,"timestamp":1556041266,"path_taken":["M","M","?","M","?","R","E","M","T","E","?","E","M","?","R","BOSS","M","?","?","?","?","E","R","E","T","E","$","M","?","?","R","BOSS","M","?","?","?","$","E","$","E","T","E","M","M","?","E","R","BOSS","R","$","E","BOSS"],"build_version":"2019-04-21","purchased_purges":1,"victory":true,"max_hp_per_floor":[70,70,70,70,70,70,70,70,70,70,65,65,65,65,65,65,65,65,65,32,32,32,32,32,32,32,32,32,32,32,32,32,32,32,32,32,32,32,32,32,32,32,32,32,32,32,32,32,32,32,32,32,32,32,32],"card_choices":[{"not_picked":["Blade Dance","Deflect"],"picked":"Dagger Throw","floor":1},{"not_picked":["Blade Dance","Prepared"],"picked":"Slice","floor":2},{"not_picked":["Backflip","Blur"],"picked":"Deadly Poison","floor":4},{"not_picked":["Slice","Dagger Throw"],"picked":"Prepared","floor":7},{"not_picked":["Sucker Punch","Riddle With Holes"],"picked":"Dagger Spray","floor":8},{"not_picked":["Prepared","Poisoned Stab"],"picked":"Envenom+1","floor":10},{"not_picked":["Quick Slash","Flechettes"],"picked":"Predator","floor":12},{"not_picked":["Accuracy+1","Caltrops+1","Slice"],"picked":"SKIP","floor":13},{"not_picked":["Eviscerate","Poisoned Stab"],"picked":"Venomology","floor":14},{"not_picked":["Doppelganger","Venomology"],"picked":"Adrenaline","floor":16},{"not_picked":["Bouncing Flask","Flechettes"],"picked":"Underhanded Strike+1","floor":18},{"not_picked":["Poisoned Stab","Reflex+1","Bane"],"picked":"SKIP","floor":22},{"not_picked":["Acrobatics","Slice+1"],"picked":"Tactician+1","floor":23},{"not_picked":["Dagger Throw","Sucker Punch"],"picked":"Infinite Blades+1","floor":25},{"not_picked":["Flechettes","Heel Hook"],"picked":"Finisher","floor":27},{"not_picked":["Outmaneuver","Sucker Punch"],"picked":"Backflip+1","floor":29},{"not_picked":["Doppelganger+1","Grand Finale"],"picked":"A Thousand Cuts+1","floor":33},{"not_picked":["Choke","Poisoned Stab+1","Quick Slash"],"picked":"SKIP","floor":35},{"not_picked":["Prepared+1","Flying Knee"],"picked":"Terror+1","floor":36},{"not_picked":["Secret Technique+1","Impatience+1"],"picked":"Dark Shackles+1","floor":38},{"not_picked":["Mind Blast","Purity+1"],"picked":"Metamorphosis+1","floor":38},{"not_picked":["Impatience+1","Bandage Up+1"],"picked":"Madness+1","floor":38},{"not_picked":["Heel Hook","Bane"],"picked":"Sucker Punch+1","floor":40},{"not_picked":["Terror+1","Poisoned Stab+1"],"picked":"Dagger Spray+1","floor":42},{"not_picked":["Predator","Concentrate+1","Outmaneuver+1"],"picked":"SKIP","floor":44},{"not_picked":["Predator","Concentrate+1","Outmaneuver+1"],"picked":"SKIP","floor":44},{"not_picked":["Noxious Fumes+1","Well Laid Plans+1"],"picked":"Tools of the Trade+1","floor":45},{"not_picked":["Dagger Spray+1","Distraction+1"],"picked":"Flying Knee+1","floor":46},{"not_picked":["Underhanded Strike+1","Backstab+1"],"picked":"Infinite Blades+1","floor":48},{"not_picked":["Dagger Throw","Deadly Poison+1"],"picked":"Accuracy+1","floor":54}],"player_experience":5457027,"relics_obtained":[{"floor":7,"key":"Ornamental Fan"},{"floor":9,"key":"Frozen Egg 2"},{"floor":10,"key":"Shuriken"},{"floor":12,"key":"Paper Crane"},{"floor":14,"key":"Odd Mushroom"},{"floor":19,"key":"Nilry\u0027s Codex"},{"floor":23,"key":"Bird Faced Urn"},{"floor":25,"key":"Orichalcum"},{"floor":26,"key":"Art of War"},{"floor":27,"key":"The Specimen"},{"floor":30,"key":"Toxic Egg 2"},{"floor":36,"key":"Turnip"},{"floor":40,"key":"Ninja Scroll"},{"floor":42,"key":"Dream Catcher"},{"floor":44,"key":"Mummified Hand"},{"floor":48,"key":"Omamori"},{"floor":54,"key":"Incense Burner"}],"event_choices":[{"damage_healed":0,"gold_gain":0,"player_choice":"Grow","damage_taken":0,"max_hp_gain":0,"max_hp_loss":0,"event_name":"Living Wall","floor":3,"gold_loss":0,"cards_upgraded":["Neutralize"]},{"damage_healed":0,"gold_gain":175,"player_choice":"AGREE","damage_taken":0,"max_hp_gain":0,"max_hp_loss":0,"event_name":"Liars Game","floor":5,"gold_loss":0,"cards_obtained":["Doubt"]},{"damage_healed":0,"gold_gain":0,"player_choice":"Lose Max HP","damage_taken":0,"relics_obtained":["Golden Idol"],"max_hp_gain":0,"max_hp_loss":5,"event_name":"Golden Idol","floor":11,"gold_loss":0},{"damage_healed":0,"gold_gain":0,"player_choice":"Fought Mushrooms","damage_taken":0,"max_hp_gain":0,"max_hp_loss":0,"event_name":"Mushrooms","floor":14,"gold_loss":0},{"damage_healed":0,"gold_gain":0,"player_choice":"Obtained Book","damage_taken":16,"max_hp_gain":0,"max_hp_loss":0,"event_name":"Cursed Tome","floor":19,"gold_loss":0},{"damage_healed":0,"gold_gain":0,"player_choice":"Became a Ghost","damage_taken":0,"max_hp_gain":0,"max_hp_loss":33,"event_name":"Ghosts","floor":20,"gold_loss":0,"cards_obtained":["Ghostly","Ghostly","Ghostly","Ghostly","Ghostly"]},{"cards_removed":["Doubt"],"damage_healed":0,"gold_gain":0,"player_choice":"Took Card","damage_taken":0,"max_hp_gain":0,"max_hp_loss":0,"event_name":"NoteForYourself","floor":21,"gold_loss":0,"cards_obtained":["Dodge and Roll"]},{"damage_healed":0,"gold_gain":0,"player_choice":"Opened","damage_taken":0,"relics_obtained":["Bag of Marbles"],"max_hp_gain":0,"max_hp_loss":0,"event_name":"The Mausoleum","floor":31,"gold_loss":0},{"damage_healed":0,"gold_gain":0,"player_choice":"Fight","damage_taken":0,"max_hp_gain":0,"max_hp_loss":0,"event_name":"Mysterious Sphere","floor":36,"gold_loss":0},{"damage_healed":0,"gold_gain":333,"player_choice":"Gave Idol","damage_taken":0,"max_hp_gain":0,"max_hp_loss":0,"event_name":"The Moai Head","floor":37,"relics_lost":["Golden Idol"],"gold_loss":0},{"damage_healed":0,"gold_gain":0,"player_choice":"Memory 3","damage_taken":10,"max_hp_gain":0,"max_hp_loss":0,"event_name":"SensoryStone","floor":38,"gold_loss":0},{"cards_removed":["Deadly Poison"],"damage_healed":0,"gold_gain":0,"player_choice":"Removed Skill","damage_taken":0,"max_hp_gain":0,"max_hp_loss":0,"event_name":"Falling","floor":47,"gold_loss":0}],"is_beta":true,"boss_relics":[{"not_picked":["Orrery","Astrolabe"],"picked":"Runic Pyramid"},{"not_picked":["Tiny House","White Beast Statue"],"picked":"Coffee Dripper"}],"items_purged_floors":[28],"is_endless":false,"potions_floor_spawned":[2,10,13,14,18,22,25,36,42,44,48],"ascension_level":1}