{"gold_per_floor":[109,109,123,198,163,163,202,227,280,27,27,71,89,105,105,105],"floor_reached":16,"playtime":423,"items_purged":[],"score":132,"play_id":"b47fd5d0-7772-4bb6-ab8a-5b1e25add0bf","local_time":"20190102162232","is_ascension_mode":true,"campfire_choices":[{"data":"Backstab","floor":6,"key":"SMITH"},{"floor":11,"key":"REST"},{"data":"Finisher","floor":15,"key":"SMITH"}],"neow_cost":"NONE","seed_source_timestamp":1022346358044454,"circlet_count":0,"master_deck":["Defend_G","Defend_G","Defend_G","Defend_G","Defend_G","Strike_G","Strike_G","Strike_G","Strike_G","Strike_G","Survivor","Neutralize","Quick Slash","Backstab+1","Cloak And Dagger","Caltrops","Footwork","Dodge and Roll","Riddle With Holes","Finisher+1","Heel Hook"],"relics":["Ring of the Snake","Strawberry","Golden Idol","Bag of Preparation","Tiny Chest","Happy Flower","Meat on the Bone"],"potions_floor_usage":[12,16],"damage_taken":[{"damage":0,"enemies":"Small Slimes","floor":1,"turns":3},{"damage":4,"enemies":"Jaw Worm","floor":3,"turns":5},{"damage":32,"enemies":"Gremlin Nob","floor":7,"turns":5},{"damage":0,"enemies":"2 Louse","floor":8,"turns":2},{"damage":15,"enemies":"3 Sentries","floor":12,"turns":9},{"damage":4,"enemies":"Blue Slaver","floor":13,"turns":2},{"damage":0,"enemies":"2 Fungi Beasts","floor":14,"turns":1},{"damage":46,"enemies":"Hexaghost","floor":16,"turns":11}],"seed_played":"8700826919620881927","potions_obtained":[{"floor":8,"key":"SpeedPotion"},{"floor":13,"key":"Ancient Potion"},{"floor":14,"key":"GamblersBrew"}],"is_trial":false,"path_per_floor":["M","?","M","?","?","R","E","M","T","$","R","E","M","M","R","B"],"character_chosen":"THE_SILENT","items_purchased":["Footwork","Dodge and Roll","Happy Flower"],"campfire_rested":1,"item_purchase_floors":[10,10,10],"current_hp_per_floor":[77,58,54,43,62,62,30,30,30,30,53,38,46,46,46,0],"gold":105,"neow_bonus":"RANDOM_COMMON_RELIC","is_prod":false,"is_daily":false,"chose_seed":false,"campfire_upgraded":2,"win_rate":0,"timestamp":1546456952,"path_taken":["M","?","M","?","?","R","E","M","T","?","R","E","?","M","R","BOSS"],"build_version":"2018-12-20","purchased_purges":0,"victory":false,"max_hp_per_floor":[77,77,77,77,77,77,77,77,77,77,77,77,77,77,77,77],"card_choices":[{"not_picked":["Dodge and Roll","Underhanded Strike"],"picked":"Quick Slash","floor":1},{"not_picked":["Expertise","Deadly Poison"],"picked":"Backstab","floor":3},{"not_picked":["Dagger Throw","Bane"],"picked":"Cloak And Dagger","floor":7},{"not_picked":["Slice","Distraction"],"picked":"Caltrops","floor":8},{"not_picked":["Poisoned Stab","Bane"],"picked":"Riddle With Holes","floor":12},{"not_picked":["Expertise","Bane"],"picked":"Finisher","floor":13},{"not_picked":["Quick Slash","Bane"],"picked":"Heel Hook","floor":14}],"player_experience":606796,"relics_obtained":[{"floor":7,"key":"Bag of Preparation"},{"floor":9,"key":"Tiny Chest"},{"floor":12,"key":"Meat on the Bone"}],"event_choices":[{"damage_healed":0,"gold_gain":0,"player_choice":"Take Damage","damage_taken":19,"relics_obtained":["Golden Idol"],"max_hp_gain":0,"max_hp_loss":0,"event_name":"Golden Idol","floor":2,"gold_loss":0},{"damage_healed":0,"gold_gain":75,"player_choice":"Gather Gold","damage_taken":11,"max_hp_gain":0,"max_hp_loss":0,"event_name":"World of Goop","floor":4,"gold_loss":0},{"damage_healed":19,"gold_gain":0,"player_choice":"Healed","damage_taken":0,"max_hp_gain":0,"max_hp_loss":0,"event_name":"The Cleric","floor":5,"gold_loss":35}],"is_beta":false,"boss_relics":[],"items_purged_floors":[],"is_endless":false,"potions_floor_spawned":[8,13,14],"killed_by":"Hexaghost","ascension_level":4}