{"gold_per_floor":[113,38,38,38,38,49,75,75,75,75,75],"floor_reached":11,"playtime":661,"items_purged":[],"score":174,"play_id":"4963c7f8-a380-4aba-8a8f-ffd5c47107d3","local_time":"20190515113456","is_ascension_mode":true,"campfire_choices":[{"data":"Leg Sweep","floor":8,"key":"SMITH"},{"data":"Well Laid Plans","floor":10,"key":"SMITH"}],"neow_cost":"NONE","seed_source_timestamp":2929570088790527,"circlet_count":0,"master_deck":["AscendersBane","Defend_G+1","Defend_G+1","Defend_G","Defend_G","Defend_G","Strike_G","Strike_G","Strike_G","Strike_G","Survivor","Neutralize","Leg Sweep+1","Well Laid Plans+1","Dagger Spray","Backflip"],"relics":["Ring of the Snake","NeowsBlessing","Bottled Lightning","Singing Bowl"],"potions_floor_usage":[11],"damage_taken":[{"damage":0,"enemies":"2 Louse","floor":1,"turns":1},{"damage":0,"enemies":"Small Slimes","floor":6,"turns":2},{"damage":0,"enemies":"3 Sentries","floor":7,"turns":2},{"damage":37,"enemies":"Lagavulin","floor":11,"turns":17}],"seed_played":"3169764932149970542","potions_obtained":[{"floor":1,"key":"LiquidBronze"},{"floor":6,"key":"Energy Potion"}],"is_trial":false,"path_per_floor":["M","$","?","$","?","M","E","R","T","R","E"],"character_chosen":"THE_SILENT","items_purchased":["Well Laid Plans"],"campfire_rested":0,"item_purchase_floors":[2],"current_hp_per_floor":[59,59,52,52,32,32,32,32,32,32,0],"gold":75,"neow_bonus":"THREE_ENEMY_KILL","is_prod":false,"is_daily":false,"chose_seed":false,"campfire_upgraded":2,"win_rate":0,"timestamp":1557930896,"path_taken":["M","$","?","$","?","M","E","R","T","R","E"],"build_version":"2019-01-23","purchased_purges":0,"victory":false,"max_hp_per_floor":[66,66,66,66,66,66,66,66,66,66,66],"card_choices":[{"not_picked":["Cloak And Dagger","Backflip"],"picked":"Leg Sweep","floor":1},{"not_picked":["Flying Knee","Setup"],"picked":"Dagger Spray","floor":6},{"not_picked":["Masterful Stab","Dagger Throw"],"picked":"Backflip","floor":7}],"player_experience":1341496,"relics_obtained":[{"floor":7,"key":"Bottled Lightning"},{"floor":9,"key":"Singing Bowl"}],"event_choices":[{"cards_removed":["Strike_G"],"damage_healed":0,"gold_gain":0,"player_choice":"Card Removal","damage_taken":7,"max_hp_gain":0,"max_hp_loss":0,"event_name":"Golden Wing","floor":3,"gold_loss":0},{"damage_healed":0,"gold_gain":0,"player_choice":"Entered Light","damage_taken":20,"max_hp_gain":0,"max_hp_loss":0,"event_name":"Shining Light","floor":5,"gold_loss":0,"cards_upgraded":["Defend_G","Defend_G"]}],"is_beta":false,"boss_relics":[],"items_purged_floors":[],"is_endless":false,"potions_floor_spawned":[1,6,7],"killed_by":"Lagavulin","ascension_level":17}