{"gold_per_floor":[210,227,240,14,32,65,65,65,65,27,43,43,62,85,85,181,181,206,12,37,58,58,58,96,108],"floor_reached":25,"playtime":2360,"items_purged":["Strike_B"],"score":396,"play_id":"c21d979d-1689-4eb2-9b04-8ae9f90a5bf0","local_time":"20190404235341","is_ascension_mode":true,"campfire_choices":[{"floor":12,"key":"REST"},{"floor":15,"key":"REST"},{"floor":23,"key":"REST"}],"neow_cost":"NONE","seed_source_timestamp":300535264618968,"circlet_count":0,"master_deck":["AscendersBane","Strike_B","Strike_B","Strike_B","Defend_B","Defend_B","Defend_B","Defend_B","Zap","Dualcast","Blizzard","Capacitor","Chaos","Cold Snap","Blizzard","Redo","FTL","Blizzard","Blizzard","Cold Snap","Auto Shields","Reboot","Redo","Glacier","Redo","Hologram+1"],"relics":["FrozenCore","Cables","Golden Idol","Darkstone Periapt","PreservedInsect","MawBank"],"potions_floor_usage":[11],"damage_taken":[{"damage":9,"enemies":"Jaw Worm","floor":1,"turns":4},{"damage":0,"enemies":"Small Slimes","floor":2,"turns":3},{"damage":1,"enemies":"Cultist","floor":3,"turns":4},{"damage":12,"enemies":"2 Fungi Beasts","floor":5,"turns":4},{"damage":36,"enemies":"3 Sentries","floor":6,"turns":8},{"damage":2,"enemies":"Blue Slaver","floor":11,"turns":4},{"damage":10,"enemies":"Exordium Thugs","floor":13,"turns":5},{"damage":4,"enemies":"Looter","floor":14,"turns":3},{"damage":26,"enemies":"The Guardian","floor":16,"turns":15},{"damage":14,"enemies":"Shell Parasite","floor":18,"turns":8},{"damage":9,"enemies":"Chosen","floor":20,"turns":6},{"damage":22,"enemies":"Sentry and Sphere","floor":21,"turns":9},{"damage":20,"enemies":"Slavers","floor":24,"turns":7},{"damage":18,"enemies":"Colosseum Slavers","floor":25,"turns":1}],"seed_played":"7616687042373893875","potions_obtained":[{"floor":2,"key":"Weak Potion"},{"floor":3,"key":"Dexterity Potion"},{"floor":6,"key":"Fire Potion"},{"floor":11,"key":"FearPotion"},{"floor":18,"key":"LiquidBronze"}],"is_trial":false,"path_per_floor":["M","M","M","$","M","E","?","?","T","$","M","R","M","M","R","B",null,"M","$","M","M","?","R","E","?"],"character_chosen":"DEFECT","items_purchased":["Cold Snap","Blizzard","Redo","Blizzard","PreservedInsect","Redo"],"campfire_rested":3,"item_purchase_floors":[4,4,4,10,19,19],"current_hp_per_floor":[59,59,58,58,46,10,10,10,10,10,8,28,18,14,34,8,54,40,40,31,9,9,29,9,0],"gold":108,"neow_bonus":"HUNDRED_GOLD","is_prod":false,"is_daily":false,"chose_seed":false,"campfire_upgraded":0,"win_rate":0,"timestamp":1554432821,"path_taken":["M","M","M","$","M","E","?","?","T","?","M","R","M","M","R","BOSS","M","$","M","M","?","R","E","?"],"build_version":"2019-01-23","purchased_purges":1,"victory":false,"max_hp_per_floor":[75,75,75,75,75,75,69,69,69,69,69,69,69,69,69,69,69,69,69,69,69,69,69,69,69],"card_choices":[{"not_picked":["Streamline","Hello World"],"picked":"Blizzard","floor":1},{"not_picked":["Sweeping Beam","Steam"],"picked":"Capacitor","floor":2},{"not_picked":["Leap","Double Energy"],"picked":"Chaos","floor":3},{"not_picked":["Melter","Consume"],"picked":"FTL","floor":5},{"not_picked":["Reinforced Body","Fusion"],"picked":"Blizzard","floor":6},{"not_picked":["Go for the Eyes","Sunder"],"picked":"Cold Snap","floor":11},{"not_picked":["Sweeping Beam","Double Energy","Ball Lightning"],"picked":"SKIP","floor":13},{"not_picked":["Compile Driver","Doom and Gloom"],"picked":"Auto Shields","floor":14},{"not_picked":["Creative AI","Machine Learning"],"picked":"Reboot","floor":16},{"not_picked":["Beam Cell","Sweeping Beam+1","Static Discharge"],"picked":"SKIP","floor":18},{"not_picked":["Turbo","Consume"],"picked":"Glacier","floor":20},{"not_picked":["Steam","Auto Shields"],"picked":"Redo","floor":21},{"not_picked":["Hyperbeam","Reboot"],"picked":"Hologram+1","floor":24}],"player_experience":1038993,"relics_obtained":[{"floor":6,"key":"Cables"},{"floor":9,"key":"Darkstone Periapt"},{"floor":24,"key":"MawBank"}],"event_choices":[{"damage_healed":0,"gold_gain":0,"player_choice":"Lose Max HP","damage_taken":0,"relics_obtained":["Golden Idol"],"max_hp_gain":0,"max_hp_loss":6,"event_name":"Golden Idol","floor":7,"gold_loss":0},{"damage_healed":0,"gold_gain":0,"player_choice":"Ignored","damage_taken":0,"max_hp_gain":0,"max_hp_loss":0,"event_name":"Golden Wing","floor":8,"gold_loss":0},{"damage_healed":0,"gold_gain":0,"player_choice":"Ignored","damage_taken":0,"max_hp_gain":0,"max_hp_loss":0,"event_name":"Beggar","floor":22,"gold_loss":0},{"damage_healed":0,"gold_gain":0,"player_choice":"Fight","damage_taken":0,"max_hp_gain":0,"max_hp_loss":0,"event_name":"Colosseum","floor":25,"gold_loss":0}],"is_beta":false,"boss_relics":[{"not_picked":["Sozu","Orrery"],"picked":"FrozenCore"}],"items_purged_floors":[4],"is_endless":false,"potions_floor_spawned":[2,3,6,11,16,18,21],"killed_by":"Colosseum Slavers","ascension_level":13}