{"gold_per_floor":[113,125,136,136,154,154,189,189,189,202,237,261,261,295,295,393,393],"floor_reached":17,"playtime":652,"items_purged":[],"score":354,"play_id":"f2432c0a-b1de-4639-9415-74a85f6c5742","local_time":"20181214004603","is_ascension_mode":true,"campfire_choices":[{"data":"Zap","floor":6,"key":"SMITH"},{"data":"Chaos","floor":8,"key":"SMITH"},{"floor":13,"key":"REST"},{"data":"Defragment","floor":15,"key":"SMITH"}],"neow_cost":"NONE","seed_source_timestamp":88051194139393,"circlet_count":0,"master_deck":["AscendersBane","Strike_B","Strike_B","Strike_B","Defend_B","Defend_B","Defend_B","Defend_B","Zap+1","Dualcast","Chaos+1","Go for the Eyes","Doom and Gloom","Sweeping Beam","Cold Snap","Hologram","Coolheaded","All For One","Defragment+1","Biased Cognition"],"relics":["Cracked Core","Golden Idol","Omamori","Bronze Scales","Pantograph","Smiling Mask","Inserter"],"potions_floor_usage":[7,7,14,14],"damage_taken":[{"damage":10,"enemies":"2 Louse","floor":1,"turns":3},{"damage":3,"enemies":"Small Slimes","floor":2,"turns":4},{"damage":4,"enemies":"Cultist","floor":3,"turns":3},{"damage":6,"enemies":"2 Fungi Beasts","floor":5,"turns":3},{"damage":11,"enemies":"Gremlin Nob","floor":7,"turns":3},{"damage":6,"enemies":"Looter","floor":10,"turns":3},{"damage":15,"enemies":"Lagavulin","floor":11,"turns":6},{"damage":7,"enemies":"Exordium Wildlife","floor":12,"turns":3},{"damage":4,"enemies":"Gremlin Nob","floor":14,"turns":3},{"damage":24,"enemies":"The Guardian","floor":16,"turns":9}],"seed_played":"-3755633067549172466","potions_obtained":[{"floor":2,"key":"PowerPotion"},{"floor":3,"key":"SkillPotion"},{"floor":10,"key":"Strength Potion"},{"floor":11,"key":"Energy Potion"}],"is_trial":false,"path_per_floor":["M","M","M","?","M","R","E","R","T","M","E","M","R","E","R","B",null],"character_chosen":"DEFECT","items_purchased":[],"campfire_rested":1,"item_purchase_floors":[],"current_hp_per_floor":[54,51,47,47,41,41,30,30,30,24,9,2,21,17,17,18,18],"gold":393,"neow_bonus":"TRANSFORM_CARD","is_prod":false,"is_daily":false,"chose_seed":false,"campfire_upgraded":3,"win_rate":0,"timestamp":1544766363,"path_taken":["M","M","M","?","M","R","E","R","T","M","E","M","R","E","R","BOSS"],"build_version":"2018-12-13","purchased_purges":0,"victory":false,"max_hp_per_floor":[71,71,71,64,64,64,64,64,64,64,64,64,64,64,64,64,64],"card_choices":[{"not_picked":["Blizzard","Tempest"],"picked":"Go for the Eyes","floor":1},{"not_picked":["Hologram","Rebound"],"picked":"Doom and Gloom","floor":2},{"not_picked":["Loop","Fusion","Barrage"],"picked":"SKIP","floor":3},{"not_picked":["Redo","Turbo"],"picked":"Sweeping Beam","floor":5},{"not_picked":["Melter","Lockon"],"picked":"Cold Snap","floor":7},{"not_picked":["Redo","Sweeping Beam"],"picked":"Hologram","floor":10},{"not_picked":["Auto Shields","Melter"],"picked":"Coolheaded","floor":11},{"not_picked":["Rebound","Hologram"],"picked":"All For One","floor":12},{"not_picked":["Self Repair","Rebound"],"picked":"Defragment","floor":14},{"not_picked":["Thunder Strike","Core Surge"],"picked":"Biased Cognition","floor":16}],"player_experience":798140,"relics_obtained":[{"floor":7,"key":"Omamori"},{"floor":9,"key":"Bronze Scales"},{"floor":11,"key":"Pantograph"},{"floor":14,"key":"Smiling Mask"}],"event_choices":[{"damage_healed":0,"gold_gain":0,"player_choice":"Lose Max HP","damage_taken":0,"relics_obtained":["Golden Idol"],"max_hp_gain":0,"max_hp_loss":7,"event_name":"Golden Idol","floor":4,"gold_loss":0}],"is_beta":true,"boss_relics":[{"not_picked":["Busted Crown","Lizard Tail"],"picked":"Inserter"}],"items_purged_floors":[],"is_endless":false,"potions_floor_spawned":[2,3,10,11],"ascension_level":20}