{"gold_per_floor":[111,111,182,201,220,220,144,144,170,120,120,163,163,224,224,314,314,327,346,346,346],"floor_reached":21,"playtime":537,"items_purged":[],"score":357,"play_id":"704a67d0-88e6-40c7-8ee8-6cb88611fc89","local_time":"20190420212626","is_ascension_mode":true,"campfire_choices":[{"data":"Darkness","floor":6,"key":"SMITH"},{"data":"Redo","floor":8,"key":"SMITH"},{"data":"Buffer","floor":11,"key":"SMITH"},{"data":"Creative AI","floor":13,"key":"SMITH"},{"floor":15,"key":"REST"}],"neow_cost":"NONE","seed_source_timestamp":804984984687185,"circlet_count":0,"master_deck":["AscendersBane","Strike_B","Strike_B","Strike_B","Defend_B","Defend_B","Defend_B","Defend_B","Zap","Dualcast","Buffer+1","Darkness+1","Redo+1","Hologram","Loop","Creative AI+1","Leap","Seek","Doom and Gloom"],"relics":["Cracked Core","Bloody Idol","Pear","Strawberry","Ancient Tea Set","Tiny Chest","Coffee Dripper"],"potions_floor_usage":[14,18],"damage_taken":[{"damage":0,"enemies":"Cultist","floor":1,"turns":4},{"damage":7,"enemies":"Jaw Worm","floor":4,"turns":4},{"damage":0,"enemies":"2 Louse","floor":5,"turns":2},{"damage":36,"enemies":"Gremlin Nob","floor":12,"turns":5},{"damage":37,"enemies":"3 Sentries","floor":14,"turns":8},{"damage":18,"enemies":"Slime Boss","floor":16,"turns":7},{"damage":41,"enemies":"3 Byrds","floor":18,"turns":5},{"damage":13,"enemies":"Chosen","floor":19,"turns":5},{"damage":15,"enemies":"Centurion and Healer","floor":21,"turns":1}],"seed_played":"245672932620264508","potions_obtained":[{"floor":1,"key":"FocusPotion"},{"floor":4,"key":"SteroidPotion"},{"floor":14,"key":"Weak Potion"}],"is_trial":false,"path_per_floor":["M","?","T","M","M","R","$","R","T","?","R","E","R","E","R","B",null,"M","M","?","M"],"character_chosen":"DEFECT","items_purchased":["Loop"],"campfire_rested":1,"item_purchase_floors":[7],"current_hp_per_floor":[64,64,74,67,67,67,67,67,74,74,74,38,38,1,25,7,64,23,10,10,0],"gold":346,"neow_bonus":"ONE_RANDOM_RARE_CARD","is_prod":false,"is_daily":false,"chose_seed":false,"campfire_upgraded":4,"win_rate":0,"timestamp":1555806386,"path_taken":["M","?","?","?","M","R","?","R","T","?","R","E","R","E","R","BOSS","M","M","?","M"],"build_version":"2019-01-23","purchased_purges":0,"victory":false,"max_hp_per_floor":[71,66,76,76,76,76,76,76,83,83,83,83,83,83,83,83,83,83,83,83,83],"card_choices":[{"not_picked":["Streamline","BootSequence"],"picked":"Darkness","floor":1},{"not_picked":["Streamline","Coolheaded"],"picked":"Redo","floor":4},{"not_picked":["Ball Lightning","Go for the Eyes"],"picked":"Hologram","floor":5},{"not_picked":["Go for the Eyes","Stack"],"picked":"Creative AI","floor":12},{"not_picked":["Go for the Eyes","Hyperbeam"],"picked":"Leap","floor":14},{"not_picked":["Thunder Strike","Rainbow"],"picked":"Seek","floor":16},{"not_picked":["Compile Driver","Streamline","Conserve Battery"],"picked":"SKIP","floor":18},{"not_picked":["Cold Snap","Turbo"],"picked":"Doom and Gloom","floor":19}],"player_experience":1171575,"relics_obtained":[{"floor":3,"key":"Pear"},{"floor":9,"key":"Strawberry"},{"floor":12,"key":"Ancient Tea Set"},{"floor":14,"key":"Tiny Chest"}],"event_choices":[{"damage_healed":0,"gold_gain":0,"player_choice":"Lose Max HP","damage_taken":0,"relics_obtained":["Golden Idol"],"max_hp_gain":0,"max_hp_loss":5,"event_name":"Golden Idol","floor":2,"gold_loss":0},{"cards_removed":["Strike_B"],"damage_healed":0,"gold_gain":0,"player_choice":"Card Removal","damage_taken":0,"max_hp_gain":0,"max_hp_loss":0,"event_name":"The Cleric","floor":10,"gold_loss":50},{"damage_healed":0,"gold_gain":0,"player_choice":"Gave Idol","damage_taken":0,"relics_obtained":["Bloody Idol"],"max_hp_gain":0,"max_hp_loss":0,"event_name":"Forgotten Altar","floor":20,"relics_lost":["Golden Idol"],"gold_loss":0}],"is_beta":false,"boss_relics":[{"not_picked":["FrozenCore","White Beast Statue"],"picked":"Coffee Dripper"}],"items_purged_floors":[],"is_endless":false,"potions_floor_spawned":[1,4,14],"killed_by":"Centurion and Healer","ascension_level":14}