{"gold_per_floor":[113,113,128,128,93,125,125,152,176,176,187,200,220,239,239,340,340,359,359,166,181,181,181,261,277,277,31,31,31,31,48,48,146,146],"floor_reached":34,"playtime":982,"items_purged":["Strike_R"],"score":360,"play_id":"536b115e-9e01-4790-bae9-9e803db3d851","local_time":"20190406135149","is_ascension_mode":false,"campfire_choices":[{"floor":10.0,"key":"REST"},{"floor":15.0,"key":"REST"},{"floor":23.0,"key":"REST"},{"floor":29.0,"key":"REST"},{"data":"Hemokinesis","floor":32.0,"key":"SMITH"}],"neow_cost":"NONE","seed_source_timestamp":2063695811185755,"circlet_count":0,"master_deck":["Bash","Clothesline","Battle Trance+1","Armaments","Bloodletting","Twin Strike","Hemokinesis+1","Disarm","Impervious","True Grit","Ghostly Armor","Rupture","Shrug It Off","Cleave+1","Reaper"],"special_seed":0,"relics":["Runic Cube","Potion Belt","Ornamental Fan","Lantern","Boot","Lizard Tail","Centennial Puzzle","Paper Frog","Meat on the Bone","Question Card","FaceOfCleric","Pandora\u0027s Box"],"potions_floor_usage":[],"damage_taken":[{"damage":6.0,"enemies":"Cultist","floor":1.0,"turns":3.0},{"damage":8.0,"enemies":"2 Louse","floor":3.0,"turns":2.0},{"damage":41.0,"enemies":"Lagavulin","floor":6.0,"turns":7.0},{"damage":20.0,"enemies":"Gremlin Nob","floor":8.0,"turns":5.0},{"damage":3.0,"enemies":"Small Slimes","floor":11.0,"turns":3.0},{"damage":10.0,"enemies":"Looter","floor":12.0,"turns":3.0},{"damage":10.0,"enemies":"Blue Slaver","floor":13.0,"turns":3.0},{"damage":3.0,"enemies":"3 Louse","floor":14.0,"turns":3.0},{"damage":25.0,"enemies":"Hexaghost","floor":16.0,"turns":10.0},{"damage":15.0,"enemies":"Spheric Guardian","floor":18.0,"turns":3.0},{"damage":19.0,"enemies":"3 Byrds","floor":21.0,"turns":6.0},{"damage":28.0,"enemies":"Shelled Parasite and Fungi","floor":25.0,"turns":8.0},{"damage":9.0,"enemies":"Snake Plant","floor":31.0,"turns":6.0},{"damage":63.0,"enemies":"Collector","floor":33.0,"turns":13.0}],"seed_played":"5652795711936946279","potions_obtained":[{"floor":6.0,"key":"Poison Potion"},{"floor":8.0,"key":"AttackPotion"},{"floor":12.0,"key":"Weak Potion"},{"floor":16.0,"key":"Ancient Potion"},{"floor":31.0,"key":"PowerPotion"}],"is_trial":false,"path_per_floor":["M","?","M","?","?","E","T","E","T","R","M","M","M","M","R","B",null,"M","?","$","M","?","R","T","M","T","$","$","R","?","M","R","B",null],"character_chosen":"IRONCLAD","items_purchased":["Ghostly Armor","Rupture","Question Card"],"campfire_rested":4,"item_purchase_floors":[20,20,27],"current_hp_per_floor":[74,79,71,54,75,34,34,14,14,39,36,26,16,13,38,13,85,70,70,70,51,51,76,76,48,48,48,48,73,73,65,65,15,87],"gold":146,"neow_bonus":"BOSS_RELIC","is_prod":false,"is_daily":false,"chose_seed":false,"campfire_upgraded":1,"win_rate":0,"timestamp":1554573109,"path_taken":["M","?","M","?","?","E","?","E","T","R","M","M","?","M","R","BOSS","M","?","$","M","?","R","?","?","T","?","$","R","?","M","R","BOSS"],"build_version":"2019-04-04","purchased_purges":1,"victory":false,"max_hp_per_floor":[80,85,85,85,85,85,85,85,85,85,85,85,85,85,85,85,85,85,85,85,85,85,85,85,85,85,85,85,85,85,86,86,87,87],"card_choices":[{"not_picked":["Entrench","True Grit"],"picked":"Clothesline","floor":1.0},{"not_picked":["Anger","Second Wind"],"picked":"Battle Trance","floor":3.0},{"not_picked":["Bloodletting","Perfected Strike"],"picked":"Armaments","floor":6.0},{"not_picked":["True Grit","Armaments","Burning Pact"],"picked":"SKIP","floor":8.0},{"not_picked":["Warcry","Fire Breathing"],"picked":"Bloodletting","floor":11.0},{"not_picked":["Infernal Blade","Combust"],"picked":"Twin Strike","floor":12.0},{"not_picked":["Havoc","Second Wind"],"picked":"Hemokinesis","floor":13.0},{"not_picked":["Second Wind","Heavy Blade"],"picked":"Disarm","floor":14.0},{"not_picked":["Demon Form","Berserk"],"picked":"Impervious","floor":16.0},{"not_picked":["Clash","Heavy Blade"],"picked":"True Grit","floor":18.0},{"not_picked":["True Grit","Armaments","Dropkick+1"],"picked":"SKIP","floor":21.0},{"not_picked":["Headbutt","Second Wind"],"picked":"Cleave+1","floor":25.0},{"not_picked":["Heavy Blade","Combust","Uppercut","Flex"],"picked":"SKIP","floor":31.0},{"not_picked":["Brutality","Exhume","Impervious"],"picked":"Reaper","floor":33.0}],"player_experience":963706,"relics_obtained":[{"floor":6.0,"key":"Potion Belt"},{"floor":7.0,"key":"Ornamental Fan"},{"floor":8.0,"key":"Lantern"},{"floor":9.0,"key":"Boot"},{"floor":24.0,"key":"Paper Frog"},{"floor":26.0,"key":"Meat on the Bone"}],"event_choices":[{"damage_healed":0.0,"max_hp_gain":5.0,"max_hp_loss":0.0,"gold_gain":0.0,"event_name":"Big Fish","player_choice":"Donut","floor":2.0,"gold_loss":0.0,"damage_taken":0.0},{"damage_healed":0.0,"max_hp_gain":0.0,"max_hp_loss":0.0,"gold_gain":0.0,"event_name":"Shining Light","player_choice":"Entered Light","floor":4.0,"gold_loss":0.0,"damage_taken":17.0,"cards_upgraded":["Battle Trance","Defend_R"]},{"damage_healed":21.0,"max_hp_gain":0.0,"max_hp_loss":0.0,"gold_gain":0.0,"event_name":"The Cleric","player_choice":"Healed","floor":5.0,"gold_loss":35.0,"damage_taken":0.0},{"damage_healed":0.0,"max_hp_gain":0.0,"max_hp_loss":0.0,"gold_gain":0.0,"event_name":"The Mausoleum","player_choice":"Opened","floor":19.0,"gold_loss":0.0,"damage_taken":0.0,"relics_obtained":["Centennial Puzzle"]},{"damage_healed":0.0,"max_hp_gain":0.0,"max_hp_loss":0.0,"gold_gain":0.0,"event_name":"The Library","player_choice":"Read","floor":22.0,"gold_loss":0.0,"damage_taken":0.0,"cards_obtained":["Shrug It Off"]},{"damage_healed":0.0,"max_hp_gain":0.0,"max_hp_loss":0.0,"gold_gain":0.0,"event_name":"FaceTrader","player_choice":"Trade","floor":30.0,"gold_loss":0.0,"damage_taken":0.0,"relics_obtained":["FaceOfCleric"]}],"is_beta":true,"boss_relics":[{"not_picked":["Velvet Choker","Calling Bell"],"picked":"Lizard Tail"},{"not_picked":["Busted Crown","Mark of Pain"],"picked":"Pandora\u0027s Box"}],"items_purged_floors":[20],"is_endless":false,"potions_floor_spawned":[6,8,12,16,31],"ascension_level":0}