{"gold_per_floor":[131,163,175,205,229,241,268,280,318,361,373,385,33,33,33,133,133,147,147,62,75,95,125,151,151,174,174,187,187,220,234,234,335,335,348,348,359,374,391,391,410,410,410,424,442,459,459,459],"floor_reached":48,"playtime":2633,"items_purged":["Defend_B"],"score":476,"play_id":"eaabcfae-3d2a-4f28-ab42-cb2e39f47872","local_time":"20190328153552","is_ascension_mode":false,"campfire_choices":[{"data":"Steam","floor":6,"key":"SMITH"},{"data":"White Noise","floor":8,"key":"SMITH"},{"floor":15,"key":"REST"},{"data":"Discovery","floor":25,"key":"SMITH"},{"floor":27,"key":"REST"},{"floor":32,"key":"REST"},{"data":"Electrodynamics","floor":40,"key":"SMITH"},{"floor":42,"key":"REST"}],"neow_cost":"NONE","seed_source_timestamp":450829063126900,"circlet_count":0,"master_deck":["Strike_B","Strike_B","Strike_B","Defend_B","Defend_B+1","Defend_B+1","Zap","Dualcast","Sunder","White Noise+1","Beam Cell","Steam+1","Rebound","Hologram","Discovery+1","Cold Snap","Hologram","Fission","Leap","Ball Lightning","Defragment+1","Gash","Compile Driver","Rebound","Electrodynamics+1","Stack+1","Lockon+1","FTL+1","Stack+1","Compile Driver+1","Redo"],"relics":["Cracked Core","MawBank","Bronze Scales","Bag of Preparation","Tiny Chest","Busted Crown","Happy Flower","Matryoshka","Potion Belt","Oddly Smooth Stone","Pen Nib","Ancient Tea Set","Nunchaku","Unceasing Top","Sozu","Molten Egg 2"],"potions_floor_usage":[7,16,33,33,33],"damage_taken":[{"damage":0,"enemies":"Small Slimes","floor":1,"turns":2},{"damage":1,"enemies":"Jaw Worm","floor":2,"turns":3},{"damage":2,"enemies":"2 Louse","floor":4,"turns":3},{"damage":10,"enemies":"Looter","floor":5,"turns":3},{"damage":12,"enemies":"Exordium Thugs","floor":7,"turns":4},{"damage":10,"enemies":"3 Sentries","floor":10,"turns":6},{"damage":13,"enemies":"The Guardian","floor":16,"turns":10},{"damage":0,"enemies":"Chosen","floor":18,"turns":3},{"damage":0,"enemies":"3 Byrds","floor":21,"turns":4},{"damage":3,"enemies":"Snake Plant","floor":22,"turns":4},{"damage":26,"enemies":"Slavers","floor":23,"turns":5},{"damage":0,"enemies":"Cultist and Chosen","floor":28,"turns":4},{"damage":19,"enemies":"Gremlin Leader","floor":30,"turns":5},{"damage":33,"enemies":"Centurion and Healer","floor":31,"turns":6},{"damage":21,"enemies":"Collector","floor":33,"turns":6},{"damage":5,"enemies":"3 Shapes","floor":35,"turns":3},{"damage":15,"enemies":"3 Darklings","floor":37,"turns":4},{"damage":18,"enemies":"Writhing Mass","floor":38,"turns":5},{"damage":24,"enemies":"Sphere and 2 Shapes","floor":39,"turns":6},{"damage":0,"enemies":"Maw","floor":41,"turns":6},{"damage":32,"enemies":"Spire Growth","floor":44,"turns":5},{"damage":0,"enemies":"4 Shapes","floor":45,"turns":2},{"damage":11,"enemies":"Transient","floor":46,"turns":5},{"damage":10,"enemies":"Jaw Worm Horde","floor":48,"turns":2}],"seed_played":"-6477422794926313207","potions_obtained":[{"floor":4,"key":"EssenceOfSteel"},{"floor":5,"key":"Ancient Potion"},{"floor":7,"key":"SpeedPotion"},{"floor":16,"key":"Energy Potion"},{"floor":23,"key":"GamblersBrew"},{"floor":30,"key":"Explosive Potion"},{"floor":33,"key":"Regen Potion"}],"is_trial":false,"path_per_floor":["M","M","?","M","M","R","M","R","T","E","?","?","$","$","R","B",null,"M","?","?","M","M","E","T","R","T","R","M","T","E","M","R","B",null,"M","?","M","M","M","R","M","R","T","M","M","M","?","M"],"character_chosen":"DEFECT","items_purchased":["Discovery","Tiny Chest","Cold Snap","Hologram"],"campfire_rested":4,"item_purchase_floors":[13,13,13,13],"current_hp_per_floor":[75,74,59,57,47,47,35,35,35,25,18,43,43,43,65,52,75,75,61,61,61,58,32,32,32,32,56,56,56,37,4,28,7,80,75,80,65,47,23,23,23,47,47,15,15,4,4,0],"gold":459,"neow_bonus":"RANDOM_COMMON_RELIC","is_prod":false,"is_daily":false,"chose_seed":false,"campfire_upgraded":4,"win_rate":0.0,"timestamp":1553801752,"path_taken":["M","M","?","M","M","R","M","R","T","E","?","?","?","$","R","BOSS","M","?","?","M","M","E","?","R","T","R","M","?","E","?","R","BOSS","M","?","M","M","M","R","M","R","T","M","M","?","?","M"],"build_version":"2019-01-23","purchased_purges":1,"victory":false,"max_hp_per_floor":[75,75,75,75,75,75,75,75,75,75,75,75,75,75,75,75,75,75,80,80,80,80,80,80,80,80,80,80,80,80,80,80,80,80,80,80,80,80,80,80,80,80,80,80,80,80,80,80],"card_choices":[{"not_picked":["Stack","Leap"],"picked":"Sunder","floor":1},{"not_picked":["Sweeping Beam","Redo"],"picked":"White Noise","floor":2},{"not_picked":["Steam","Rip and Tear"],"picked":"Beam Cell","floor":4},{"not_picked":["Static Discharge","Chaos"],"picked":"Steam","floor":5},{"not_picked":["Rainbow","Barrage"],"picked":"Rebound","floor":7},{"not_picked":["Scrape","Capacitor"],"picked":"Hologram","floor":10},{"not_picked":["Buffer","All For One"],"picked":"Fission","floor":16},{"not_picked":[],"picked":"Barrage","floor":18},{"not_picked":[],"picked":"Leap","floor":21},{"not_picked":[],"picked":"Ball Lightning","floor":22},{"not_picked":[],"picked":"Defragment+1","floor":23},{"not_picked":[],"picked":"Gash","floor":28},{"not_picked":[],"picked":"Compile Driver","floor":30},{"not_picked":[],"picked":"Rebound","floor":31},{"not_picked":[],"picked":"Electrodynamics","floor":33},{"not_picked":[],"picked":"Stack+1","floor":35},{"not_picked":["Hologram"],"picked":"SKIP","floor":37},{"not_picked":[],"picked":"Lockon+1","floor":38},{"not_picked":[],"picked":"FTL+1","floor":39},{"not_picked":[],"picked":"Stack+1","floor":41},{"not_picked":[],"picked":"Compile Driver+1","floor":44},{"not_picked":[],"picked":"Redo","floor":45},{"not_picked":["Barrage+1"],"picked":"SKIP","floor":46}],"player_experience":21310,"relics_obtained":[{"floor":9,"key":"Bronze Scales"},{"floor":10,"key":"Bag of Preparation"},{"floor":23,"key":"Matryoshka"},{"floor":24,"key":"Potion Belt"},{"floor":24,"key":"Oddly Smooth Stone"},{"floor":26,"key":"Pen Nib"},{"floor":26,"key":"Ancient Tea Set"},{"floor":29,"key":"Nunchaku"},{"floor":30,"key":"Unceasing Top"},{"floor":43,"key":"Molten Egg 2"}],"event_choices":[{"damage_healed":0,"gold_gain":0,"player_choice":"Entered Light","damage_taken":15,"max_hp_gain":0,"max_hp_loss":0,"event_name":"Shining Light","floor":3,"gold_loss":0,"cards_upgraded":["Defend_B","Defend_B"]},{"cards_removed":["Strike_B"],"damage_healed":0,"gold_gain":0,"player_choice":"Card Removal","damage_taken":7,"max_hp_gain":0,"max_hp_loss":0,"event_name":"Golden Wing","floor":11,"gold_loss":0},{"damage_healed":25,"gold_gain":0,"player_choice":"Banana","damage_taken":0,"max_hp_gain":0,"max_hp_loss":0,"event_name":"Big Fish","floor":12,"gold_loss":0},{"damage_healed":0,"gold_gain":0,"player_choice":"Shed Blood","damage_taken":19,"max_hp_gain":5,"max_hp_loss":0,"event_name":"Forgotten Altar","floor":19,"gold_loss":0},{"damage_healed":0,"gold_gain":0,"player_choice":"Obtained Relic","damage_taken":0,"relics_obtained":["Happy Flower"],"max_hp_gain":0,"max_hp_loss":0,"event_name":"Addict","floor":20,"gold_loss":85},{"cards_removed":["Barrage"],"damage_healed":5,"gold_gain":0,"player_choice":"Offered Common","damage_taken":0,"max_hp_gain":0,"max_hp_loss":0,"event_name":"Bonfire Elementals","floor":36,"gold_loss":0},{"cards_removed":["Barrage"],"damage_healed":5,"gold_gain":0,"player_choice":"Offered Special","damage_taken":0,"max_hp_gain":0,"max_hp_loss":0,"event_name":"Bonfire Elementals","floor":36,"gold_loss":0},{"damage_healed":0,"gold_gain":0,"player_choice":"Ignored","damage_taken":0,"max_hp_gain":0,"max_hp_loss":0,"event_name":"SecretPortal","floor":47,"gold_loss":0}],"is_beta":false,"boss_relics":[{"not_picked":["Empty Cage","Astrolabe"],"picked":"Busted Crown"},{"not_picked":["Black Star","Calling Bell"],"picked":"Sozu"}],"items_purged_floors":[13],"is_endless":false,"potions_floor_spawned":[4,5,7,16,23,30,33,38,39,44,46],"killed_by":"Jaw Worm Horde","ascension_level":0}