{"gold_per_floor":[115,115,115,133,133,133,163,14,84,84,103,117,135,167,167,265,265,281,296,312,57,69,69,103,103,126,154,167,167,192,92,92,193,193,210,230,245,42,59,59,72,72,72,72,72,172,188,206,206,206,206,206,81,115,115],"floor_reached":55,"playtime":2413,"items_purged":["Strike_B","Doubt","Decay"],"score":1096,"play_id":"252358d4-7f11-40f8-ab6a-bb7800a8ddd5","local_time":"20190312215730","is_ascension_mode":true,"campfire_choices":[{"data":"Zap","floor":6,"key":"SMITH"},{"data":"Barrage","floor":10,"key":"SMITH"},{"data":"Redo","floor":15,"key":"SMITH"},{"data":"Apotheosis","floor":23,"key":"SMITH"},{"floor":25,"key":"REST"},{"floor":32,"key":"REST"},{"floor":40,"key":"RECALL"},{"floor":44,"key":"REST"},{"floor":49,"key":"REST"},{"floor":52,"key":"REST"}],"neow_cost":"NONE","seed_source_timestamp":2274678817732288,"circlet_count":0,"master_deck":["AscendersBane","Strike_B+1","Strike_B+1","Defend_B","Defend_B","Defend_B","Defend_B","Zap+1","Dualcast","Barrage+1","Redo+1","Zap+1","Ball Lightning","Barrage","Glacier","Rebound","Melter+1","Thunder Strike+1","Glacier","Chill","Apotheosis+1","Redo","Cold Snap+1","Cold Snap+1","Electrodynamics","Blizzard+1","Consume+1","Dark Shackles","Redo+1"],"relics":["Cracked Core","NeowsBlessing","Regal Pillow","Bag of Preparation","Meat on the Bone","Molten Egg 2","Cursed Key","Dead Branch","Mango","Bronze Scales","Inserter","Lee\u0027s Waffle","Ornamental Fan","Whetstone"],"potions_floor_usage":[12,16,24,24,28,30,39,55],"damage_taken":[{"damage":0,"enemies":"2 Louse","floor":1,"turns":1},{"damage":0,"enemies":"Jaw Worm","floor":4,"turns":1},{"damage":0,"enemies":"3 Sentries","floor":7,"turns":1},{"damage":0,"enemies":"Cultist","floor":11,"turns":2},{"damage":5,"enemies":"Gremlin Gang","floor":12,"turns":2},{"damage":3,"enemies":"Red Slaver","floor":13,"turns":2},{"damage":14,"enemies":"Lagavulin","floor":14,"turns":5},{"damage":21,"enemies":"The Guardian","floor":16,"turns":9},{"damage":23,"enemies":"2 Thieves","floor":18,"turns":3},{"damage":3,"enemies":"Shell Parasite","floor":19,"turns":4},{"damage":9,"enemies":"Shelled Parasite and Fungi","floor":20,"turns":5},{"damage":1,"enemies":"3 Cultists","floor":22,"turns":5},{"damage":18,"enemies":"Slavers","floor":24,"turns":4},{"damage":33,"enemies":"Gremlin Leader","floor":27,"turns":7},{"damage":9,"enemies":"Cultist and Chosen","floor":28,"turns":6},{"damage":28,"enemies":"Book of Stabbing","floor":30,"turns":5},{"damage":59,"enemies":"Collector","floor":33,"turns":13},{"damage":0,"enemies":"Orb Walker","floor":35,"turns":4},{"damage":14,"enemies":"3 Darklings","floor":36,"turns":5},{"damage":7,"enemies":"Sphere and 2 Shapes","floor":37,"turns":4},{"damage":24,"enemies":"Maw","floor":39,"turns":7},{"damage":38,"enemies":"Spire Growth","floor":41,"turns":6},{"damage":4,"enemies":"4 Shapes","floor":47,"turns":3},{"damage":50,"enemies":"Writhing Mass","floor":48,"turns":5},{"damage":83,"enemies":"Donu and Deca","floor":50,"turns":10},{"damage":87,"enemies":"Shield and Spear","floor":54,"turns":7},{"damage":23,"enemies":"The Heart","floor":55,"turns":2}],"seed_played":"-5424083773104721625","potions_obtained":[{"floor":1,"key":"AttackPotion"},{"floor":7,"key":"Swift Potion"},{"floor":11,"key":"PowerPotion"},{"floor":14,"key":"Weak Potion"},{"floor":19,"key":"Strength Potion"},{"floor":24,"key":"Poison Potion"},{"floor":36,"key":"Weak Potion"},{"floor":37,"key":"PowerPotion"}],"is_trial":false,"path_per_floor":["M","?","?","M","?","R","E","$","T","R","M","M","M","E","R","B",null,"M","M","M","$","M","R","E","R","T","E","M","?","E","$","R","B",null,"M","M","M","$","M","R","M","?","T","R","$","?","M","M","R","B",null,"R","$","E","B"],"character_chosen":"DEFECT","items_purchased":["Bag of Preparation","Apotheosis","Lee\u0027s Waffle"],"campfire_rested":5,"item_purchase_floors":[8,21,38],"current_hp_per_floor":[68,61,61,61,61,61,61,61,61,61,61,56,53,39,39,30,64,41,38,41,41,40,40,34,71,71,52,55,55,39,39,80,33,75,75,61,54,96,72,72,46,46,46,89,89,89,85,47,90,19,77,96,96,21,0],"gold":115,"neow_bonus":"THREE_ENEMY_KILL","is_prod":false,"is_daily":false,"chose_seed":false,"campfire_upgraded":4,"win_rate":0,"timestamp":1552438650,"path_taken":["M","?","?","M","?","R","E","$","T","R","M","M","?","E","R","BOSS","M","?","M","?","M","R","E","R","T","E","?","?","E","$","R","BOSS","M","M","M","?","M","R","M","?","T","R","$","?","M","M","R","BOSS","R","$","E","BOSS"],"build_version":"2019-01-23","purchased_purges":3,"victory":false,"max_hp_per_floor":[75,75,75,75,75,75,75,75,75,75,75,75,75,75,75,75,75,75,75,75,75,75,75,75,75,75,89,89,89,89,89,89,89,89,89,89,89,96,96,96,96,96,96,96,96,96,96,96,96,96,96,96,96,96,96],"card_choices":[{"not_picked":["Reinforced Body","BootSequence"],"picked":"Barrage","floor":1},{"not_picked":["Reprogram","Steam"],"picked":"Redo","floor":4},{"not_picked":["FTL","Compile Driver"],"picked":"Ball Lightning","floor":7},{"not_picked":["Scrape","Redo"],"picked":"Barrage","floor":11},{"not_picked":["Leap","Stack"],"picked":"Glacier","floor":12},{"not_picked":["Fusion","Conserve Battery"],"picked":"Rebound","floor":13},{"not_picked":["Gash","Doom and Gloom"],"picked":"Melter","floor":14},{"not_picked":["Creative AI","Buffer"],"picked":"Thunder Strike+1","floor":16},{"not_picked":["Ball Lightning+1","Steam Power","Steam"],"picked":"SKIP","floor":18},{"not_picked":["Go for the Eyes+1","Tempest"],"picked":"Glacier","floor":19},{"not_picked":["Streamline+1","Fusion"],"picked":"Chill","floor":20},{"not_picked":["Compile Driver+1","Gash+1"],"picked":"Redo","floor":22},{"not_picked":["Turbo","Steam"],"picked":"Cold Snap+1","floor":24},{"not_picked":["Self Repair+1","Reboot"],"picked":"Cold Snap+1","floor":27},{"not_picked":["Gash+1","Leap","Streamline+1"],"picked":"SKIP","floor":28},{"not_picked":["Recycle","Coolheaded","Rebound+1"],"picked":"SKIP","floor":30},{"not_picked":["Reboot","Machine Learning"],"picked":"Electrodynamics","floor":33},{"not_picked":["Steam+1","Stack+1"],"picked":"Blizzard+1","floor":35},{"not_picked":["Undo+1","Turbo+1","Go for the Eyes+1"],"picked":"SKIP","floor":36},{"not_picked":["Streamline+1","Fusion","Hello World"],"picked":"SKIP","floor":37},{"not_picked":["Undo+1","Turbo+1","Hello World"],"picked":"SKIP","floor":39},{"not_picked":["Glacier","Cold Snap+1"],"picked":"Consume+1","floor":41},{"not_picked":["Panacea","Forethought"],"picked":"Dark Shackles","floor":42},{"not_picked":["Rebound+1","Genetic Algorithm+1"],"picked":"Redo+1","floor":47},{"not_picked":["Streamline+1","Steam","Scrape+1"],"picked":"SKIP","floor":48},{"not_picked":["Sweeping Beam+1","Static Discharge","Conserve Battery"],"picked":"SKIP","floor":54}],"player_experience":911959,"relics_obtained":[{"floor":7,"key":"Regal Pillow"},{"floor":9,"key":"Meat on the Bone"},{"floor":14,"key":"Molten Egg 2"},{"floor":24,"key":"Dead Branch"},{"floor":27,"key":"Mango"},{"floor":30,"key":"Bronze Scales"},{"floor":43,"key":"Ornamental Fan"},{"floor":54,"key":"Whetstone"}],"event_choices":[{"cards_removed":["Strike_B"],"damage_healed":0,"gold_gain":0,"player_choice":"Card Removal","damage_taken":7,"max_hp_gain":0,"max_hp_loss":0,"event_name":"Golden Wing","floor":2,"gold_loss":0},{"damage_healed":0,"gold_gain":0,"player_choice":"Grow","damage_taken":0,"max_hp_gain":0,"max_hp_loss":0,"event_name":"Living Wall","floor":3,"gold_loss":0,"cards_upgraded":["Zap"]},{"damage_healed":0,"gold_gain":0,"player_choice":"1 cards matched","damage_taken":0,"max_hp_gain":0,"max_hp_loss":0,"event_name":"Match and Keep!","floor":5,"gold_loss":0,"cards_obtained":["Zap"]},{"damage_healed":0,"gold_gain":0,"player_choice":"Ignored","damage_taken":0,"max_hp_gain":0,"max_hp_loss":0,"event_name":"N\u0027loth","floor":29,"gold_loss":0},{"damage_healed":0,"gold_gain":0,"player_choice":"Memory 1","damage_taken":0,"max_hp_gain":0,"max_hp_loss":0,"event_name":"SensoryStone","floor":42,"gold_loss":0},{"damage_healed":0,"gold_gain":100,"player_choice":"Pray","damage_taken":0,"max_hp_gain":0,"max_hp_loss":0,"event_name":"Golden Shrine","floor":46,"gold_loss":0}],"is_beta":false,"boss_relics":[{"not_picked":["White Beast Statue","Eternal Feather"],"picked":"Cursed Key"},{"not_picked":["Philosopher\u0027s Stone","Pandora\u0027s Box"],"picked":"Inserter"}],"items_purged_floors":[21,31,53],"is_endless":false,"potions_floor_spawned":[1,7,11,14,19,20,24,36,37],"killed_by":"The Heart","ascension_level":10}