{"gold_per_floor":[111,111,121,121,46,75,75,100,100,129,129,129,143,159,159,237,237,237,237,48,48,48,48,48,48,48,48,48,48,48,48,48,48,48,48,48,48,48,48,48,48,48,48,48,48,48,48,48,48,48,48],"floor_reached":51,"playtime":4534,"items_purged":["Strike_B"],"score":1724,"play_id":"b48f8fa2-79ad-44d5-be41-a33910cfbd53","local_time":"20181121105211","is_ascension_mode":true,"campfire_choices":[{"data":"Go for the Eyes","floor":7,"key":"SMITH"},{"data":"Sweeping Beam","floor":12,"key":"SMITH"},{"data":"Sweeping Beam","floor":15,"key":"SMITH"},{"data":"Defend_B","floor":23,"key":"SMITH"},{"data":"Fission","floor":30,"key":"SMITH"},{"data":"Hologram","floor":32,"key":"SMITH"},{"data":"Biased Cognition","floor":40,"key":"SMITH"},{"floor":44,"key":"RECALL"},{"data":"Leap","floor":49,"key":"SMITH"}],"neow_cost":"NONE","seed_source_timestamp":570157208565132,"circlet_count":0,"master_deck":["AscendersBane","Strike_B","Strike_B","Strike_B","Defend_B","Defend_B","Defend_B+1","Defend_B+1","Zap+1","Dualcast+1","FTL","Go for the Eyes+1","Sweeping Beam+1","Darkness","Sweeping Beam+1","Coolheaded","Echo Form","Barrage","Coolheaded","Cold Snap","Fission+1","Leap+1","Hologram+1","Biased Cognition+1","Go for the Eyes+1","Hologram","Skim+1","Steam Power+1","Steam+1"],"relics":["Cracked Core","Happy Flower","Meat on the Bone","Bag of Marbles","War Paint","Shuriken","FossilizedHelix","Ectoplasm","DataDisk","MawBank","Mercury Hourglass","Incense Burner","Red Mask","Boot","Eternal Feather","Vajra","Regal Pillow"],"potions_floor_usage":[8,18,24,28,28,33,51],"damage_taken":[{"damage":0,"enemies":"Cultist","floor":1,"turns":3},{"damage":7,"enemies":"Jaw Worm","floor":3,"turns":4},{"damage":30,"enemies":"3 Sentries","floor":6,"turns":7},{"damage":10,"enemies":"Gremlin Nob","floor":8,"turns":3},{"damage":20,"enemies":"Lagavulin","floor":10,"turns":7},{"damage":0,"enemies":"Small Slimes","floor":13,"turns":2},{"damage":0,"enemies":"Gremlin Gang","floor":14,"turns":1},{"damage":24,"enemies":"Hexaghost","floor":16,"turns":8},{"damage":8,"enemies":"Spheric Guardian","floor":18,"turns":4},{"damage":1,"enemies":"Shell Parasite","floor":19,"turns":4},{"damage":0,"enemies":"Snecko","floor":21,"turns":3},{"damage":6,"enemies":"3 Cultists","floor":22,"turns":4},{"damage":2,"enemies":"Slavers","floor":24,"turns":5},{"damage":0,"enemies":"Shelled Parasite and Fungi","floor":25,"turns":4},{"damage":1,"enemies":"Snake Plant","floor":27,"turns":4},{"damage":27,"enemies":"Book of Stabbing","floor":28,"turns":5},{"damage":13,"enemies":"Masked Bandits","floor":29,"turns":3},{"damage":0,"enemies":"Gremlin Leader","floor":31,"turns":4},{"damage":0,"enemies":"Champ","floor":33,"turns":20},{"damage":0,"enemies":"3 Darklings","floor":35,"turns":4},{"damage":0,"enemies":"3 Shapes","floor":37,"turns":4},{"damage":31,"enemies":"Spire Growth","floor":38,"turns":5},{"damage":35,"enemies":"Giant Head","floor":41,"turns":12},{"damage":6,"enemies":"4 Shapes","floor":42,"turns":7},{"damage":0,"enemies":"Nemesis","floor":45,"turns":5},{"damage":0,"enemies":"Transient","floor":47,"turns":6},{"damage":0,"enemies":"Writhing Mass","floor":48,"turns":9},{"damage":6,"enemies":"Awakened One","floor":50,"turns":18},{"damage":77,"enemies":"Time Eater","floor":51,"turns":10}],"seed_played":"1231320072325264255","potions_obtained":[{"floor":6,"key":"Strength Potion"},{"floor":8,"key":"GamblersBrew"},{"floor":13,"key":"SpeedPotion"},{"floor":19,"key":"Swift Potion"},{"floor":25,"key":"AttackPotion"},{"floor":27,"key":"Weak Potion"},{"floor":28,"key":"EssenceOfSteel"},{"floor":31,"key":"Dexterity Potion"},{"floor":35,"key":"GamblersBrew"},{"floor":36,"key":"PowerPotion"}],"is_trial":false,"path_per_floor":["M","?","M","T","$","E","R","E","T","E","?","R","M","M","R","B",null,"M","M","$","M","M","R","E","M","T","M","E","?","R","E","R","B",null,"M","?","M","M","?","R","E","M","T","R","E","?","M","M","R","B","B"],"character_chosen":"DEFECT","items_purchased":["DataDisk","Coolheaded"],"campfire_rested":0,"item_purchase_floors":[20,20],"current_hp_per_floor":[64,64,57,57,57,39,39,41,41,33,81,81,81,81,81,57,75,67,66,66,66,60,60,58,58,58,57,42,41,41,41,41,41,71,71,71,71,52,52,67,44,50,50,65,65,65,65,65,80,74,0],"gold":48,"neow_bonus":"RANDOM_COMMON_RELIC","is_prod":false,"is_daily":false,"chose_seed":false,"campfire_upgraded":8,"win_rate":0,"timestamp":1542815531,"path_taken":["M","?","M","?","$","E","R","E","T","E","?","R","M","M","R","BOSS","M","?","$","?","M","R","E","M","T","M","E","?","R","E","R","BOSS","M","?","M","?","?","R","E","?","T","R","E","?","?","M","R","BOSS","BOSS"],"build_version":"2018-11-15","purchased_purges":1,"victory":false,"max_hp_per_floor":[71,71,71,71,71,71,71,71,71,71,81,81,81,81,81,81,81,81,81,81,81,81,81,81,81,81,81,81,81,81,81,81,81,81,81,81,81,81,81,81,81,81,81,81,81,81,81,81,81,81,81],"card_choices":[{"not_picked":["Hologram","Genetic Algorithm"],"picked":"FTL","floor":1},{"not_picked":["Genetic Algorithm","Heatsinks"],"picked":"Go for the Eyes","floor":3},{"not_picked":["Rebound","Seek"],"picked":"Sweeping Beam","floor":6},{"not_picked":["Sweeping Beam","Stack"],"picked":"Darkness","floor":8},{"not_picked":["Turbo","Ball Lightning"],"picked":"Fission","floor":10},{"not_picked":["Steam","Go for the Eyes"],"picked":"Sweeping Beam","floor":13},{"not_picked":["Double Energy","Redo"],"picked":"Coolheaded","floor":14},{"not_picked":["Hyperbeam","Seek"],"picked":"Echo Form","floor":16},{"not_picked":["Conserve Battery","Cold Snap"],"picked":"Barrage","floor":18},{"not_picked":["Conserve Battery","Gash","Lockon"],"picked":"SKIP","floor":19},{"not_picked":["Coolheaded","Double Energy","Barrage"],"picked":"SKIP","floor":21},{"not_picked":["Streamline","Conserve Battery"],"picked":"Cold Snap","floor":22},{"not_picked":["Double Energy+1","Darkness","Go for the Eyes"],"picked":"SKIP","floor":24},{"not_picked":["Fusion","Coolheaded","Recycle"],"picked":"SKIP","floor":25},{"not_picked":["Steam","Sweeping Beam"],"picked":"Fission","floor":27},{"not_picked":["Static Discharge","Sweeping Beam"],"picked":"Leap","floor":28},{"not_picked":["Doom and Gloom","Cold Snap"],"picked":"Hologram","floor":31},{"not_picked":["Echo Form","Thunder Strike"],"picked":"Biased Cognition","floor":33},{"not_picked":["White Noise","Streamline","Beam Cell"],"picked":"SKIP","floor":35},{"not_picked":["Storm","Gash"],"picked":"Go for the Eyes","floor":37},{"not_picked":["Go for the Eyes","Steam"],"picked":"Hologram","floor":38},{"not_picked":["Rebound","Streamline"],"picked":"Skim+1","floor":41},{"not_picked":["Beam Cell","Go for the Eyes","Tempest"],"picked":"SKIP","floor":42},{"not_picked":["Melter","Fission"],"picked":"Steam Power","floor":45},{"not_picked":["Gash+1","Recycle+1","Genetic Algorithm+1"],"picked":"SKIP","floor":47},{"not_picked":["Consume","Go for the Eyes"],"picked":"Steam+1","floor":48}],"player_experience":1005017,"relics_obtained":[{"floor":4,"key":"Meat on the Bone"},{"floor":6,"key":"Bag of Marbles"},{"floor":8,"key":"War Paint"},{"floor":9,"key":"Shuriken"},{"floor":10,"key":"FossilizedHelix"},{"floor":24,"key":"MawBank"},{"floor":26,"key":"Mercury Hourglass"},{"floor":28,"key":"Incense Burner"},{"floor":29,"key":"Red Mask"},{"floor":31,"key":"Boot"},{"floor":41,"key":"Vajra"},{"floor":45,"key":"Regal Pillow"}],"event_choices":[{"damage_healed":0,"gold_gain":0,"player_choice":"Grow","damage_taken":0,"max_hp_gain":0,"max_hp_loss":0,"event_name":"Living Wall","floor":2,"gold_loss":0,"cards_upgraded":["Zap"]},{"cards_removed":["Fission"],"damage_healed":38,"gold_gain":0,"player_choice":"Offered Rare","damage_taken":0,"max_hp_gain":10,"max_hp_loss":0,"event_name":"Bonfire Elementals","floor":11,"gold_loss":0},{"damage_healed":0,"gold_gain":0,"player_choice":"Fought Bandits","damage_taken":0,"max_hp_gain":0,"max_hp_loss":0,"event_name":"Masked Bandits","floor":29,"gold_loss":0},{"damage_healed":0,"gold_gain":0,"player_choice":"Got Potions","damage_taken":0,"max_hp_gain":0,"max_hp_loss":0,"event_name":"Lab","floor":36,"gold_loss":0},{"damage_healed":0,"gold_gain":0,"player_choice":"Forge","damage_taken":0,"max_hp_gain":0,"max_hp_loss":0,"event_name":"Accursed Blacksmith","floor":39,"gold_loss":0,"cards_upgraded":["Go for the Eyes"]},{"damage_healed":0,"gold_gain":0,"player_choice":"Upgraded","damage_taken":0,"max_hp_gain":0,"max_hp_loss":0,"event_name":"Upgrade Shrine","floor":46,"gold_loss":0,"cards_upgraded":["Steam Power"]}],"is_beta":true,"boss_relics":[{"not_picked":["Calling Bell","Tiny House"],"picked":"Ectoplasm"},{"not_picked":["Sozu","Runic Dome"],"picked":"Eternal Feather"}],"items_purged_floors":[5],"is_endless":false,"potions_floor_spawned":[6,8,13,19,25,27,28,31,35,38,41,45],"killed_by":"Time Eater","ascension_level":20}