{"gold_per_floor":[111,286,286,286,304,334,334,364,391,426,426,438,465,485,485,590,590,607,532,63,63,83,83,118,118,141,141,161,195,214,239,239,344,344,362,362,372,372,15,15,47,57,57,88,88,88,13,38,38,38,38,38,38,72,72],"floor_reached":56,"playtime":2555,"items_purged":[],"score":1497,"play_id":"f094db3d-0773-44d9-9e9a-e4c6642304ee","local_time":"20190223174621","is_ascension_mode":true,"campfire_choices":[{"data":"Perfected Strike","floor":7,"key":"SMITH"},{"data":"Bash","floor":11,"key":"SMITH"},{"data":"Clothesline","floor":15,"key":"SMITH"},{"data":"True Grit","floor":23,"key":"SMITH"},{"data":"Pommel Strike","floor":25,"key":"SMITH"},{"data":"Defend_R","floor":27,"key":"SMITH"},{"data":"Metallicize","floor":32,"key":"SMITH"},{"floor":40,"key":"RECALL"},{"data":"Double Tap","floor":49,"key":"SMITH"},{"data":"Shrug It Off","floor":52,"key":"SMITH"}],"neow_cost":"NONE","seed_source_timestamp":5982460839370681,"circlet_count":0,"master_deck":["Strike_R","Strike_R","Strike_R","Strike_R","Strike_R","Defend_R+1","Defend_R","Defend_R+1","Defend_R","Bash+1","Disarm+1","Clothesline+1","Perfected Strike+1","Pommel Strike+1","Wild Strike+1","Clash+1","Immolate+1","Whirlwind+1","Immolate+1","True Grit+1","Twin Strike+1","Impervious","Metallicize+1","Uppercut+1","Warcry","Feed+1","Pommel Strike+1","Headbutt+1","Perfected Strike+1","Iron Wave+1","Wild Strike+1","Shrug It Off+1","Double Tap+1","Fiend Fire+1"],"relics":["Burning Blood","Strawberry","Mango","Pear","War Paint","Bronze Scales","Blood Vial","Molten Egg 2","Philosopher\u0027s Stone","Medical Kit","Anchor","Dream Catcher","Bottled Flame","Turnip","Snecko Eye","Centennial Puzzle","Chemical X","Pen Nib","Orichalcum","Pantograph","Meat on the Bone","Red Skull","Bag of Preparation"],"potions_floor_usage":[6,16,24,55,55,55],"damage_taken":[{"damage":10,"enemies":"Small Slimes","floor":1,"turns":3},{"damage":5,"enemies":"Jaw Worm","floor":5,"turns":5},{"damage":38,"enemies":"3 Sentries","floor":6,"turns":10},{"damage":27,"enemies":"Lagavulin","floor":8,"turns":6},{"damage":17,"enemies":"3 Sentries","floor":10,"turns":7},{"damage":0,"enemies":"Cultist","floor":12,"turns":2},{"damage":22,"enemies":"Lagavulin","floor":13,"turns":4},{"damage":12,"enemies":"Blue Slaver","floor":14,"turns":2},{"damage":5,"enemies":"Hexaghost","floor":16,"turns":9},{"damage":3,"enemies":"Spheric Guardian","floor":18,"turns":3},{"damage":0,"enemies":"3 Byrds","floor":22,"turns":3},{"damage":0,"enemies":"Slavers","floor":24,"turns":2},{"damage":4,"enemies":"Centurion and Healer","floor":28,"turns":5},{"damage":7,"enemies":"Book of Stabbing","floor":29,"turns":5},{"damage":0,"enemies":"Snecko","floor":30,"turns":3},{"damage":0,"enemies":"Slavers","floor":31,"turns":1},{"damage":54,"enemies":"Automaton","floor":33,"turns":10},{"damage":1,"enemies":"Orb Walker","floor":35,"turns":2},{"damage":0,"enemies":"3 Darklings","floor":37,"turns":3},{"damage":30,"enemies":"Nemesis","floor":41,"turns":7},{"damage":0,"enemies":"Writhing Mass","floor":42,"turns":4},{"damage":0,"enemies":"Reptomancer","floor":44,"turns":3},{"damage":0,"enemies":"Nemesis","floor":48,"turns":3},{"damage":22,"enemies":"Time Eater","floor":50,"turns":8},{"damage":2,"enemies":"Shield and Spear","floor":54,"turns":4},{"damage":80,"enemies":"The Heart","floor":55,"turns":9}],"seed_played":"3627131894116029779","potions_obtained":[{"floor":1,"key":"LiquidBronze"},{"floor":10,"key":"FearPotion"},{"floor":12,"key":"Regen Potion"},{"floor":13,"key":"FearPotion"},{"floor":16,"key":"Energy Potion"},{"floor":24,"key":"Strength Potion"},{"floor":33,"key":"Ancient Potion"}],"is_trial":false,"path_per_floor":["M","?","T","?","M","E","R","E","T","E","R","M","E","M","R","B",null,"M","?","$","?","M","R","E","R","T","R","M","E","M","E","R","B",null,"M","?","M","T","$","R","E","M","T","E","$","?","$","E","R","B",null,"R","$","E","B",null],"character_chosen":"IRONCLAD","items_purchased":["Medical Kit","Anchor","Immolate+1","True Grit","Chemical X","Pen Nib","SpeedPotion","Shrug It Off"],"campfire_rested":0,"item_purchase_floors":[20,20,20,20,39,39,47,47],"current_hp_per_floor":[83,83,97,90,91,69,69,48,48,37,37,45,31,27,27,30,111,111,111,111,88,96,96,104,104,104,104,108,109,116,116,116,68,116,116,110,110,110,110,110,86,94,94,102,102,102,102,110,110,94,110,110,110,114,67],"gold":72,"neow_bonus":"RANDOM_COMMON_RELIC","is_prod":false,"is_daily":false,"chose_seed":false,"campfire_upgraded":9,"win_rate":0,"timestamp":1550961981,"path_taken":["M","?","?","?","M","E","R","E","T","E","R","M","E","M","R","BOSS","M","?","$","?","M","R","E","R","T","R","M","E","M","E","R","BOSS","M","?","M","?","$","R","E","M","T","E","?","?","$","E","R","BOSS","R","$","E","BOSS"],"build_version":"2019-02-06","purchased_purges":0,"victory":true,"max_hp_per_floor":[87,87,101,101,101,111,111,111,111,111,111,111,111,111,111,111,111,111,111,111,116,116,116,116,116,116,116,116,116,116,116,116,116,116,116,110,110,110,110,110,110,110,110,110,110,110,110,110,110,110,110,110,110,114,114],"card_choices":[{"not_picked":["Warcry","Heavy Blade"],"picked":"Disarm","floor":1},{"not_picked":["Hemokinesis","Warcry"],"picked":"Clothesline","floor":5},{"not_picked":["Second Wind","Combust"],"picked":"Perfected Strike","floor":6},{"not_picked":["Evolve","Flex"],"picked":"Clash","floor":8},{"not_picked":["Impervious","Heavy Blade"],"picked":"Pommel Strike","floor":10},{"not_picked":["Entrench","Burning Pact","Sever Soul"],"picked":"SKIP","floor":12},{"not_picked":["Flame Barrier","Bloodletting"],"picked":"Wild Strike","floor":13},{"not_picked":["Havoc","Carnage+1"],"picked":"Clash+1","floor":14},{"not_picked":["Demon Form","Reaper+1"],"picked":"Immolate+1","floor":16},{"not_picked":["Havoc","Clothesline+1"],"picked":"Whirlwind+1","floor":18},{"not_picked":["Havoc+1","Sword Boomerang+1"],"picked":"Twin Strike+1","floor":22},{"not_picked":["Anger+1","Heavy Blade+1"],"picked":"Impervious","floor":24},{"not_picked":["Bloodletting","True Grit"],"picked":"Metallicize","floor":28},{"not_picked":["Anger+1","Warcry"],"picked":"Uppercut+1","floor":29},{"not_picked":["Hemokinesis+1","Pummel+1","Dark Embrace"],"picked":"SKIP","floor":30},{"not_picked":["Searing Blow+1","Uppercut+1"],"picked":"Warcry","floor":31},{"not_picked":["Juggernaut","Limit Break"],"picked":"Feed+1","floor":33},{"not_picked":["Sentinel+1","Hemokinesis+1"],"picked":"Pommel Strike+1","floor":35},{"not_picked":["Warcry","Bloodletting+1"],"picked":"Headbutt+1","floor":37},{"not_picked":["Fire Breathing","Twin Strike+1"],"picked":"Perfected Strike+1","floor":41},{"not_picked":["Intimidate","Sever Soul+1"],"picked":"Iron Wave+1","floor":42},{"not_picked":["Armaments","Clash+1"],"picked":"Wild Strike+1","floor":44},{"not_picked":["Twin Strike+1","Sever Soul+1"],"picked":"Double Tap","floor":48},{"not_picked":["Intimidate+1","Sword Boomerang+1"],"picked":"Fiend Fire+1","floor":54}],"player_experience":4660113,"relics_obtained":[{"floor":3,"key":"Mango"},{"floor":6,"key":"Pear"},{"floor":8,"key":"War Paint"},{"floor":9,"key":"Bronze Scales"},{"floor":10,"key":"Blood Vial"},{"floor":13,"key":"Molten Egg 2"},{"floor":24,"key":"Dream Catcher"},{"floor":29,"key":"Bottled Flame"},{"floor":31,"key":"Turnip"},{"floor":38,"key":"Centennial Puzzle"},{"floor":41,"key":"Orichalcum"},{"floor":43,"key":"Pantograph"},{"floor":44,"key":"Meat on the Bone"},{"floor":48,"key":"Red Skull"},{"floor":54,"key":"Bag of Preparation"}],"event_choices":[{"damage_healed":0,"gold_gain":175,"player_choice":"AGREE","damage_taken":0,"max_hp_gain":0,"max_hp_loss":0,"event_name":"Liars Game","floor":2,"gold_loss":0,"cards_obtained":["Doubt"]},{"cards_removed":["Doubt"],"damage_healed":0,"gold_gain":0,"player_choice":"Card Removal","damage_taken":7,"max_hp_gain":0,"max_hp_loss":0,"event_name":"Golden Wing","floor":4,"gold_loss":0},{"cards_removed":["Clash"],"damage_healed":0,"gold_gain":0,"player_choice":"Gave Gold","damage_taken":0,"max_hp_gain":0,"max_hp_loss":0,"event_name":"Beggar","floor":19,"gold_loss":75},{"damage_healed":0,"gold_gain":0,"player_choice":"Shed Blood","damage_taken":28,"max_hp_gain":5,"max_hp_loss":0,"event_name":"Forgotten Altar","floor":21,"gold_loss":0},{"damage_healed":0,"gold_gain":0,"player_choice":"Max HP","damage_taken":0,"max_hp_gain":0,"max_hp_loss":6,"event_name":"Winding Halls","floor":36,"gold_loss":0},{"damage_healed":0,"gold_gain":0,"player_choice":"Ignored","damage_taken":0,"max_hp_gain":0,"max_hp_loss":0,"event_name":"Tomb of Lord Red Mask","floor":46,"gold_loss":0}],"is_beta":true,"boss_relics":[{"not_picked":["Black Star","Black Blood"],"picked":"Philosopher\u0027s Stone"},{"not_picked":["Astrolabe","Runic Dome"],"picked":"Snecko Eye"}],"items_purged_floors":[],"is_endless":false,"potions_floor_spawned":[1,10,12,13,16,18,24,30,33,35,37],"ascension_level":1}