{"gold_per_floor":[119,119,174,188,188,241,161,161,86,86,8,51,51,51,72,102,115,95],"floor_reached":18,"playtime":157,"items_purged":[],"score":308,"play_id":"83aca93e-df27-45e6-896f-96f3f7401c2d","local_time":"20190318112242","is_ascension_mode":true,"campfire_choices":[{"data":"Rip and Tear","floor":10,"key":"SMITH"}],"neow_cost":"NONE","seed_source_timestamp":413988790650496,"circlet_count":0,"master_deck":["AscendersBane","Strike_B","Strike_B","Strike_B","Defend_B","Defend_B","Defend_B","Defend_B","Zap","Dualcast","Streamline","Go for the Eyes","Rip and Tear+1","Doom and Gloom","Gash"],"relics":["Cracked Core","NeowsBlessing","Golden Idol","Blood Vial","Ice Cream","Omamori","Tiny Chest"],"potions_floor_usage":[18],"damage_taken":[{"damage":0,"enemies":"Jaw Worm","floor":1,"turns":1},{"damage":0,"enemies":"2 Louse","floor":4,"turns":1},{"damage":0,"enemies":"Lagavulin","floor":12,"turns":1},{"damage":0,"enemies":"Large Slime","floor":15,"turns":3},{"damage":8,"enemies":"Blue Slaver","floor":17,"turns":3},{"damage":15,"enemies":"Exordium Thugs","floor":18,"turns":1}],"seed_played":"-4613975003449756264","potions_obtained":[{"floor":1,"key":"EssenceOfSteel"},{"floor":17,"key":"AttackPotion"}],"is_trial":false,"path_per_floor":["M","?","?","M","M","T","$","M","?","R","$","E","T","$","M","?","M","M"],"character_chosen":"DEFECT","items_purchased":["Rip and Tear","Doom and Gloom"],"campfire_rested":0,"item_purchase_floors":[7,11],"current_hp_per_floor":[64,64,64,64,64,64,64,64,64,64,64,64,64,64,64,19,13,0],"gold":95,"neow_bonus":"THREE_ENEMY_KILL","is_prod":false,"is_daily":false,"chose_seed":false,"campfire_upgraded":1,"win_rate":0,"timestamp":1552922562,"path_taken":["M","?","?","M","M","?","?","M","?","R","?","E","T","$","M","?","?","M"],"build_version":"2019-03-15","purchased_purges":0,"victory":false,"max_hp_per_floor":[71,64,64,64,64,64,64,64,64,64,64,64,64,64,64,64,64,64],"card_choices":[{"not_picked":["Conserve Battery","Ball Lightning"],"picked":"Streamline","floor":1},{"not_picked":["Steam Power","Chaos"],"picked":"Go for the Eyes","floor":4},{"not_picked":["Gash","Multi-Cast","Self Repair"],"picked":"SKIP","floor":12},{"not_picked":["Ball Lightning","Genetic Algorithm","Chill"],"picked":"SKIP","floor":15},{"not_picked":["Beam Cell","Streamline"],"picked":"Gash","floor":17}],"player_experience":966288,"relics_obtained":[{"floor":6,"key":"Blood Vial"},{"floor":12,"key":"Ice Cream"},{"floor":13,"key":"Omamori"}],"event_choices":[{"damage_healed":0,"gold_gain":0,"player_choice":"Lose Max HP","damage_taken":0,"relics_obtained":["Golden Idol"],"max_hp_gain":0,"max_hp_loss":7,"event_name":"Golden Idol","floor":2,"gold_loss":0},{"damage_healed":0,"gold_gain":55,"player_choice":"Gained Gold","damage_taken":0,"max_hp_gain":0,"max_hp_loss":0,"event_name":"Golden Wing","floor":3,"gold_loss":0},{"cards_removed":["Strike_B"],"damage_healed":0,"gold_gain":0,"player_choice":"Card Removal","damage_taken":0,"max_hp_gain":0,"max_hp_loss":0,"event_name":"The Cleric","floor":9,"gold_loss":75},{"damage_healed":0,"gold_gain":0,"player_choice":"Success","damage_taken":45,"relics_obtained":["Tiny Chest"],"max_hp_gain":0,"max_hp_loss":0,"event_name":"Scrap Ooze","floor":16,"gold_loss":0}],"is_beta":true,"boss_relics":[],"items_purged_floors":[],"is_endless":false,"potions_floor_spawned":[1,17],"killed_by":"Exordium Thugs","ascension_level":19}