{"gold_per_floor":[116,291,241,241,251,280,280,310,357,367,396,406,89,104,104,208,208,219,236,236,256,23,56,56,56,138,173,190,10,10,28,28,28],"floor_reached":33,"playtime":1391,"items_purged":[],"score":397,"play_id":"414e9396-90aa-480a-9441-b732d88da68a","local_time":"20190503113402","is_ascension_mode":true,"campfire_choices":[{"data":"Discovery","floor":7,"key":"SMITH"},{"data":"Perfected Strike","floor":15,"key":"SMITH"},{"floor":25,"key":"REST"},{"data":"Double Tap","floor":32,"key":"SMITH"}],"neow_cost":"NONE","seed_source_timestamp":1801897451245600,"circlet_count":0,"master_deck":["Strike_R","Strike_R","Strike_R","Strike_R+1","Strike_R","Defend_R+1","Defend_R+1","Defend_R","Defend_R","Bash","Heavy Blade","Carnage","Discovery+1","Perfected Strike","Wild Strike","Perfected Strike+1","Shrug It Off","Pummel","Double Tap+1","Shrug It Off","Rampage+1","Pommel Strike","Offering","Anger","RitualDagger","Ghostly Armor","Rampage","Flex+1","Wild Strike"],"relics":["Burning Blood","Art of War","Orichalcum","Oddly Smooth Stone","Paper Frog","Membership Card","War Paint","Busted Crown","Thread and Needle","Whetstone","Bronze Scales","Sundial","Prayer Wheel","Happy Flower","ClockworkSouvenir"],"potions_floor_usage":[6,12,14,23,23,27,28],"damage_taken":[{"damage":13,"enemies":"Jaw Worm","floor":1,"turns":5},{"damage":0,"enemies":"Small Slimes","floor":5,"turns":3},{"damage":4,"enemies":"Gremlin Nob","floor":6,"turns":3},{"damage":12,"enemies":"3 Sentries","floor":8,"turns":6},{"damage":0,"enemies":"Cultist","floor":10,"turns":2},{"damage":19,"enemies":"Lagavulin","floor":11,"turns":5},{"damage":4,"enemies":"Blue Slaver","floor":12,"turns":2},{"damage":18,"enemies":"Large Slime","floor":14,"turns":4},{"damage":38,"enemies":"The Guardian","floor":16,"turns":9},{"damage":6,"enemies":"Spheric Guardian","floor":18,"turns":2},{"damage":3,"enemies":"Chosen","floor":19,"turns":4},{"damage":16,"enemies":"Shelled Parasite and Fungi","floor":21,"turns":4},{"damage":25,"enemies":"Book of Stabbing","floor":23,"turns":6},{"damage":16,"enemies":"Slavers","floor":27,"turns":4},{"damage":0,"enemies":"Cultist and Chosen","floor":28,"turns":3},{"damage":27,"enemies":"Colosseum Slavers","floor":30,"turns":7},{"damage":0,"enemies":"Snecko","floor":31,"turns":3},{"damage":77,"enemies":"Automaton","floor":33,"turns":6}],"seed_played":"-2069823409522250704","potions_obtained":[{"floor":1,"key":"EssenceOfSteel"},{"floor":5,"key":"Swift Potion"},{"floor":11,"key":"Explosive Potion"},{"floor":12,"key":"PowerPotion"},{"floor":21,"key":"EssenceOfSteel"},{"floor":23,"key":"SteroidPotion"},{"floor":27,"key":"Fruit Juice"}],"is_trial":false,"path_per_floor":["M","?","?","?","M","E","R","E","T","M","E","M","$","M","R","B",null,"M","M","?","M","$","E","?","R","T","E","M","$","?","M","R","B"],"character_chosen":"IRONCLAD","items_purchased":["Membership Card","War Paint","Rampage","Thread and Needle","Whetstone","Happy Flower","ClockworkSouvenir"],"campfire_rested":1,"item_purchase_floors":[13,13,13,22,22,29,29],"current_hp_per_floor":[65,65,65,65,71,73,73,67,67,73,60,62,62,50,50,18,65,65,68,62,52,52,33,33,57,57,47,58,58,37,43,43,0],"gold":28,"neow_bonus":"RANDOM_COMMON_RELIC","is_prod":false,"is_daily":false,"chose_seed":false,"campfire_upgraded":3,"win_rate":0,"timestamp":1556897642,"path_taken":["M","?","?","?","?","E","R","E","T","M","E","M","$","M","R","BOSS","M","M","?","M","$","E","?","R","T","E","?","$","?","M","R","BOSS"],"build_version":"2019-01-23","purchased_purges":0,"victory":false,"max_hp_per_floor":[80,80,80,80,80,80,80,80,80,80,80,80,80,80,80,80,80,80,80,80,80,80,80,80,80,80,80,85,85,85,85,85,85],"card_choices":[{"not_picked":["Intimidate","Battle Trance"],"picked":"Heavy Blade","floor":1},{"not_picked":["Havoc","Heavy Blade"],"picked":"Wild Strike","floor":5},{"not_picked":["Headbutt","Exhume"],"picked":"Perfected Strike","floor":6},{"not_picked":["Clash","Pummel"],"picked":"Shrug It Off","floor":8},{"not_picked":["Sword Boomerang","Combust"],"picked":"Pummel","floor":10},{"not_picked":["Evolve","Clash"],"picked":"Double Tap","floor":11},{"not_picked":["Headbutt","Blood for Blood"],"picked":"Shrug It Off","floor":12},{"not_picked":["Searing Blow","Berserk"],"picked":"Pommel Strike","floor":14},{"not_picked":["Dark Embrace","Barricade"],"picked":"Offering","floor":16},{"not_picked":["True Grit"],"picked":"SKIP","floor":18},{"not_picked":[],"picked":"Anger","floor":19},{"not_picked":[],"picked":"Ghostly Armor","floor":21},{"not_picked":[],"picked":"Rampage","floor":23},{"not_picked":["Dropkick"],"picked":"SKIP","floor":27},{"not_picked":[],"picked":"Flex+1","floor":28},{"not_picked":["Armaments"],"picked":"SKIP","floor":28},{"not_picked":[],"picked":"Wild Strike","floor":31},{"not_picked":["Flex"],"picked":"SKIP","floor":31}],"player_experience":137794,"relics_obtained":[{"floor":6,"key":"Orichalcum"},{"floor":8,"key":"Oddly Smooth Stone"},{"floor":11,"key":"Paper Frog"},{"floor":23,"key":"Bronze Scales"},{"floor":26,"key":"Sundial"},{"floor":27,"key":"Prayer Wheel"}],"event_choices":[{"damage_healed":0,"gold_gain":175,"player_choice":"AGREE","damage_taken":0,"max_hp_gain":0,"max_hp_loss":0,"event_name":"Liars Game","floor":2,"gold_loss":0,"cards_obtained":["Doubt"]},{"cards_removed":["Doubt"],"damage_healed":0,"gold_gain":0,"player_choice":"Card Removal","damage_taken":0,"max_hp_gain":0,"max_hp_loss":0,"event_name":"The Cleric","floor":3,"gold_loss":50},{"damage_healed":0,"gold_gain":0,"player_choice":"3 cards matched","damage_taken":0,"max_hp_gain":0,"max_hp_loss":0,"event_name":"Match and Keep!","floor":4,"gold_loss":0,"cards_obtained":["Carnage","Discovery","Perfected Strike"]},{"damage_healed":0,"gold_gain":0,"player_choice":"Joined the Cult","damage_taken":6,"max_hp_gain":0,"max_hp_loss":0,"event_name":"Nest","floor":20,"gold_loss":0,"cards_obtained":["RitualDagger"]},{"damage_healed":0,"gold_gain":0,"player_choice":"Bought 0 Potions","damage_taken":0,"max_hp_gain":0,"max_hp_loss":0,"event_name":"The Woman in Blue","floor":24,"gold_loss":0},{"damage_healed":0,"gold_gain":0,"player_choice":"Fight","damage_taken":0,"max_hp_gain":0,"max_hp_loss":0,"event_name":"Colosseum","floor":30,"gold_loss":0},{"damage_healed":0,"gold_gain":0,"player_choice":"Fled From Nobs","damage_taken":0,"max_hp_gain":0,"max_hp_loss":0,"event_name":"Colosseum","floor":30,"gold_loss":0}],"is_beta":false,"boss_relics":[{"not_picked":["Ectoplasm","Calling Bell"],"picked":"Busted Crown"}],"items_purged_floors":[],"is_endless":false,"potions_floor_spawned":[1,5,11,12,21,23,27],"killed_by":"Automaton","ascension_level":6}