{"gold_per_floor":[114,114,114,130,305,335,35,60,60,87,12,12,30,46,46,146,146,158,171,18,18,38,38,38],"floor_reached":24,"playtime":593,"items_purged":["Doubt"],"score":275,"play_id":"2b0a3820-4ea3-46a3-983b-81a3a57fa835","local_time":"20190515155407","is_ascension_mode":true,"campfire_choices":[{"floor":15,"key":"REST"},{"data":"Armaments","floor":23,"key":"SMITH"}],"neow_cost":"NONE","seed_source_timestamp":431089437644700,"circlet_count":0,"master_deck":["Strike_R","Strike_R","Strike_R","Strike_R","Strike_R","Defend_R","Defend_R","Defend_R","Defend_R","Bash+1","Sword Boomerang","Whirlwind","Cleave","Flame Barrier","Anger","True Grit","Anger","Berserk","Wild Strike","Clothesline+1","Shame","Armaments+1"],"relics":["Burning Blood","NeowsBlessing","Torii","Bag of Marbles","Lantern","Bottled Flame","StoneCalendar","Boot","Kunai","Mark of Pain","Red Skull","Happy Flower"],"potions_floor_usage":[],"damage_taken":[{"damage":0,"enemies":"2 Louse","floor":1,"turns":1},{"damage":0,"enemies":"Small Slimes","floor":4,"turns":1},{"damage":0,"enemies":"Lagavulin","floor":6,"turns":1},{"damage":32,"enemies":"Gremlin Nob","floor":8,"turns":4},{"damage":20,"enemies":"3 Sentries","floor":10,"turns":5},{"damage":0,"enemies":"Jaw Worm","floor":13,"turns":2},{"damage":9,"enemies":"Red Slaver","floor":14,"turns":2},{"damage":35,"enemies":"The Guardian","floor":16,"turns":14},{"damage":0,"enemies":"Chosen","floor":18,"turns":4},{"damage":49,"enemies":"2 Thieves","floor":19,"turns":5},{"damage":18,"enemies":"Snake Plant","floor":22,"turns":2},{"damage":33,"enemies":"Gremlin Leader","floor":24,"turns":2}],"seed_played":"-5076331612527365878","potions_obtained":[{"floor":8,"key":"LiquidBronze"},{"floor":10,"key":"BloodPotion"},{"floor":13,"key":"AttackPotion"},{"floor":18,"key":"Weak Potion"}],"is_trial":false,"path_per_floor":["M","?","?","M","?","E","$","E","T","E","$","?","M","M","R","B",null,"M","M","$","?","M","R","E"],"character_chosen":"IRONCLAD","items_purchased":["Bag of Marbles","Lantern","Red Skull"],"campfire_rested":1,"item_purchase_floors":[7,7,20],"current_hp_per_floor":[80,85,85,85,85,85,85,59,59,45,45,45,51,48,73,44,85,85,42,42,42,30,30,0],"gold":38,"neow_bonus":"THREE_ENEMY_KILL","is_prod":false,"is_daily":false,"chose_seed":false,"campfire_upgraded":1,"win_rate":0,"timestamp":1557950047,"path_taken":["M","?","?","M","?","E","$","E","T","E","$","?","M","M","R","BOSS","M","M","$","?","M","R","E"],"build_version":"2019-01-23","purchased_purges":1,"victory":false,"max_hp_per_floor":[80,85,85,85,85,85,85,85,85,85,85,85,85,85,85,85,85,85,85,85,85,85,85,85],"card_choices":[{"not_picked":["Thunderclap","Iron Wave"],"picked":"Sword Boomerang","floor":1},{"not_picked":["Perfected Strike","Uppercut"],"picked":"Whirlwind","floor":4},{"not_picked":["Metallicize","Feel No Pain"],"picked":"Cleave","floor":6},{"not_picked":["Shrug It Off","Anger"],"picked":"Flame Barrier","floor":8},{"not_picked":["Burning Pact","Second Wind"],"picked":"Anger","floor":10},{"not_picked":["Reckless Charge","Hemokinesis"],"picked":"True Grit","floor":13},{"not_picked":["Headbutt","Cleave"],"picked":"Anger","floor":14},{"not_picked":["Reaper","Limit Break"],"picked":"Berserk","floor":16},{"not_picked":["Rupture","Body Slam+1"],"picked":"Wild Strike","floor":18},{"not_picked":["Iron Wave","Pommel Strike"],"picked":"Clothesline+1","floor":19},{"not_picked":["Havoc","Twin Strike"],"picked":"Armaments","floor":22}],"player_experience":183057,"relics_obtained":[{"floor":6,"key":"Torii"},{"floor":8,"key":"Bottled Flame"},{"floor":9,"key":"StoneCalendar"},{"floor":10,"key":"Boot"}],"event_choices":[{"damage_healed":0,"gold_gain":0,"player_choice":"Donut","damage_taken":0,"max_hp_gain":5,"max_hp_loss":0,"event_name":"Big Fish","floor":2,"gold_loss":0},{"damage_healed":0,"gold_gain":0,"player_choice":"Grow","damage_taken":0,"max_hp_gain":0,"max_hp_loss":0,"event_name":"Living Wall","floor":3,"gold_loss":0,"cards_upgraded":["Bash"]},{"damage_healed":0,"gold_gain":175,"player_choice":"AGREE","damage_taken":0,"max_hp_gain":0,"max_hp_loss":0,"event_name":"Liars Game","floor":5,"gold_loss":0,"cards_obtained":["Doubt"]},{"damage_healed":0,"gold_gain":0,"player_choice":"Gave Potion","damage_taken":0,"relics_obtained":["Kunai"],"max_hp_gain":0,"max_hp_loss":0,"event_name":"WeMeetAgain","floor":12,"gold_loss":0},{"damage_healed":0,"gold_gain":0,"player_choice":"Stole Relic","damage_taken":0,"relics_obtained":["Happy Flower"],"max_hp_gain":0,"max_hp_loss":0,"event_name":"Addict","floor":21,"gold_loss":0,"cards_obtained":["Shame"]}],"is_beta":false,"boss_relics":[{"not_picked":["Cursed Key","Black Star"],"picked":"Mark of Pain"}],"items_purged_floors":[11],"is_endless":false,"potions_floor_spawned":[8,10,13,18],"killed_by":"Gremlin Leader","ascension_level":3}