{"gold_per_floor":[117,182,182,196,212,238,238,268,295,313,339,353,46,46,46,149,149,164,179,94,94,19,52,52,116,140,151,151,185,203,215,215,319,319,336,350,8,8,22,47,47,64,91,106,106,141,141,173,173,173,173,173,16,43,43],"floor_reached":55,"playtime":2372,"items_purged":[],"score":1058,"play_id":"003f0a59-c720-471c-840a-2c8b69df5e93","local_time":"20190501112204","is_ascension_mode":true,"campfire_choices":[{"data":"Mayhem","floor":15,"key":"SMITH"},{"data":"Bash","floor":24,"key":"SMITH"},{"data":"Double Tap","floor":28,"key":"SMITH"},{"data":"Combust","floor":32,"key":"SMITH"},{"floor":41,"key":"RECALL"},{"data":"Trip","floor":45,"key":"SMITH"},{"data":"Defend_R","floor":49,"key":"SMITH"},{"data":"Defend_R","floor":52,"key":"SMITH"}],"neow_cost":"NONE","seed_source_timestamp":4377918138233750,"circlet_count":0,"master_deck":["Strike_R","Strike_R","Strike_R","Strike_R","Strike_R","Defend_R+1","Defend_R+1","Defend_R","Defend_R","Bash+1","Combust+1","Shrug It Off","Headbutt","Ghostly Armor","Double Tap+1","Shrug It Off","Mayhem+1","Perfected Strike+1","Wild Strike+1","Shrug It Off","Immolate+1","Carnage+1","Perfected Strike+1","Cleave+1","Impervious","Parasite","Pommel Strike+1","Perfected Strike+1","Iron Wave+1","Perfected Strike+1","Bludgeon+1","Pommel Strike+1","Trip+1","Iron Wave+1","Clumsy","Iron Wave+1","Evolve","Rage"],"relics":["Burning Blood","Bag of Preparation","Bag of Marbles","Blood Vial","Molten Egg 2","Cursed Key","Gremlin Horn","Mercury Hourglass","Tiny Chest","Happy Flower","Calipers","Busted Crown","Membership Card","Pen Nib","Shuriken","Boot","Ornamental Fan","Art of War","Oddly Smooth Stone","Red Skull"],"potions_floor_usage":[8,16,29,40,48,55,55,55],"damage_taken":[{"damage":11,"enemies":"Jaw Worm","floor":1,"turns":5},{"damage":0,"enemies":"2 Louse","floor":4,"turns":2},{"damage":5,"enemies":"Small Slimes","floor":5,"turns":3},{"damage":24,"enemies":"Gremlin Nob","floor":6,"turns":4},{"damage":19,"enemies":"3 Sentries","floor":8,"turns":6},{"damage":11,"enemies":"Gremlin Gang","floor":10,"turns":4},{"damage":19,"enemies":"Gremlin Nob","floor":11,"turns":4},{"damage":0,"enemies":"Looter","floor":12,"turns":3},{"damage":0,"enemies":"Slime Boss","floor":16,"turns":5},{"damage":2,"enemies":"Shell Parasite","floor":18,"turns":2},{"damage":0,"enemies":"Spheric Guardian","floor":19,"turns":2},{"damage":0,"enemies":"Gremlin Leader","floor":23,"turns":2},{"damage":0,"enemies":"Slavers","floor":25,"turns":1},{"damage":0,"enemies":"Snecko","floor":27,"turns":2},{"damage":19,"enemies":"Gremlin Leader","floor":29,"turns":4},{"damage":0,"enemies":"Centurion and Healer","floor":30,"turns":3},{"damage":0,"enemies":"Snake Plant","floor":31,"turns":1},{"damage":28,"enemies":"Champ","floor":33,"turns":5},{"damage":0,"enemies":"3 Darklings","floor":35,"turns":3},{"damage":0,"enemies":"Orb Walker","floor":36,"turns":1},{"damage":0,"enemies":"3 Darklings","floor":39,"turns":2},{"damage":0,"enemies":"Nemesis","floor":40,"turns":3},{"damage":0,"enemies":"Sphere and 2 Shapes","floor":42,"turns":1},{"damage":1,"enemies":"Jaw Worm Horde","floor":44,"turns":2},{"damage":0,"enemies":"Giant Head","floor":46,"turns":4},{"damage":17,"enemies":"Nemesis","floor":48,"turns":3},{"damage":40,"enemies":"Donu and Deca","floor":50,"turns":7},{"damage":14,"enemies":"Shield and Spear","floor":54,"turns":3},{"damage":80,"enemies":"The Heart","floor":55,"turns":6}],"seed_played":"-2645066558129672108","potions_obtained":[{"floor":6,"key":"Fire Potion"},{"floor":8,"key":"PowerPotion"},{"floor":10,"key":"SmokeBomb"},{"floor":11,"key":"AttackPotion"},{"floor":16,"key":"LiquidBronze"},{"floor":18,"key":"GamblersBrew"},{"floor":23,"key":"Weak Potion"},{"floor":29,"key":"LiquidBronze"},{"floor":33,"key":"Block Potion"},{"floor":39,"key":"Energy Potion"},{"floor":48,"key":"AttackPotion"}],"is_trial":false,"path_per_floor":["M","?","?","M","M","E","?","E","T","M","E","M","$","?","R","B",null,"M","M","?","?","?","E","R","E","T","M","R","E","M","M","R","B",null,"M","M","$","?","M","E","R","M","T","M","R","E","?","E","R","B",null,"R","$","E","B"],"character_chosen":"IRONCLAD","items_purchased":["Mayhem","Perfected Strike+1","Wild Strike+1","Shrug It Off","Membership Card","Pen Nib","Pommel Strike+1","Trip","Evolve","Rage","Weak Potion","Oddly Smooth Stone"],"campfire_rested":0,"item_purchase_floors":[13,13,13,13,37,37,37,37,53,53,53,53],"current_hp_per_floor":[75,75,80,85,85,67,67,54,54,51,40,48,48,48,48,56,85,85,85,85,85,85,85,85,85,85,85,85,72,80,85,85,63,85,85,85,85,85,85,85,85,85,85,85,85,85,85,74,74,42,85,85,85,77,0],"gold":43,"neow_bonus":"ONE_RANDOM_RARE_CARD","is_prod":false,"is_daily":false,"chose_seed":false,"campfire_upgraded":7,"win_rate":0,"timestamp":1556724124,"path_taken":["M","?","?","M","M","E","?","E","T","M","E","M","$","?","R","BOSS","M","?","?","?","?","E","R","E","T","M","R","E","M","?","R","BOSS","M","M","$","?","?","E","R","M","T","M","R","E","?","E","R","BOSS","R","$","E","BOSS"],"build_version":"2019-04-23","purchased_purges":0,"victory":false,"max_hp_per_floor":[80,80,85,85,85,85,85,85,85,85,85,85,85,85,85,85,85,85,85,85,85,85,85,85,85,85,85,85,85,85,85,85,85,85,85,85,85,85,85,85,85,85,85,85,85,85,85,85,85,85,85,85,85,85,85],"card_choices":[{"not_picked":["Headbutt","Sword Boomerang"],"picked":"Clash","floor":1},{"not_picked":["Heavy Blade","Seeing Red"],"picked":"Sword Boomerang","floor":4},{"not_picked":["Perfected Strike","Fire Breathing"],"picked":"Combust","floor":5},{"not_picked":["Power Through","Cleave"],"picked":"Shrug It Off","floor":6},{"not_picked":["Carnage","Fiend Fire"],"picked":"Headbutt","floor":8},{"not_picked":["Evolve","Havoc"],"picked":"Ghostly Armor","floor":10},{"not_picked":["Wild Strike","Anger"],"picked":"Double Tap","floor":11},{"not_picked":["True Grit","Dark Embrace"],"picked":"Shrug It Off","floor":12},{"not_picked":["Reaper+1","Feed+1"],"picked":"Immolate+1","floor":16},{"not_picked":["Cleave+1","Clash+1"],"picked":"Carnage+1","floor":18},{"not_picked":["Clash+1","Sword Boomerang+1"],"picked":"Perfected Strike+1","floor":19},{"not_picked":["Sword Boomerang+1","Cleave+1"],"picked":"Impervious","floor":23},{"not_picked":["Body Slam+1","Havoc","Spot Weakness+1"],"picked":"SKIP","floor":25},{"not_picked":["Inflame","Clothesline+1"],"picked":"Pommel Strike+1","floor":27},{"not_picked":["Whirlwind+1","Immolate+1"],"picked":"Perfected Strike+1","floor":29},{"not_picked":["Hemokinesis+1","Heavy Blade+1"],"picked":"Iron Wave+1","floor":30},{"not_picked":["Wild Strike+1","Headbutt+1"],"picked":"Perfected Strike+1","floor":31},{"not_picked":["Dark Embrace","Berserk"],"picked":"Bludgeon+1","floor":33},{"not_picked":["Sword Boomerang+1"],"picked":"SKIP","floor":35},{"not_picked":["Headbutt+1"],"picked":"SKIP","floor":36},{"not_picked":[],"picked":"Iron Wave+1","floor":39},{"not_picked":["Heavy Blade+1"],"picked":"SKIP","floor":40},{"not_picked":["Intimidate"],"picked":"SKIP","floor":42},{"not_picked":["Sever Soul+1"],"picked":"SKIP","floor":44},{"not_picked":["Sever Soul+1"],"picked":"SKIP","floor":46},{"not_picked":[],"picked":"Iron Wave+1","floor":48},{"not_picked":["Flex"],"picked":"SKIP","floor":54}],"player_experience":5577177,"relics_obtained":[{"floor":6,"key":"Bag of Preparation"},{"floor":8,"key":"Bag of Marbles"},{"floor":9,"key":"Blood Vial"},{"floor":11,"key":"Molten Egg 2"},{"floor":23,"key":"Mercury Hourglass"},{"floor":25,"key":"Tiny Chest"},{"floor":26,"key":"Happy Flower"},{"floor":29,"key":"Calipers"},{"floor":40,"key":"Boot"},{"floor":46,"key":"Ornamental Fan"},{"floor":48,"key":"Art of War"},{"floor":54,"key":"Red Skull"}],"event_choices":[{"damage_healed":0,"gold_gain":65,"player_choice":"Gained Gold","damage_taken":0,"max_hp_gain":0,"max_hp_loss":0,"event_name":"Golden Wing","floor":2,"gold_loss":0},{"damage_healed":0,"gold_gain":0,"player_choice":"Donut","damage_taken":0,"max_hp_gain":5,"max_hp_loss":0,"event_name":"Big Fish","floor":3,"gold_loss":0},{"damage_healed":0,"gold_gain":0,"player_choice":"Ignored","damage_taken":0,"max_hp_gain":0,"max_hp_loss":0,"event_name":"Liars Game","floor":7,"gold_loss":0},{"cards_removed":["Limit Break"],"damage_healed":0,"gold_gain":0,"player_choice":"Purged","damage_taken":0,"max_hp_gain":0,"max_hp_loss":0,"event_name":"Purifier","floor":14,"gold_loss":0},{"damage_healed":0,"gold_gain":0,"player_choice":"Obtained Relic","damage_taken":0,"relics_obtained":["Gremlin Horn"],"max_hp_gain":0,"max_hp_loss":0,"event_name":"Addict","floor":20,"gold_loss":85},{"damage_healed":0,"gold_gain":0,"cards_transformed":["Sword Boomerang","Clash"],"player_choice":"Became Test Subject","damage_taken":0,"max_hp_gain":0,"max_hp_loss":0,"event_name":"Drug Dealer","floor":21,"gold_loss":0,"cards_obtained":["Warcry","Cleave"]},{"cards_removed":["Warcry"],"damage_healed":0,"gold_gain":0,"player_choice":"Gave Gold","damage_taken":0,"max_hp_gain":0,"max_hp_loss":0,"event_name":"Beggar","floor":22,"gold_loss":75},{"damage_healed":0,"gold_gain":0,"player_choice":"Gave Potion","damage_taken":0,"relics_obtained":["Shuriken"],"max_hp_gain":0,"max_hp_loss":0,"event_name":"WeMeetAgain","floor":38,"gold_loss":0},{"damage_healed":0,"gold_gain":0,"player_choice":"Ignored","damage_taken":0,"max_hp_gain":0,"max_hp_loss":0,"event_name":"Tomb of Lord Red Mask","floor":47,"gold_loss":0}],"is_beta":true,"boss_relics":[{"not_picked":["Runic Cube","Velvet Choker"],"picked":"Cursed Key"},{"not_picked":["White Beast Statue","Eternal Feather"],"picked":"Busted Crown"}],"items_purged_floors":[],"is_endless":false,"potions_floor_spawned":[6,8,10,11,16,18,23,29,33,36,39,48],"killed_by":"The Heart","ascension_level":1}