{"path_per_floor":["M","M","?","?","?","E","$","?","T","M","R","M","$","M","R","B",null,"M","M","?"],"character_chosen":"DEFECT","items_purchased":["Capacitor","War Paint","Beam Cell"],"gold_per_floor":[119,138,313,313,313,344,99,99,99,118,118,141,18,41,41,167,167,107,107,107,107],"floor_reached":21,"campfire_rested":2,"playtime":886,"current_hp_per_floor":[74,71,71,56,53,19,19,19,19,19,41,41,41,41,63,19,75,56,36,36,0],"items_purged":["Doubt","Injury"],"gold":107,"score":179,"play_id":"518b145d-60ff-4cfc-963b-b68655bf0c64","local_time":"20180512202104","is_prod":false,"is_daily":false,"chose_seed":false,"is_ascension_mode":false,"campfire_upgraded":0,"timestamp":1526167264,"path_taken":["M","M","?","?","?","E","?","?","T","?","R","M","$","M","R","BOSS","M","M","?","M"],"build_version":"2018-05-12v2","seed_source_timestamp":64393873417898,"purchased_purges":2,"victory":false,"master_deck":["Strike_B+1","Strike_B","Strike_B","Strike_B","Defend_B+1","Defend_B+1","Defend_B","Defend_B","Zap+1","Dualcast","Beam Cell","Aggregate","Go for the Eyes","Capacitor","Ball Lightning","Capacitor","Beam Cell","Impulse","Amplify","Doom and Gloom+1","Barrage","Decay"],"max_hp_per_floor":[75,75,75,75,75,75,75,75,75,75,75,75,75,75,75,75,75,75,75,75,75],"relics":["Cracked Core","Bag of Marbles","Pantograph","War Paint","Golden Idol","Oddly Smooth Stone","Ectoplasm"],"card_choices":[{"not_picked":["Capacitor","Coolheaded"],"picked":"Beam Cell","floor":1},{"not_picked":["Leap","BootSequence"],"picked":"Aggregate","floor":2},{"not_picked":["Reinforced Body","Skim"],"picked":"Go for the Eyes","floor":6},{"not_picked":["Barrage","Reprogram"],"picked":"Ball Lightning","floor":10},{"not_picked":["Redo","Go for the Eyes"],"picked":"Capacitor","floor":12},{"not_picked":["Sweeping Beam","Hologram"],"picked":"Impulse","floor":14},{"not_picked":["Biased Cognition","Echo Form"],"picked":"Amplify","floor":16},{"not_picked":["Steam+1","Steam Power"],"picked":"Doom and Gloom+1","floor":18},{"not_picked":["Reprogram","Stack"],"picked":"Barrage","floor":19}],"player_experience":10156,"potions_floor_usage":[16,19],"damage_taken":[{"damage":1,"enemies":"2 Louse","floor":1,"turns":3},{"damage":3,"enemies":"Jaw Worm","floor":2,"turns":3},{"damage":34,"enemies":"Gremlin Nob","floor":6,"turns":4},{"damage":0,"enemies":"Cultist","floor":10,"turns":3},{"damage":0,"enemies":"2 Fungi Beasts","floor":12,"turns":3},{"damage":0,"enemies":"Blue Slaver","floor":14,"turns":3},{"damage":56,"enemies":"The Guardian","floor":16,"turns":9},{"damage":19,"enemies":"2 Thieves","floor":18,"turns":4},{"damage":20,"enemies":"Spheric Guardian","floor":19,"turns":4},{"damage":53,"enemies":"Chosen and Byrds","floor":21,"turns":6}],"event_choices":[{"event_name":"Liars Game","player_choice":"agreed","floor":3,"damage_taken":0},{"event_name":"Shining Light","player_choice":"Entered Light","floor":4,"damage_taken":0},{"event_name":"Scrap Ooze","player_choice":"success","floor":5,"damage_taken":3},{"event_name":"Golden Idol","player_choice":"Take Wound","floor":8,"damage_taken":0},{"event_name":"Wheel of Change","player_choice":"Curse","floor":20,"damage_taken":0}],"boss_relics":[{"not_picked":["Snecko Eye","Eternal Feather"],"picked":"Ectoplasm"}],"potions_floor_spawned":[2,12,16,18],"seed_played":"-8585290737502237247","killed_by":"Chosen and Byrds","ascension_level":0,"is_trial":false}