{"gold_per_floor":[19,94,64,74,92,92,123,123,168,201,216,242,242,16,16,92,92,106,120,35,35,35,35],"floor_reached":23,"playtime":1326,"items_purged":[],"score":414,"play_id":"e3439b62-3f65-4ea1-89f1-923b91dc0a1c","local_time":"20190428220258","is_ascension_mode":true,"campfire_choices":[{"data":"Bash","floor":6,"key":"SMITH"},{"data":"Shrug It Off","floor":8,"key":"SMITH"},{"data":"Combust","floor":13,"key":"SMITH"},{"floor":15,"key":"REST"}],"neow_cost":"NO_GOLD","seed_source_timestamp":38690975026030,"circlet_count":0,"master_deck":["AscendersBane","Strike_R","Strike_R","Strike_R+1","Strike_R+1","Strike_R","Defend_R","Defend_R","Defend_R","Defend_R","Bash+1","Shrug It Off+1","Anger","Sword Boomerang","Sword Boomerang","Combust+1","Rupture","Reaper","Flame Barrier","Inflame+1"],"relics":["Burning Blood","Red Skull","Whetstone","Ancient Tea Set","Turnip","OrangePellets","Busted Crown","Dream Catcher"],"potions_floor_usage":[4,7,10,12,23],"damage_taken":[{"damage":9,"enemies":"Small Slimes","floor":1,"turns":4},{"damage":7,"enemies":"Jaw Worm","floor":4,"turns":5},{"damage":0,"enemies":"Cultist","floor":5,"turns":4},{"damage":32,"enemies":"Gremlin Nob","floor":7,"turns":4},{"damage":16,"enemies":"3 Sentries","floor":10,"turns":6},{"damage":0,"enemies":"2 Fungi Beasts","floor":11,"turns":2},{"damage":19,"enemies":"Lagavulin","floor":12,"turns":5},{"damage":37,"enemies":"Slime Boss","floor":16,"turns":6},{"damage":25,"enemies":"Spheric Guardian","floor":18,"turns":4},{"damage":11,"enemies":"Chosen","floor":19,"turns":4},{"damage":49,"enemies":"Book of Stabbing","floor":23,"turns":4}],"seed_played":"-8135427078211420976","potions_obtained":[{"floor":1,"key":"Block Potion"},{"floor":3,"key":"PowerPotion"},{"floor":4,"key":"AttackPotion"},{"floor":11,"key":"Poison Potion"},{"floor":19,"key":"Block Potion"}],"is_trial":false,"path_per_floor":["M","?","?","M","M","R","E","R","T","E","M","E","R","$","R","B",null,"M","M","?","?","?","E"],"character_chosen":"IRONCLAD","items_purchased":["OrangePellets"],"campfire_rested":1,"item_purchase_floors":[14],"current_hp_per_floor":[79,68,68,67,73,73,47,47,47,37,43,30,30,30,56,25,73,54,49,49,49,49,0],"gold":35,"neow_bonus":"TWENTY_PERCENT_HP_BONUS","is_prod":false,"is_daily":false,"chose_seed":false,"campfire_upgraded":3,"win_rate":0,"timestamp":1556485378,"path_taken":["M","?","?","M","M","R","E","R","T","E","?","E","R","$","R","BOSS","M","M","?","?","?","E"],"build_version":"2019-04-23","purchased_purges":0,"victory":false,"max_hp_per_floor":[89,89,89,89,89,89,89,89,89,89,89,89,89,89,89,89,89,89,89,89,89,89,89],"card_choices":[{"not_picked":["Entrench","Burning Pact"],"picked":"Shrug It Off","floor":1},{"not_picked":["Perfected Strike","Burning Pact"],"picked":"Anger","floor":4},{"not_picked":["Iron Wave","Pummel"],"picked":"Sword Boomerang","floor":5},{"not_picked":["Fire Breathing","Second Wind"],"picked":"Sword Boomerang","floor":7},{"not_picked":["Thunderclap","Headbutt"],"picked":"Combust","floor":10},{"not_picked":["Warcry","Exhume","Flex"],"picked":"SKIP","floor":11},{"not_picked":["Warcry","Iron Wave"],"picked":"Rupture","floor":12},{"not_picked":["Juggernaut","Barricade"],"picked":"Reaper","floor":16},{"not_picked":[],"picked":"Flame Barrier","floor":18},{"not_picked":["Combust"],"picked":"SKIP","floor":19}],"player_experience":1252911,"relics_obtained":[{"floor":7,"key":"Red Skull"},{"floor":9,"key":"Whetstone"},{"floor":10,"key":"Ancient Tea Set"},{"floor":12,"key":"Turnip"}],"event_choices":[{"damage_healed":0,"gold_gain":75,"player_choice":"Gather Gold","damage_taken":11,"max_hp_gain":0,"max_hp_loss":0,"event_name":"World of Goop","floor":2,"gold_loss":0},{"damage_healed":0,"gold_gain":0,"player_choice":"Bought 2 Potions","damage_taken":0,"max_hp_gain":0,"max_hp_loss":0,"event_name":"The Woman in Blue","floor":3,"gold_loss":0},{"damage_healed":0,"gold_gain":0,"player_choice":"Obtained Relic","damage_taken":0,"relics_obtained":["Dream Catcher"],"max_hp_gain":0,"max_hp_loss":0,"event_name":"Addict","floor":20,"gold_loss":85},{"damage_healed":0,"gold_gain":0,"player_choice":"Read","damage_taken":0,"max_hp_gain":0,"max_hp_loss":0,"event_name":"The Library","floor":21,"gold_loss":0,"cards_obtained":["Inflame"]},{"damage_healed":0,"gold_gain":0,"player_choice":"Upgraded","damage_taken":0,"max_hp_gain":0,"max_hp_loss":0,"event_name":"Upgrade Shrine","floor":22,"gold_loss":0,"cards_upgraded":["Inflame"]}],"is_beta":true,"boss_relics":[{"not_picked":["Black Star","Orrery"],"picked":"Busted Crown"}],"items_purged_floors":[],"is_endless":false,"potions_floor_spawned":[1,4,11,19],"killed_by":"Book of Stabbing","ascension_level":20}