{"gold_per_floor":[114,264,52,52,52,84,7,39,39,52,52,352,352,384,384,457,457,477,477,45,45,45,45],"floor_reached":23,"playtime":458,"items_purged":["Doubt"],"score":477,"play_id":"357a301f-244e-4c27-a86f-1bb7abd61312","local_time":"20190504205150","is_ascension_mode":true,"campfire_choices":[{"data":"Bash","floor":11,"key":"SMITH"},{"data":"Battle Trance","floor":13,"key":"SMITH"},{"data":"Feel No Pain","floor":15,"key":"SMITH"}],"neow_cost":"NONE","seed_source_timestamp":45521300455800,"circlet_count":0,"master_deck":["AscendersBane","Strike_R+1","Defend_R+1","Defend_R+1","Defend_R+1","Defend_R+1","Bash+1","Thunderclap","Uppercut+1","Shrug It Off","Battle Trance+1","Headbutt","Headbutt","Feel No Pain+1","Immolate","Perfected Strike+1","Iron Wave+1","Perfected Strike+1","True Grit"],"relics":["Burning Blood","NeowsBlessing","Strawberry","Sundial","Art of War","Old Coin","StoneCalendar","Astrolabe","ClockworkSouvenir","Juzu Bracelet"],"potions_floor_usage":[14,23],"damage_taken":[{"damage":0,"enemies":"Small Slimes","floor":1,"turns":1},{"damage":0,"enemies":"Lagavulin","floor":6,"turns":1},{"damage":0,"enemies":"3 Sentries","floor":8,"turns":1},{"damage":0,"enemies":"2 Louse","floor":10,"turns":3},{"damage":24,"enemies":"Gremlin Nob","floor":14,"turns":4},{"damage":62,"enemies":"Slime Boss","floor":16,"turns":7},{"damage":11,"enemies":"Chosen","floor":18,"turns":5},{"damage":54,"enemies":"Slavers","floor":23,"turns":3}],"seed_played":"-4633300457093211286","potions_obtained":[{"floor":10,"key":"Ancient Potion"},{"floor":14,"key":"Ancient Potion"}],"is_trial":false,"path_per_floor":["M","?","$","?","?","E","$","E","T","M","R","T","R","E","R","B",null,"M","?","$","?","?","E"],"character_chosen":"IRONCLAD","items_purchased":["Uppercut","Shrug It Off","Battle Trance","ClockworkSouvenir","Juzu Bracelet","PowerPotion"],"campfire_rested":0,"item_purchase_floors":[3,3,7,20,20,20],"current_hp_per_floor":[74,74,74,74,74,82,82,82,82,82,82,82,82,64,64,8,64,59,51,51,51,51,0],"gold":45,"neow_bonus":"THREE_ENEMY_KILL","is_prod":false,"is_daily":false,"chose_seed":false,"campfire_upgraded":3,"win_rate":0,"timestamp":1556995910,"path_taken":["M","?","$","?","?","E","?","E","T","?","R","?","R","E","R","BOSS","M","?","?","?","?","E"],"build_version":"2019-01-23","purchased_purges":1,"victory":false,"max_hp_per_floor":[75,75,75,75,75,82,82,82,82,82,82,82,82,82,82,82,82,82,82,82,82,82,82],"card_choices":[{"not_picked":["Sword Boomerang","Heavy Blade"],"picked":"Thunderclap","floor":1},{"not_picked":["Havoc","Searing Blow","Twin Strike"],"picked":"SKIP","floor":6},{"not_picked":["Battle Trance","Barricade"],"picked":"Headbutt","floor":8},{"not_picked":["Heavy Blade","Sword Boomerang"],"picked":"Headbutt","floor":10},{"not_picked":["Warcry","Twin Strike"],"picked":"Feel No Pain","floor":14},{"not_picked":["Feed","Juggernaut"],"picked":"Immolate","floor":16},{"not_picked":["Iron Wave","Carnage"],"picked":"True Grit","floor":18}],"player_experience":659418,"relics_obtained":[{"floor":6,"key":"Strawberry"},{"floor":8,"key":"Sundial"},{"floor":9,"key":"Art of War"},{"floor":12,"key":"Old Coin"},{"floor":14,"key":"StoneCalendar"}],"event_choices":[{"damage_healed":0,"gold_gain":150,"player_choice":"AGREE","damage_taken":0,"max_hp_gain":0,"max_hp_loss":0,"event_name":"Liars Game","floor":2,"gold_loss":0,"cards_obtained":["Doubt"]},{"damage_healed":0,"gold_gain":0,"player_choice":"Grow","damage_taken":0,"max_hp_gain":0,"max_hp_loss":0,"event_name":"Living Wall","floor":4,"gold_loss":0,"cards_upgraded":["Uppercut"]},{"damage_healed":0,"gold_gain":0,"player_choice":"Leave","damage_taken":0,"max_hp_gain":0,"max_hp_loss":0,"event_name":"The Cleric","floor":5,"gold_loss":0},{"damage_healed":0,"gold_gain":0,"player_choice":"","damage_taken":8,"max_hp_gain":0,"max_hp_loss":0,"event_name":"Knowing Skull","floor":19,"potions_obtained":[],"gold_loss":0,"cards_obtained":[]},{"damage_healed":0,"gold_gain":0,"player_choice":"Simplicity","damage_taken":0,"max_hp_gain":0,"max_hp_loss":0,"event_name":"Back to Basics","floor":21,"gold_loss":0,"cards_upgraded":["Strike_R","Strike_R","Defend_R","Defend_R","Defend_R","Defend_R"]},{"cards_removed":["Strike_R"],"damage_healed":0,"gold_gain":0,"player_choice":"Purged","damage_taken":0,"max_hp_gain":0,"max_hp_loss":0,"event_name":"Purifier","floor":22,"gold_loss":0}],"is_beta":false,"boss_relics":[{"not_picked":["Calling Bell","Coffee Dripper"],"picked":"Astrolabe"}],"items_purged_floors":[3],"is_endless":false,"potions_floor_spawned":[10,14],"killed_by":"Slavers","ascension_level":18}