{"gold_per_floor":[118,3,19,94,94,94,119,119,172,172,186,56,73,73,73,145,145,158,208,218,41,52,75,75,75,75,75,75,75,75,75,75,150,150,165,165,40,85,95,95,121,121,121,121,147,147,72,72,72,72,72,72,72,15,47,47],"floor_reached":57,"playtime":1439,"items_purged":["Strike_R","Searing Blow","Cleave"],"score":2821,"play_id":"734d93ae-788a-4605-953e-e2a63123fa4c","local_time":"20190515163934","is_ascension_mode":true,"campfire_choices":[{"data":"Body Slam","floor":6.0,"key":"SMITH"},{"data":"Limit Break","floor":8.0,"key":"SMITH"},{"data":"Battle Trance","floor":10.0,"key":"SMITH"},{"data":"Flex","floor":15.0,"key":"SMITH"},{"data":"True Grit","floor":24.0,"key":"SMITH"},{"data":"Feel No Pain","floor":29.0,"key":"SMITH"},{"data":"Burning Pact","floor":32.0,"key":"SMITH"},{"data":"Offering","floor":40.0,"key":"SMITH"},{"data":"Sword Boomerang","floor":42.0,"key":"SMITH"},{"data":"1","floor":46.0,"key":"LIFT"},{"floor":49.0,"key":"RECALL"},{"data":"Dark Embrace","floor":53.0,"key":"SMITH"}],"neow_cost":"NONE","seed_source_timestamp":435998937754194,"circlet_count":0,"master_deck":["AscendersBane","Shrug It Off","Evolve","Battle Trance+1","Body Slam+1","Limit Break+1","True Grit+1","Sword Boomerang+1","Flex+1","Offering+1","Intimidate","Feel No Pain+1","Havoc","Burning Pact+1","Second Wind","Inflame","Ghostly","Ghostly","Ghostly","Reaper","Brutality","Dark Embrace+1","Shockwave"],"special_seed":0,"relics":["Burning Blood","NeowsBlessing","Ancient Tea Set","Self Forming Clay","Bag of Marbles","Pandora\u0027s Box","Oddly Smooth Stone","Potion Belt","Coffee Dripper","Red Skull","Girya","Omamori","Ginger","Juzu Bracelet","Paper Frog"],"potions_floor_usage":[56,56,56],"damage_taken":[{"damage":0.0,"enemies":"Small Slimes","floor":1.0,"turns":1.0},{"damage":0.0,"enemies":"Jaw Worm","floor":3.0,"turns":1.0},{"damage":0.0,"enemies":"Lagavulin","floor":7.0,"turns":1.0},{"damage":1.0,"enemies":"Cultist","floor":11.0,"turns":3.0},{"damage":13.0,"enemies":"Blue Slaver","floor":13.0,"turns":4.0},{"damage":49.0,"enemies":"Hexaghost","floor":16.0,"turns":6.0},{"damage":15.0,"enemies":"Chosen","floor":18.0,"turns":3.0},{"damage":24.0,"enemies":"Shell Parasite","floor":20.0,"turns":4.0},{"damage":17.0,"enemies":"Centurion and Healer","floor":22.0,"turns":4.0},{"damage":2.0,"enemies":"Champ","floor":33.0,"turns":6.0},{"damage":15.0,"enemies":"Orb Walker","floor":35.0,"turns":5.0},{"damage":6.0,"enemies":"2 Orb Walkers","floor":38.0,"turns":4.0},{"damage":1.0,"enemies":"3 Shapes","floor":39.0,"turns":4.0},{"damage":8.0,"enemies":"Giant Head","floor":41.0,"turns":5.0},{"damage":8.0,"enemies":"Reptomancer","floor":45.0,"turns":4.0},{"damage":5.0,"enemies":"Awakened One","floor":50.0,"turns":5.0},{"damage":6.0,"enemies":"Time Eater","floor":51.0,"turns":5.0},{"damage":4.0,"enemies":"Shield and Spear","floor":55.0,"turns":4.0},{"damage":63,"enemies":"The Heart","floor":56,"turns":7}],"seed_played":"-3776674865016177862","potions_obtained":[{"floor":3.0,"key":"FearPotion"},{"floor":7.0,"key":"LiquidBronze"},{"floor":22.0,"key":"Ancient Potion"},{"floor":33.0,"key":"Swift Potion"},{"floor":35.0,"key":"GamblersBrew"},{"floor":38.0,"key":"BloodPotion"},{"floor":55.0,"key":"SteroidPotion"}],"is_trial":false,"path_per_floor":["M","$","M","?","T","R","E","R","T","R","M","$","M","?","R","B",null,"M","?","M","$","M","T","R","?","T","?","?","R","$","?","R","B",null,"M","?","$","?","M","R","E","R","T","T","E","R","?","$","R","B","B",null,"R","$","E","B",null],"character_chosen":"IRONCLAD","items_purchased":["Evolve","Battle Trance","Sword Boomerang","Inflame","SteroidPotion"],"campfire_rested":0,"item_purchase_floors":[2,2,12,21,54],"current_hp_per_floor":[74,74,75,64,64,64,70,70,70,70,75,75,68,73,73,30,68,59,59,41,41,30,30,30,30,30,30,30,30,30,30,30,34,39,38,38,38,40,40,40,38,38,38,38,40,40,40,40,40,40,40,40,40,40,40,19],"gold":47,"neow_bonus":"THREE_ENEMY_KILL","is_prod":false,"is_daily":false,"chose_seed":false,"campfire_upgraded":10,"win_rate":0,"timestamp":1557909574,"path_taken":["M","$","M","?","?","R","E","R","T","R","M","$","?","?","R","BOSS","M","?","M","$","M","?","R","?","T","?","?","R","$","?","R","BOSS","M","?","?","?","M","R","E","R","T","?","E","R","?","$","R","BOSS","BOSS","R","$","E","BOSS"],"build_version":"2019-01-23","purchased_purges":3,"victory":true,"max_hp_per_floor":[75,75,75,75,75,75,75,75,75,75,75,75,75,80,80,80,80,80,80,80,80,80,80,80,80,80,40,40,40,40,40,40,40,40,40,40,40,40,40,40,40,40,40,40,40,40,40,40,40,40,40,40,40,40,40,40],"card_choices":[{"not_picked":["Heavy Blade","Anger"],"picked":"Shrug It Off","floor":1.0},{"not_picked":["True Grit","Pommel Strike"],"picked":"Body Slam","floor":3.0},{"not_picked":["Shrug It Off","Sentinel"],"picked":"Limit Break","floor":7.0},{"not_picked":["Corruption","Metallicize"],"picked":"True Grit","floor":11.0},{"not_picked":["Thunderclap","True Grit"],"picked":"Flex","floor":13.0},{"not_picked":["Immolate","Dark Embrace"],"picked":"Offering","floor":16.0},{"not_picked":["Flex","Warcry"],"picked":"Burning Pact","floor":18.0},{"not_picked":["Pommel Strike","Dropkick+1"],"picked":"Second Wind","floor":20.0},{"not_picked":["Metallicize","Clothesline","Warcry"],"picked":"SKIP","floor":22.0},{"not_picked":["Immolate","Fiend Fire"],"picked":"Reaper","floor":33.0},{"not_picked":["Havoc","Flex","Shrug It Off"],"picked":"SKIP","floor":35.0},{"not_picked":["Warcry","Rupture+1","Clothesline+1"],"picked":"SKIP","floor":39.0},{"not_picked":["Twin Strike+1","Rage+1","Blood for Blood"],"picked":"SKIP","floor":41.0},{"not_picked":["Headbutt+1","Rage","Second Wind"],"picked":"SKIP","floor":45.0},{"not_picked":["Hemokinesis","Flex"],"picked":"Shockwave","floor":55.0}],"player_experience":1693473,"relics_obtained":[{"floor":5.0,"key":"Ancient Tea Set"},{"floor":7.0,"key":"Self Forming Clay"},{"floor":9.0,"key":"Bag of Marbles"},{"floor":23.0,"key":"Oddly Smooth Stone"},{"floor":26.0,"key":"Potion Belt"},{"floor":38.0,"key":"Girya"},{"floor":41.0,"key":"Omamori"},{"floor":44.0,"key":"Ginger"},{"floor":45.0,"key":"Juzu Bracelet"},{"floor":55.0,"key":"Paper Frog"}],"event_choices":[{"damage_healed":0.0,"max_hp_gain":0.0,"max_hp_loss":0.0,"gold_gain":75.0,"event_name":"World of Goop","player_choice":"Gather Gold","floor":4.0,"gold_loss":0.0,"damage_taken":11.0},{"damage_healed":0.0,"max_hp_gain":5.0,"max_hp_loss":0.0,"gold_gain":0.0,"event_name":"Big Fish","player_choice":"Donut","floor":14.0,"gold_loss":0.0,"damage_taken":0.0},{"damage_healed":0.0,"max_hp_gain":0.0,"max_hp_loss":0.0,"gold_gain":50.0,"event_name":"Nest","player_choice":"Stole From Cult","floor":19.0,"gold_loss":0.0,"damage_taken":0.0},{"damage_healed":0.0,"max_hp_gain":0.0,"max_hp_loss":0.0,"gold_gain":0.0,"event_name":"Vampires","player_choice":"Ignored","floor":25.0,"gold_loss":0.0,"damage_taken":0.0},{"damage_healed":0.0,"max_hp_gain":0.0,"max_hp_loss":40.0,"gold_gain":0.0,"event_name":"Ghosts","player_choice":"Became a Ghost","floor":27.0,"gold_loss":0.0,"damage_taken":0.0,"cards_obtained":["Ghostly","Ghostly","Ghostly"]},{"damage_healed":0.0,"max_hp_gain":0.0,"max_hp_loss":0.0,"gold_gain":0.0,"event_name":"Cursed Tome","player_choice":"Ignored","floor":28.0,"gold_loss":0.0,"damage_taken":0.0},{"cards_removed":["Bludgeon"],"damage_healed":0.0,"max_hp_gain":0.0,"max_hp_loss":0.0,"gold_gain":0.0,"event_name":"Back to Basics","player_choice":"Elegance","floor":31.0,"gold_loss":0.0,"damage_taken":0.0},{"cards_removed":["Infernal Blade"],"damage_healed":0.0,"max_hp_gain":0.0,"max_hp_loss":0.0,"gold_gain":0.0,"event_name":"WeMeetAgain","player_choice":"Gave Card","floor":36.0,"gold_loss":0.0,"damage_taken":0.0,"relics_obtained":["Red Skull"]},{"damage_healed":0.0,"max_hp_gain":0.0,"max_hp_loss":0.0,"gold_gain":0.0,"event_name":"Mysterious Sphere","player_choice":"Fight","floor":38.0,"gold_loss":0.0,"damage_taken":0.0},{"damage_healed":0.0,"max_hp_gain":0.0,"max_hp_loss":0.0,"gold_gain":0.0,"cards_transformed":["Bash","Pummel"],"event_name":"Designer","player_choice":"Transformed Cards","floor":47.0,"gold_loss":75.0,"damage_taken":0.0,"cards_obtained":["Brutality","Dark Embrace"]}],"is_beta":false,"boss_relics":[{"not_picked":["Calling Bell","Busted Crown"],"picked":"Pandora\u0027s Box"},{"not_picked":["Cursed Key","Orrery"],"picked":"Coffee Dripper"}],"items_purged_floors":[12,21,37],"is_endless":false,"potions_floor_spawned":[3,7,22,33,35,38,55],"ascension_level":20}