{"gold_per_floor":[118,133,133,54,74,74,101,101,149,164,193,203,232,243,243,322,322,296,296,296,309,326,326],"floor_reached":23,"playtime":946,"items_purged":[],"score":405,"play_id":"338a5d49-8c0c-4d09-9209-8124f9d6c4eb","local_time":"20190328212113","is_ascension_mode":true,"campfire_choices":[{"data":"Zap","floor":6,"key":"SMITH"},{"floor":8,"key":"REST"},{"data":"Consume","floor":15,"key":"SMITH"}],"neow_cost":"NONE","seed_source_timestamp":1256770992519200,"circlet_count":0,"master_deck":["AscendersBane","Strike_B","Strike_B+1","Defend_B","Defend_B","Defend_B","Defend_B","Zap+1","Dualcast","Sweeping Beam","Go for the Eyes+1","Melter","Steam","Coolheaded","Consume+1","Compile Driver","Coolheaded","Glacier","BootSequence","Echo Form+1","Steam","Cold Snap","Conserve Battery"],"relics":["Cracked Core","Regal Pillow","DataDisk","Whetstone","Bag of Marbles","Runic Pyramid"],"potions_floor_usage":[7,11,13,16,19],"damage_taken":[{"damage":4,"enemies":"Jaw Worm","floor":1,"turns":4},{"damage":1,"enemies":"Cultist","floor":2,"turns":3},{"damage":0,"enemies":"2 Louse","floor":5,"turns":2},{"damage":53,"enemies":"Gremlin Nob","floor":7,"turns":5},{"damage":5,"enemies":"Gremlin Gang","floor":10,"turns":4},{"damage":5,"enemies":"Lagavulin","floor":11,"turns":6},{"damage":0,"enemies":"Looter","floor":12,"turns":3},{"damage":24,"enemies":"Gremlin Nob","floor":13,"turns":4},{"damage":0,"enemies":"Exordium Wildlife","floor":14,"turns":2},{"damage":9,"enemies":"Hexaghost","floor":16,"turns":9},{"damage":12,"enemies":"2 Thieves","floor":18,"turns":4},{"damage":30,"enemies":"Colosseum Slavers","floor":19,"turns":5},{"damage":0,"enemies":"Spheric Guardian","floor":21,"turns":5},{"damage":1,"enemies":"Centurion and Healer","floor":22,"turns":13},{"damage":22,"enemies":"Slavers","floor":23,"turns":2}],"seed_played":"5596571424332203127","potions_obtained":[{"floor":1,"key":"Regen Potion"},{"floor":2,"key":"Strength Potion"},{"floor":10,"key":"Block Potion"},{"floor":12,"key":"LiquidBronze"},{"floor":18,"key":"Ancient Potion"}],"is_trial":false,"path_per_floor":["M","M","?","$","M","R","E","R","T","M","E","M","E","M","R","B",null,"M","?","?","M","M","E"],"character_chosen":"DEFECT","items_purchased":["Melter"],"campfire_rested":1,"item_purchase_floors":[4],"current_hp_per_floor":[60,59,59,59,59,59,20,56,56,51,46,46,22,22,22,13,57,45,15,15,15,14,0],"gold":326,"neow_bonus":"REMOVE_CARD","is_prod":false,"is_daily":false,"chose_seed":false,"campfire_upgraded":2,"win_rate":0,"timestamp":1553804473,"path_taken":["M","M","?","?","M","R","E","R","T","M","E","M","E","M","R","BOSS","M","?","?","M","?","E"],"build_version":"2019-01-23","purchased_purges":0,"victory":false,"max_hp_per_floor":[71,71,71,71,71,71,71,71,71,71,71,71,71,71,71,71,71,71,71,71,71,71,71],"card_choices":[{"not_picked":["Recycle","Redo"],"picked":"Sweeping Beam","floor":1},{"not_picked":["Beam Cell","Skim"],"picked":"Go for the Eyes","floor":2},{"not_picked":["Fusion","White Noise"],"picked":"Steam","floor":5},{"not_picked":["Hologram","FTL"],"picked":"Coolheaded","floor":7},{"not_picked":["Leap","Compile Driver"],"picked":"Consume","floor":10},{"not_picked":["Rainbow","Rip and Tear"],"picked":"Compile Driver","floor":11},{"not_picked":["Compile Driver","Beam Cell"],"picked":"Coolheaded","floor":12},{"not_picked":["Seek","Redo"],"picked":"Glacier","floor":13},{"not_picked":["Redo","Hologram"],"picked":"BootSequence","floor":14},{"not_picked":["Fission","Creative AI"],"picked":"Echo Form","floor":16},{"not_picked":["Hologram","Stack"],"picked":"Steam","floor":18},{"not_picked":["Rebound","Ball Lightning"],"picked":"Cold Snap","floor":21},{"not_picked":["Hyperbeam","Static Discharge+1"],"picked":"Conserve Battery","floor":22}],"player_experience":568855,"relics_obtained":[{"floor":7,"key":"Regal Pillow"},{"floor":9,"key":"DataDisk"},{"floor":11,"key":"Whetstone"},{"floor":13,"key":"Bag of Marbles"}],"event_choices":[{"cards_removed":["Strike_B"],"damage_healed":0,"gold_gain":0,"player_choice":"Offered Basic","damage_taken":0,"max_hp_gain":0,"max_hp_loss":0,"event_name":"Bonfire Elementals","floor":3,"gold_loss":0},{"damage_healed":0,"gold_gain":0,"player_choice":"Fight","damage_taken":0,"max_hp_gain":0,"max_hp_loss":0,"event_name":"Colosseum","floor":19,"gold_loss":0},{"damage_healed":0,"gold_gain":0,"player_choice":"Fled From Nobs","damage_taken":0,"max_hp_gain":0,"max_hp_loss":0,"event_name":"Colosseum","floor":19,"gold_loss":0},{"damage_healed":0,"gold_gain":0,"player_choice":"Upgraded","damage_taken":0,"max_hp_gain":0,"max_hp_loss":0,"event_name":"Upgrade Shrine","floor":20,"gold_loss":0,"cards_upgraded":["Echo Form"]}],"is_beta":false,"boss_relics":[{"not_picked":["Busted Crown","Fusion Hammer"],"picked":"Runic Pyramid"}],"items_purged_floors":[],"is_endless":false,"potions_floor_spawned":[1,2,10,12,18],"killed_by":"Slavers","ascension_level":18}