{"gold_per_floor":[118,118,118,136,211,211,222,257,283,79,79,95,128,148,148,250,250,265,190,206,221,221,221,248,44,44,56,131,153,165,187,199,306,318,344,356,414,436,163,163,175,175,221,251,146,34,61,75,75,75,75,75,40,75,75],"floor_reached":56,"playtime":2738,"items_purged":["Strike_R","Strike_R"],"score":1228,"play_id":"508f07ee-dc4c-457f-8aa1-a5c52566087c","local_time":"20190117223915","is_ascension_mode":false,"campfire_choices":[{"data":"Combust","floor":6,"key":"SMITH"},{"data":"True Grit","floor":11,"key":"SMITH"},{"data":"Inflame","floor":15,"key":"SMITH"},{"data":"Demon Form","floor":23,"key":"SMITH"},{"data":"Pommel Strike","floor":27,"key":"SMITH"},{"data":"Bash","floor":30,"key":"SMITH"},{"floor":32,"key":"RECALL"},{"data":"Barricade","floor":40,"key":"SMITH"},{"data":"Seeing Red","floor":49,"key":"SMITH"},{"data":"Sword Boomerang","floor":52,"key":"SMITH"}],"neow_cost":"NONE","seed_source_timestamp":338105918821303,"circlet_count":0,"master_deck":["Defend_R","Defend_R","Defend_R","Bash+1","Sword Boomerang+1","True Grit+1","Combust+1","Iron Wave","Immolate","Battle Trance+1","Inflame+1","Demon Form+1","Shrug It Off+1","Pommel Strike+1","Metallicize+1","Barricade+1","True Grit+1","Entrench","Flash of Steel","Shockwave+1","Reaper","Seeing Red+1","Disarm+1","Feel No Pain","Dual Wield+1"],"relics":["Burning Blood","Smiling Mask","Question Card","PreservedInsect","Mummified Hand","Sozu","Bag of Preparation","Oddly Smooth Stone","MawBank","Tiny Chest","Empty Cage","Pen Nib","Membership Card","Vajra","Bag of Marbles","War Paint","Lee\u0027s Waffle","Kunai","Strawberry"],"potions_floor_usage":[8,13,16,55],"damage_taken":[{"damage":6,"enemies":"Cultist","floor":1,"turns":4},{"damage":4,"enemies":"Jaw Worm","floor":4,"turns":6},{"damage":0,"enemies":"2 Louse","floor":7,"turns":3},{"damage":41,"enemies":"Lagavulin","floor":8,"turns":6},{"damage":4,"enemies":"Blue Slaver","floor":12,"turns":4},{"damage":3,"enemies":"Gremlin Nob","floor":13,"turns":3},{"damage":3,"enemies":"2 Fungi Beasts","floor":14,"turns":2},{"damage":29,"enemies":"The Guardian","floor":16,"turns":11},{"damage":12,"enemies":"2 Thieves","floor":18,"turns":3},{"damage":2,"enemies":"Chosen","floor":20,"turns":3},{"damage":7,"enemies":"Shelled Parasite and Fungi","floor":21,"turns":4},{"damage":15,"enemies":"Gremlin Leader","floor":24,"turns":3},{"damage":7,"enemies":"Slavers","floor":28,"turns":3},{"damage":2,"enemies":"3 Cultists","floor":29,"turns":3},{"damage":3,"enemies":"Snecko","floor":31,"turns":3},{"damage":59,"enemies":"Automaton","floor":33,"turns":7},{"damage":8,"enemies":"3 Darklings","floor":35,"turns":3},{"damage":4,"enemies":"3 Shapes","floor":38,"turns":4},{"damage":2,"enemies":"Jaw Worm Horde","floor":41,"turns":3},{"damage":48,"enemies":"Reptomancer","floor":44,"turns":5},{"damage":17,"enemies":"Nemesis","floor":47,"turns":5},{"damage":13,"enemies":"4 Shapes","floor":48,"turns":4},{"damage":9,"enemies":"Awakened One","floor":50,"turns":10},{"damage":20,"enemies":"Shield and Spear","floor":54,"turns":9},{"damage":39,"enemies":"The Heart","floor":55,"turns":9}],"seed_played":"-7178006623659417070","potions_obtained":[{"floor":7,"key":"Regen Potion"},{"floor":8,"key":"EssenceOfSteel"},{"floor":12,"key":"Poison Potion"},{"floor":14,"key":"SkillPotion"}],"is_trial":false,"path_per_floor":["M","?","?","M","?","R","M","E","T","$","R","M","E","M","R","B",null,"M","?","M","M","?","R","E","$","T","R","E","M","R","M","R","B",null,"M","?","T","M","$","R","M","?","T","E","$","$","E","M","R","B",null,"R","$","E","B",null],"character_chosen":"IRONCLAD","items_purchased":["PreservedInsect","Oddly Smooth Stone","Membership Card","Entrench","Vajra","Lee\u0027s Waffle","Reaper","Seeing Red","Feel No Pain"],"campfire_rested":0,"item_purchase_floors":[10,25,39,39,39,45,46,46,53],"current_hp_per_floor":[80,62,62,64,53,53,59,39,39,39,39,41,44,47,47,24,80,74,74,78,77,77,77,68,68,68,68,67,71,71,74,74,21,80,78,78,78,80,80,80,80,80,80,38,87,87,87,80,80,84,87,87,87,94,94],"gold":75,"neow_bonus":"REMOVE_CARD","is_prod":false,"is_daily":false,"chose_seed":false,"campfire_upgraded":9,"win_rate":0,"timestamp":1547764755,"path_taken":["M","?","?","M","?","R","M","E","T","$","R","?","E","M","R","BOSS","M","?","M","M","?","R","E","$","T","R","E","M","R","M","R","BOSS","M","?","?","?","$","R","M","?","T","E","?","$","E","M","R","BOSS","R","$","E","BOSS"],"build_version":"2019-01-16","purchased_purges":2,"victory":true,"max_hp_per_floor":[80,80,80,80,80,80,80,80,80,80,80,80,80,80,80,80,80,80,80,80,80,80,80,80,80,80,80,80,80,80,80,80,80,80,80,80,80,80,80,80,80,80,80,80,87,87,87,87,87,87,87,87,87,94,94],"card_choices":[{"not_picked":["Havoc","Reckless Charge"],"picked":"Sword Boomerang","floor":1},{"not_picked":["Wild Strike","Blood for Blood"],"picked":"Combust","floor":4},{"not_picked":["Cleave","Thunderclap"],"picked":"Iron Wave","floor":7},{"not_picked":["Pummel","Rage"],"picked":"Immolate","floor":8},{"not_picked":["Armaments","Anger","Reckless Charge"],"picked":"Battle Trance","floor":12},{"not_picked":["Heavy Blade","Evolve","Shrug It Off"],"picked":"Flex","floor":13},{"not_picked":["Infernal Blade","Wild Strike","Headbutt"],"picked":"Inflame","floor":14},{"not_picked":["Impervious","Dark Embrace","Offering"],"picked":"Demon Form","floor":16},{"not_picked":["Clash","Bloodletting","Sentinel","Warcry"],"picked":"SKIP","floor":18},{"not_picked":["Thunderclap","Warcry","True Grit","Hemokinesis"],"picked":"SKIP","floor":20},{"not_picked":["Blood for Blood+1","Uppercut+1","Clash+1"],"picked":"Shrug It Off","floor":21},{"not_picked":["Wild Strike","Clash","Reckless Charge"],"picked":"Pommel Strike","floor":24},{"not_picked":["Disarm","Pommel Strike","Clash+1"],"picked":"Metallicize+1","floor":28},{"not_picked":["Fire Breathing","Ghostly Armor","Uppercut","Dropkick"],"picked":"SKIP","floor":29},{"not_picked":["Metallicize","Double Tap","Pommel Strike","True Grit"],"picked":"SKIP","floor":31},{"not_picked":["Feed","Demon Form","Berserk"],"picked":"Barricade","floor":33},{"not_picked":["Body Slam+1","Feel No Pain+1","Dropkick"],"picked":"True Grit+1","floor":35},{"not_picked":["Evolve+1","Twin Strike+1","Pummel","Cleave+1"],"picked":"SKIP","floor":38},{"not_picked":["Wild Strike+1","Rampage+1","Iron Wave","Inflame+1"],"picked":"SKIP","floor":41},{"not_picked":["Transmutation","Mayhem","The Bomb"],"picked":"Flash of Steel","floor":42},{"not_picked":["Burning Pact","Anger","Feed"],"picked":"Shockwave+1","floor":44},{"not_picked":["Barricade","Berserk","Entrench","Anger"],"picked":"SKIP","floor":47},{"not_picked":["Uppercut","Pummel+1","Evolve+1"],"picked":"Disarm+1","floor":48},{"not_picked":["Wild Strike","Sword Boomerang","Body Slam+1"],"picked":"Dual Wield+1","floor":54}],"player_experience":782557,"relics_obtained":[{"floor":8,"key":"Question Card"},{"floor":13,"key":"Mummified Hand"},{"floor":24,"key":"Bag of Preparation"},{"floor":26,"key":"MawBank"},{"floor":28,"key":"Tiny Chest"},{"floor":37,"key":"Pen Nib"},{"floor":43,"key":"Bag of Marbles"},{"floor":44,"key":"War Paint"},{"floor":47,"key":"Kunai"},{"floor":54,"key":"Strawberry"}],"event_choices":[{"damage_healed":0,"gold_gain":0,"player_choice":"Success","damage_taken":18,"relics_obtained":["Smiling Mask"],"max_hp_gain":0,"max_hp_loss":0,"event_name":"Scrap Ooze","floor":2,"gold_loss":0},{"damage_healed":0,"gold_gain":0,"cards_transformed":["Strike_R"],"player_choice":"Change","damage_taken":0,"max_hp_gain":0,"max_hp_loss":0,"event_name":"Living Wall","floor":3,"gold_loss":0,"cards_obtained":["True Grit"]},{"damage_healed":0,"gold_gain":75,"player_choice":"Gather Gold","damage_taken":11,"max_hp_gain":0,"max_hp_loss":0,"event_name":"World of Goop","floor":5,"gold_loss":0},{"cards_removed":["Strike_R"],"damage_healed":0,"gold_gain":0,"player_choice":"Gave Gold","damage_taken":0,"max_hp_gain":0,"max_hp_loss":0,"event_name":"Beggar","floor":19,"gold_loss":75},{"damage_healed":0,"gold_gain":0,"player_choice":"Ignored","damage_taken":0,"max_hp_gain":0,"max_hp_loss":0,"event_name":"Vampires","floor":22,"gold_loss":0},{"damage_healed":0,"gold_gain":0,"player_choice":"Ignored","damage_taken":0,"max_hp_gain":0,"max_hp_loss":0,"event_name":"Tomb of Lord Red Mask","floor":36,"gold_loss":0},{"damage_healed":0,"gold_gain":0,"player_choice":"Memory 1","damage_taken":0,"max_hp_gain":0,"max_hp_loss":0,"event_name":"SensoryStone","floor":42,"gold_loss":0}],"is_beta":true,"boss_relics":[{"not_picked":["Cursed Key","Black Star"],"picked":"Sozu"},{"not_picked":["Astrolabe","Runic Dome"],"picked":"Empty Cage"}],"items_purged_floors":[10,25],"is_endless":false,"potions_floor_spawned":[7,8,12,14,21,24,29,31,35,41,44],"ascension_level":0}