{"gold_per_floor":[114,114,132,32,32,32,32,65,65,90,90,100,100,113,113,213,213,226,226,226,236,250,281,27,54,54,54,82,5,5,18,18,122,122,141,161,261,261,261],"floor_reached":39,"playtime":1794,"items_purged":["Strike_G","Strike_G"],"score":525,"play_id":"bce5eefa-b4ef-47d4-a163-e7d3c9c40627","local_time":"20190424212429","is_ascension_mode":true,"campfire_choices":[{"data":"Slice","floor":6,"key":"SMITH"},{"data":"Noxious Fumes","floor":13,"key":"SMITH"},{"data":"Dagger Spray","floor":15,"key":"SMITH"},{"data":"Leg Sweep","floor":27,"key":"SMITH"},{"floor":32,"key":"REST"}],"neow_cost":"PERCENT_DAMAGE","seed_source_timestamp":334432612133227,"circlet_count":0,"master_deck":["Defend_G","Survivor","Neutralize+1","Slice+1","Leg Sweep+1","Flying Knee","Dagger Spray+1","Quick Slash","Noxious Fumes+1","Glass Knife","Acrobatics+1","PiercingWail","Tools of the Trade","Reflex","Adrenaline","Catalyst","Corpse Explosion","Tools of the Trade+1","Dodge and Roll+1","Endless Agony+1","Crippling Poison+1","Madness","Madness"],"relics":["Ring of the Snake","Blood Vial","Snake Skull","Velvet Choker","Nloth\u0027s Gift","Mummified Hand","Orichalcum","Ninja Scroll","Red Mask","Astrolabe","Shovel"],"potions_floor_usage":[8,23,25,33,33],"damage_taken":[{"damage":0,"enemies":"2 Louse","floor":1,"turns":2},{"damage":0,"enemies":"Cultist","floor":3,"turns":3},{"damage":17,"enemies":"Gremlin Nob","floor":8,"turns":5},{"damage":13,"enemies":"3 Sentries","floor":10,"turns":7},{"damage":0,"enemies":"Jaw Worm","floor":12,"turns":2},{"damage":0,"enemies":"Looter","floor":14,"turns":4},{"damage":7,"enemies":"Hexaghost","floor":16,"turns":9},{"damage":8,"enemies":"Shell Parasite","floor":18,"turns":5},{"damage":7,"enemies":"2 Thieves","floor":21,"turns":3},{"damage":0,"enemies":"Shelled Parasite and Fungi","floor":22,"turns":7},{"damage":2,"enemies":"Slavers","floor":23,"turns":5},{"damage":22,"enemies":"Book of Stabbing","floor":25,"turns":6},{"damage":0,"enemies":"Masked Bandits","floor":28,"turns":3},{"damage":2,"enemies":"3 Cultists","floor":31,"turns":4},{"damage":0,"enemies":"Champ","floor":33,"turns":8},{"damage":14,"enemies":"3 Darklings","floor":35,"turns":3},{"damage":0,"enemies":"3 Shapes","floor":36,"turns":2},{"damage":0,"enemies":"Mind Bloom Boss Battle","floor":37,"turns":7},{"damage":20,"enemies":"Spire Growth","floor":39,"turns":4}],"seed_played":"-7103272270150555850","potions_obtained":[{"floor":3,"key":"Swift Potion"},{"floor":8,"key":"GhostInAJar"},{"floor":16,"key":"Ancient Potion"},{"floor":23,"key":"Fire Potion"},{"floor":25,"key":"PowerPotion"},{"floor":28,"key":"SpeedPotion"},{"floor":33,"key":"SpeedPotion"},{"floor":36,"key":"SmokeBomb"},{"floor":37,"key":"Explosive Potion"}],"is_trial":false,"path_per_floor":["M","?","M","$","?","R","?","E","T","E","?","M","R","M","R","B",null,"M","?","?","M","M","E","$","E","T","R","?","$","?","M","R","B",null,"M","M","?","?","M"],"character_chosen":"THE_SILENT","items_purchased":["Flying Knee","Orichalcum","Catalyst"],"campfire_rested":1,"item_purchase_floors":[4,24,29],"current_hp_per_floor":[49,49,49,49,49,49,42,25,25,14,37,39,39,41,41,36,70,62,62,62,57,59,59,59,39,39,39,41,41,28,28,50,52,75,61,63,65,56,38],"gold":261,"neow_bonus":"REMOVE_TWO","is_prod":false,"is_daily":false,"chose_seed":false,"campfire_upgraded":4,"win_rate":1,"timestamp":1556137469,"path_taken":["M","?","?","$","?","R","?","E","T","E","?","?","R","M","R","BOSS","M","?","?","?","M","E","$","E","T","R","?","?","?","M","R","BOSS","M","M","?","?","M"],"build_version":"2019-04-23","purchased_purges":2,"victory":false,"max_hp_per_floor":[70,70,70,70,70,70,70,70,70,70,70,70,70,70,70,70,70,70,70,70,70,70,70,70,70,70,70,70,70,75,75,75,75,75,75,75,75,75,75],"card_choices":[{"not_picked":["Sucker Punch","Dodge and Roll"],"picked":"Slice","floor":1},{"not_picked":["Prepared","Backflip"],"picked":"Leg Sweep","floor":3},{"not_picked":["Eviscerate","Quick Slash"],"picked":"Dagger Spray","floor":8},{"not_picked":["Sucker Punch","Underhanded Strike"],"picked":"Quick Slash","floor":10},{"not_picked":["Flying Knee","Envenom"],"picked":"Noxious Fumes","floor":12},{"not_picked":["Blade Dance","Deflect","Quick Slash"],"picked":"SKIP","floor":14},{"not_picked":["Unload","Doppelganger"],"picked":"Glass Knife","floor":16},{"not_picked":["Masterful Stab","Flying Knee","Bane"],"picked":"SKIP","floor":18},{"not_picked":["Bane+1","Slice+1"],"picked":"Acrobatics+1","floor":21},{"not_picked":["Blade Dance","Bane+1"],"picked":"PiercingWail","floor":22},{"not_picked":["Quick Slash","Outmaneuver"],"picked":"Tools of the Trade","floor":23},{"not_picked":["Poisoned Stab","Tools of the Trade"],"picked":"Reflex","floor":25},{"not_picked":["Slice","Blade Dance"],"picked":"Adrenaline","floor":28},{"not_picked":["Dash","Outmaneuver+1","Distraction+1"],"picked":"SKIP","floor":31},{"not_picked":["Glass Knife","Doppelganger"],"picked":"Corpse Explosion","floor":33},{"not_picked":["Riddle With Holes+1","Skewer+1","Blade Dance"],"picked":"SKIP","floor":35},{"not_picked":["Flying Knee","Noxious Fumes"],"picked":"Crippling Poison+1","floor":36}],"player_experience":9184,"relics_obtained":[{"floor":8,"key":"Blood Vial"},{"floor":9,"key":"Dream Catcher"},{"floor":10,"key":"Snake Skull"},{"floor":23,"key":"Mummified Hand"},{"floor":25,"key":"Ninja Scroll"},{"floor":28,"key":"Red Mask"},{"floor":37,"key":"Shovel"}],"event_choices":[{"cards_removed":["Defend_G"],"damage_healed":0,"gold_gain":0,"player_choice":"Offered Basic","damage_taken":0,"max_hp_gain":0,"max_hp_loss":0,"event_name":"Bonfire Elementals","floor":2,"gold_loss":0},{"damage_healed":0,"gold_gain":0,"player_choice":"Grow","damage_taken":0,"max_hp_gain":0,"max_hp_loss":0,"event_name":"Living Wall","floor":5,"gold_loss":0,"cards_upgraded":["Neutralize"]},{"cards_removed":["Strike_G"],"damage_healed":0,"gold_gain":0,"player_choice":"Card Removal","damage_taken":7,"max_hp_gain":0,"max_hp_loss":0,"event_name":"Golden Wing","floor":7,"gold_loss":0},{"damage_healed":23,"gold_gain":0,"player_choice":"Banana","damage_taken":0,"max_hp_gain":0,"max_hp_loss":0,"event_name":"Big Fish","floor":11,"gold_loss":0},{"damage_healed":0,"gold_gain":0,"player_choice":"Ignored","damage_taken":0,"max_hp_gain":0,"max_hp_loss":0,"event_name":"Vampires","floor":19,"gold_loss":0},{"damage_healed":0,"gold_gain":0,"player_choice":"Traded Relic","damage_taken":0,"relics_obtained":["Nloth\u0027s Gift"],"max_hp_gain":0,"max_hp_loss":0,"event_name":"N\u0027loth","floor":20,"relics_lost":["Dream Catcher"],"gold_loss":0},{"damage_healed":0,"gold_gain":0,"player_choice":"Fought Bandits","damage_taken":0,"max_hp_gain":0,"max_hp_loss":0,"event_name":"Masked Bandits","floor":28,"gold_loss":0},{"damage_healed":0,"gold_gain":0,"player_choice":"Shed Blood","damage_taken":18,"max_hp_gain":5,"max_hp_loss":0,"event_name":"Forgotten Altar","floor":30,"gold_loss":0},{"damage_healed":0,"gold_gain":0,"player_choice":"Fight","damage_taken":0,"max_hp_gain":0,"max_hp_loss":0,"event_name":"MindBloom","floor":37,"gold_loss":0},{"damage_healed":0,"gold_gain":0,"player_choice":"Embrace Madness","damage_taken":9,"max_hp_gain":0,"max_hp_loss":0,"event_name":"Winding Halls","floor":38,"gold_loss":0,"cards_obtained":["Madness","Madness"]}],"is_beta":true,"boss_relics":[{"not_picked":["White Beast Statue","Orrery"],"picked":"Velvet Choker"},{"not_picked":["Cursed Key","Tiny House"],"picked":"Astrolabe"}],"items_purged_floors":[4,24],"is_endless":false,"potions_floor_spawned":[3,8,16,23,25,28,33,36,37],"killed_by":"Spire Growth","ascension_level":1}