{"gold_per_floor":[111,27,39,50,67,67,95,95,95,95,105,7,7,21,21,100,100,120,120,136,136],"floor_reached":21,"playtime":2705,"items_purged":[],"score":362,"play_id":"61e8c61d-b93b-44a6-8b9c-22b6086c49c0","local_time":"20181206164128","is_ascension_mode":true,"campfire_choices":[{"data":"Dagger Spray","floor":6,"key":"SMITH"},{"data":"Deadly Poison","floor":10,"key":"SMITH"},{"data":"Poisoned Stab","floor":13,"key":"SMITH"},{"data":"Well Laid Plans","floor":15,"key":"SMITH"}],"neow_cost":"NONE","seed_source_timestamp":928845957852564,"circlet_count":0,"master_deck":["AscendersBane","Defend_G","Defend_G","Defend_G","Defend_G","Defend_G","Strike_G","Strike_G","Strike_G","Survivor","Neutralize+1","Deadly Poison+1","Well Laid Plans+1","Poisoned Stab+1","Dagger Spray+1","Quick Slash","Escape Plan","Leg Sweep","Acrobatics","Cloak And Dagger","Night Terror","Cloak And Dagger+1"],"relics":["Ring of the Snake","Gremlin Horn","FossilizedHelix","Empty Cage"],"potions_floor_usage":[7,16],"damage_taken":[{"damage":0,"enemies":"Cultist","floor":1,"turns":5},{"damage":2,"enemies":"Small Slimes","floor":3,"turns":6},{"damage":6,"enemies":"2 Louse","floor":4,"turns":3},{"damage":7,"enemies":"Exordium Wildlife","floor":5,"turns":4},{"damage":17,"enemies":"Gremlin Nob","floor":7,"turns":4},{"damage":0,"enemies":"Gremlin Gang","floor":11,"turns":2},{"damage":0,"enemies":"Looter","floor":14,"turns":3},{"damage":10,"enemies":"Slime Boss","floor":16,"turns":12},{"damage":0,"enemies":"Chosen","floor":18,"turns":5},{"damage":8,"enemies":"Spheric Guardian","floor":20,"turns":5},{"damage":55,"enemies":"Chosen and Byrds","floor":21,"turns":9}],"seed_played":"2681857223677553730","potions_obtained":[{"floor":5,"key":"Fire Potion"},{"floor":7,"key":"EssenceOfSteel"},{"floor":11,"key":"Ancient Potion"},{"floor":19,"key":"SmokeBomb"}],"is_trial":false,"path_per_floor":["M","$","M","M","M","R","E","T","T","R","M","$","R","M","R","B",null,"M","?","M","M"],"character_chosen":"THE_SILENT","items_purchased":["Well Laid Plans","Leg Sweep","Acrobatics"],"campfire_rested":0,"item_purchase_floors":[2,12,12],"current_hp_per_floor":[59,59,57,51,44,44,27,27,27,27,27,27,27,27,27,17,54,54,54,46,0],"gold":136,"neow_bonus":"UPGRADE_CARD","is_prod":false,"is_daily":false,"chose_seed":false,"campfire_upgraded":4,"win_rate":0,"timestamp":1544132488,"path_taken":["M","$","M","M","M","R","E","?","T","R","M","?","R","M","R","BOSS","M","?","M","?"],"build_version":"2018-12-06","purchased_purges":0,"victory":false,"max_hp_per_floor":[66,66,66,66,66,66,66,66,66,66,66,66,66,66,66,66,66,66,66,66,66],"card_choices":[{"not_picked":["Dagger Throw","Expertise"],"picked":"Deadly Poison","floor":1},{"not_picked":["Deflect","Bane","Acrobatics"],"picked":"SKIP","floor":3},{"not_picked":["Backflip","PiercingWail"],"picked":"Poisoned Stab","floor":4},{"not_picked":["Outmaneuver","Caltrops"],"picked":"Dagger Spray","floor":5},{"not_picked":["Prepared","Grand Finale"],"picked":"Quick Slash","floor":7},{"not_picked":["Blur","Eviscerate"],"picked":"Escape Plan","floor":11},{"not_picked":["Dagger Throw","Distraction"],"picked":"Cloak And Dagger","floor":14},{"not_picked":["Phantasmal Killer","Bullet Time"],"picked":"Night Terror","floor":16},{"not_picked":["Expertise","Quick Slash","Underhanded Strike"],"picked":"SKIP","floor":18},{"not_picked":["Bane","Masterful Stab"],"picked":"Cloak And Dagger+1","floor":20}],"player_experience":1041398,"relics_obtained":[{"floor":7,"key":"Gremlin Horn"},{"floor":9,"key":"FossilizedHelix"}],"event_choices":[{"damage_healed":0,"gold_gain":0,"player_choice":"Got Potions","damage_taken":0,"max_hp_gain":0,"max_hp_loss":0,"event_name":"Lab","floor":19,"gold_loss":0}],"is_beta":true,"boss_relics":[{"not_picked":["Lizard Tail","Eternal Feather"],"picked":"Empty Cage"}],"items_purged_floors":[],"is_endless":false,"potions_floor_spawned":[5,7,11,14],"killed_by":"Chosen and Byrds","ascension_level":20}