{"gold_per_floor":[214,225,35,68,68,122,122,162,162,201,201,232,232,280,280,375,375,392,38,74,124,141,141,175,223,223,223,259,76,76,116,116,190,190,232,70,120,20,51,51,134,194,264,300,300,300],"floor_reached":46,"playtime":3346,"items_purged":["Strike_B","Strike_B"],"score":971,"play_id":"cb3b7d49-fd3b-4e32-a3b4-b9e819c3cec9","local_time":"20190305152517","is_ascension_mode":true,"campfire_choices":[{"floor":7,"key":"REST"},{"data":"Chaos","floor":15,"key":"SMITH"},{"data":"Buffer","floor":23,"key":"SMITH"},{"floor":30,"key":"REST"},{"floor":32,"key":"REST"},{"data":"Apotheosis","floor":40,"key":"SMITH"},{"data":"Defragment","floor":45,"key":"SMITH"}],"neow_cost":"NONE","seed_source_timestamp":480943799870421,"circlet_count":0,"master_deck":["AscendersBane","Strike_B","Strike_B","Defend_B","Defend_B","Defend_B","Defend_B","Zap","Dualcast","Self Repair","Chaos+1","HandOfGreed","Auto Shields","Reinforced Body","Beam Cell","Buffer+1","Echo Form","Stack+1","Compile Driver","Genetic Algorithm","Coolheaded","Fission","Apotheosis+1","Core Surge","BootSequence","Compile Driver","Rainbow","Hologram+1","Biased Cognition","Go for the Eyes+1","Defragment+1"],"relics":["Cracked Core","Gambling Chip","Unceasing Top","Odd Mushroom","Pear","Bronze Scales","Pantograph","Orichalcum","Velvet Choker","Frozen Eye","Ornamental Fan","Cables","Orrery","Symbiotic Virus"],"potions_floor_usage":[8,12,14,24,25,31,46],"damage_taken":[{"damage":0,"enemies":"2 Louse","floor":1,"turns":3},{"damage":4,"enemies":"Small Slimes","floor":2,"turns":3},{"damage":9,"enemies":"Jaw Worm","floor":4,"turns":4},{"damage":53,"enemies":"Gremlin Nob","floor":6,"turns":5},{"damage":10,"enemies":"The Mushroom Lair","floor":8,"turns":4},{"damage":3,"enemies":"Blue Slaver","floor":10,"turns":5},{"damage":25,"enemies":"3 Sentries","floor":12,"turns":8},{"damage":24,"enemies":"Gremlin Nob","floor":14,"turns":4},{"damage":14,"enemies":"The Guardian","floor":16,"turns":13},{"damage":0,"enemies":"3 Byrds","floor":18,"turns":4},{"damage":0,"enemies":"Spheric Guardian","floor":20,"turns":6},{"damage":13,"enemies":"Chosen and Byrds","floor":22,"turns":7},{"damage":6,"enemies":"Snecko","floor":24,"turns":6},{"damage":64,"enemies":"Book of Stabbing","floor":25,"turns":7},{"damage":0,"enemies":"Snake Plant","floor":28,"turns":4},{"damage":45,"enemies":"Cultist and Chosen","floor":31,"turns":9},{"damage":21,"enemies":"Automaton","floor":33,"turns":13},{"damage":14,"enemies":"3 Darklings","floor":35,"turns":9},{"damage":2,"enemies":"Orb Walker","floor":39,"turns":4},{"damage":9,"enemies":"4 Shapes","floor":41,"turns":7},{"damage":19,"enemies":"Sphere and 2 Shapes","floor":42,"turns":10},{"damage":0,"enemies":"Maw","floor":44,"turns":7},{"damage":81,"enemies":"Reptomancer","floor":46,"turns":3}],"seed_played":"729747510901605281","potions_obtained":[{"floor":2,"key":"Poison Potion"},{"floor":4,"key":"SteroidPotion"},{"floor":12,"key":"Ancient Potion"},{"floor":14,"key":"SpeedPotion"},{"floor":16,"key":"SneckoOil"},{"floor":24,"key":"SteroidPotion"},{"floor":28,"key":"FocusPotion"},{"floor":42,"key":"Swift Potion"},{"floor":44,"key":"Ancient Potion"}],"is_trial":false,"path_per_floor":["M","M","$","M","?","E","R","?","T","M","?","E","T","E","R","B",null,"M","$","M","?","M","R","M","E","T","?","M","$","R","M","R","B",null,"M","$","?","$","M","R","M","M","T","M","R","E"],"character_chosen":"DEFECT","items_purchased":["HandOfGreed","Compile Driver","Frozen Eye","Apotheosis","Biased Cognition"],"campfire_rested":3,"item_purchase_floors":[3,19,19,29,36],"current_hp_per_floor":[64,67,67,65,60,14,35,25,35,39,66,48,48,31,31,49,73,80,80,81,81,75,75,76,26,26,26,33,33,57,22,46,57,75,81,81,73,73,78,78,76,77,77,81,81,0],"gold":300,"neow_bonus":"HUNDRED_GOLD","is_prod":false,"is_daily":false,"chose_seed":false,"campfire_upgraded":4,"win_rate":0,"timestamp":1551799517,"path_taken":["M","M","$","M","?","E","R","?","T","M","?","E","?","E","R","BOSS","M","$","M","?","M","R","M","E","T","?","M","?","R","M","R","BOSS","M","$","?","$","M","R","M","?","T","?","R","E"],"build_version":"2019-02-06","purchased_purges":2,"victory":false,"max_hp_per_floor":[71,71,71,71,71,71,71,71,81,81,81,81,81,81,81,81,81,81,81,81,81,81,81,81,81,81,81,81,81,81,81,81,81,81,81,81,81,81,81,81,81,81,81,81,81,81],"card_choices":[{"not_picked":["Cold Snap","Chill"],"picked":"Self Repair","floor":1},{"not_picked":["Steam","Skim"],"picked":"Chaos","floor":2},{"not_picked":["BootSequence","Gash"],"picked":"Auto Shields","floor":4},{"not_picked":["Meteor Strike","Coolheaded"],"picked":"Reinforced Body","floor":6},{"not_picked":["Storm","Gash"],"picked":"Beam Cell","floor":8},{"not_picked":["Streamline","Undo","Turbo"],"picked":"SKIP","floor":10},{"not_picked":["Barrage","Conserve Battery","Double Energy"],"picked":"SKIP","floor":12},{"not_picked":["Leap","Recycle"],"picked":"Buffer","floor":14},{"not_picked":["Biased Cognition","Machine Learning"],"picked":"Echo Form","floor":16},{"not_picked":["Heatsinks","Beam Cell"],"picked":"Stack+1","floor":18},{"not_picked":["Steam","Coolheaded","Loop"],"picked":"SKIP","floor":20},{"not_picked":["Reprogram","Auto Shields"],"picked":"Genetic Algorithm","floor":22},{"not_picked":["Compile Driver","Barrage"],"picked":"Coolheaded","floor":24},{"not_picked":["Steam+1","Conserve Battery","Genetic Algorithm"],"picked":"SKIP","floor":25},{"not_picked":["Streamline","Gash"],"picked":"Fission","floor":28},{"not_picked":["Steam","Barrage","Rebound"],"picked":"SKIP","floor":31},{"not_picked":["Amplify","Echo Form"],"picked":"Core Surge","floor":33},{"not_picked":["Rip and Tear","Streamline"],"picked":"BootSequence","floor":34},{"not_picked":["Force Field+1","Self Repair"],"picked":"Compile Driver","floor":34},{"not_picked":["Self Repair","Steam"],"picked":"Rainbow","floor":34},{"not_picked":["Scrape","Sunder"],"picked":"Hologram+1","floor":35},{"not_picked":["Loop","Beam Cell","Melter+1"],"picked":"SKIP","floor":39},{"not_picked":["Reprogram+1","Leap"],"picked":"Go for the Eyes+1","floor":41},{"not_picked":["Compile Driver","Stack"],"picked":"Defragment","floor":42},{"not_picked":["Cold Snap+1","Ball Lightning","Steam"],"picked":"SKIP","floor":44}],"player_experience":1023480,"relics_obtained":[{"floor":6,"key":"Unceasing Top"},{"floor":8,"key":"Odd Mushroom"},{"floor":9,"key":"Pear"},{"floor":12,"key":"Bronze Scales"},{"floor":13,"key":"Pantograph"},{"floor":14,"key":"Orichalcum"},{"floor":25,"key":"Ornamental Fan"},{"floor":26,"key":"Cables"},{"floor":43,"key":"Symbiotic Virus"}],"event_choices":[{"damage_healed":0,"gold_gain":0,"player_choice":"Success","damage_taken":5,"relics_obtained":["Gambling Chip"],"max_hp_gain":0,"max_hp_loss":0,"event_name":"Scrap Ooze","floor":5,"gold_loss":0},{"damage_healed":0,"gold_gain":0,"player_choice":"Fought Mushrooms","damage_taken":0,"max_hp_gain":0,"max_hp_loss":0,"event_name":"Mushrooms","floor":8,"gold_loss":0},{"damage_healed":27,"gold_gain":0,"player_choice":"Banana","damage_taken":0,"max_hp_gain":0,"max_hp_loss":0,"event_name":"Big Fish","floor":11,"gold_loss":0},{"damage_healed":0,"gold_gain":50,"player_choice":"Stole From Cult","damage_taken":0,"max_hp_gain":0,"max_hp_loss":0,"event_name":"Nest","floor":21,"gold_loss":0},{"damage_healed":0,"gold_gain":0,"player_choice":"Ignored","damage_taken":0,"max_hp_gain":0,"max_hp_loss":0,"event_name":"The Mausoleum","floor":27,"gold_loss":0},{"damage_healed":0,"gold_gain":50,"player_choice":"Touch","damage_taken":8,"max_hp_gain":0,"max_hp_loss":0,"event_name":"FaceTrader","floor":37,"gold_loss":0}],"is_beta":true,"boss_relics":[{"not_picked":["Sozu","Ectoplasm"],"picked":"Velvet Choker"},{"not_picked":["Calling Bell","Philosopher\u0027s Stone"],"picked":"Orrery"}],"items_purged_floors":[19,38],"is_endless":false,"potions_floor_spawned":[2,4,12,14,16,24,28,42,44],"killed_by":"Reptomancer","ascension_level":19}