{"gold_per_floor":[144,144,144,189,24,24,114,159,184,274,274,319,319,319,319,319],"floor_reached":16,"playtime":879,"items_purged":[],"score":108,"play_id":"7d2941ff-baaa-4472-8999-59a268487450","local_time":"20190327222138","daily_mods":["Shiny","Flight","Midas"],"is_ascension_mode":false,"campfire_choices":[{"floor":6,"key":"REST"},{"floor":13,"key":"REST"},{"floor":15,"key":"REST"}],"neow_cost":"","seed_source_timestamp":388355875274600,"circlet_count":0,"master_deck":["Venomology","Corpse Explosion","Malaise","Phantasmal Killer","Die Die Die","Adrenaline","Envenom","Doppelganger+1","Burst","Wraith Form v2+1","Tools of the Trade","Night Terror","Unload","After Image","Bullet Time","Storm of Steel","Glass Knife","A Thousand Cuts","Grand Finale","Footwork","Cloak And Dagger","Accuracy","Tactician","Flying Knee","Cloak And Dagger","Poisoned Stab","All Out Attack","Deadly Poison"],"special_seed":17983,"relics":["Ring of the Snake","The Specimen","Darkstone Periapt","Strawberry","Kunai"],"potions_floor_usage":[7,12,16],"damage_taken":[{"damage":0,"enemies":"Small Slimes","floor":1,"turns":3},{"damage":7,"enemies":"2 Louse","floor":4,"turns":3},{"damage":19,"enemies":"3 Sentries","floor":7,"turns":3},{"damage":15,"enemies":"Cultist","floor":8,"turns":4},{"damage":28,"enemies":"Lagavulin","floor":10,"turns":7},{"damage":5,"enemies":"Large Slime","floor":12,"turns":5},{"damage":53,"enemies":"The Guardian","floor":16,"turns":9}],"seed_played":"8691496002598521880","potions_obtained":[{"floor":1,"key":"Energy Potion"},{"floor":7,"key":"Ancient Potion"},{"floor":8,"key":"Dexterity Potion"}],"is_trial":false,"path_per_floor":["M","?","?","M","$","R","E","M","T","E","?","M","R","?","R","B"],"character_chosen":"THE_SILENT","items_purchased":["Accuracy","Tactician","Flying Knee"],"campfire_rested":3,"item_purchase_floors":[5,5,5],"current_hp_per_floor":[70,67,53,46,46,67,48,33,40,12,12,7,30,30,53,0],"gold":319,"neow_bonus":"","is_prod":false,"is_daily":true,"chose_seed":false,"campfire_upgraded":0,"win_rate":0.0,"timestamp":1553739698,"path_taken":["M","?","?","M","$","R","E","M","T","E","?","?","R","?","R","BOSS"],"build_version":"2019-01-23","purchased_purges":0,"victory":false,"max_hp_per_floor":[70,70,70,70,70,70,70,70,77,77,77,77,77,77,77,77],"card_choices":[{"not_picked":["Sucker Punch","Setup"],"picked":"Footwork","floor":1},{"not_picked":["Flying Knee","PiercingWail"],"picked":"Cloak And Dagger","floor":4},{"not_picked":["Underhanded Strike","Burst"],"picked":"Cloak And Dagger","floor":7},{"not_picked":["Bane","Flechettes"],"picked":"Poisoned Stab","floor":8},{"not_picked":["Predator","Concentrate"],"picked":"All Out Attack","floor":10},{"not_picked":["Flying Knee","Poisoned Stab"],"picked":"Deadly Poison","floor":12}],"player_experience":11252,"relics_obtained":[{"floor":7,"key":"Darkstone Periapt"},{"floor":9,"key":"Strawberry"},{"floor":10,"key":"Kunai"}],"event_choices":[{"damage_healed":0,"gold_gain":0,"player_choice":"Success","damage_taken":3,"relics_obtained":["The Specimen"],"max_hp_gain":0,"max_hp_loss":0,"event_name":"Scrap Ooze","floor":2,"gold_loss":0},{"damage_healed":0,"gold_gain":0,"player_choice":"Entered Light","damage_taken":14,"max_hp_gain":0,"max_hp_loss":0,"event_name":"Shining Light","floor":3,"gold_loss":0,"cards_upgraded":["Wraith Form v2","Doppelganger"]},{"damage_healed":0,"gold_gain":0,"player_choice":"0 cards matched","damage_taken":0,"max_hp_gain":0,"max_hp_loss":0,"event_name":"Match and Keep!","floor":11,"gold_loss":0,"cards_obtained":[]},{"damage_healed":0,"gold_gain":0,"player_choice":"Got Potions","damage_taken":0,"max_hp_gain":0,"max_hp_loss":0,"event_name":"Lab","floor":14,"gold_loss":0}],"is_beta":false,"boss_relics":[],"items_purged_floors":[],"is_endless":false,"potions_floor_spawned":[1,7,8,10],"killed_by":"The Guardian","ascension_level":0}