{"gold_per_floor":[114,114,134,56,66,66,78,3,3,153,78,103,114,146,146,146],"floor_reached":16,"playtime":648,"items_purged":["Doubt"],"score":209,"play_id":"8896c743-fb51-403a-aa04-bf5308e7466e","local_time":"20190515112339","is_ascension_mode":true,"campfire_choices":[{"data":"Armaments","floor":6,"key":"SMITH"},{"floor":15,"key":"REST"}],"neow_cost":"NONE","seed_source_timestamp":2928906113899851,"circlet_count":0,"master_deck":["AscendersBane","Strike_R","Strike_R","Strike_R","Strike_R","Strike_R","Defend_R","Defend_R","Defend_R","Defend_R","Bash+1","Headbutt","Havoc","Spot Weakness","Armaments+1","True Grit","Sentinel","Dropkick","Dropkick","Sentinel"],"relics":["Burning Blood","NeowsBlessing","Mercury Hourglass","Blood Vial","Art of War"],"potions_floor_usage":[12,16,16],"damage_taken":[{"damage":0,"enemies":"Cultist","floor":1,"turns":1},{"damage":0,"enemies":"Jaw Worm","floor":3,"turns":1},{"damage":0,"enemies":"Small Slimes","floor":5,"turns":1},{"damage":5,"enemies":"3 Louse","floor":7,"turns":3},{"damage":27,"enemies":"Gremlin Nob","floor":12,"turns":4},{"damage":11,"enemies":"Blue Slaver","floor":13,"turns":4},{"damage":35,"enemies":"3 Sentries","floor":14,"turns":7},{"damage":51,"enemies":"The Guardian","floor":16,"turns":11}],"seed_played":"-2339440588330885995","potions_obtained":[{"floor":5,"key":"Block Potion"},{"floor":7,"key":"Swift Potion"},{"floor":12,"key":"Weak Potion"}],"is_trial":false,"path_per_floor":["M","?","M","$","M","R","M","$","T","?","$","E","M","E","R","B"],"character_chosen":"IRONCLAD","items_purchased":["Spot Weakness","Sentinel"],"campfire_rested":1,"item_purchase_floors":[4,8],"current_hp_per_floor":[74,74,75,75,75,75,75,75,75,75,75,54,51,24,46,0],"gold":146,"neow_bonus":"THREE_ENEMY_KILL","is_prod":false,"is_daily":false,"chose_seed":false,"campfire_upgraded":1,"win_rate":0,"timestamp":1557930219,"path_taken":["M","?","M","?","?","R","M","$","T","?","$","E","M","E","R","BOSS"],"build_version":"2019-01-23","purchased_purges":1,"victory":false,"max_hp_per_floor":[75,75,75,75,75,75,75,75,75,75,75,75,75,75,75,75],"card_choices":[{"not_picked":["Clash","Pommel Strike"],"picked":"Headbutt","floor":1},{"not_picked":["Rage","Headbutt"],"picked":"Havoc","floor":3},{"not_picked":["Heavy Blade","True Grit"],"picked":"Armaments","floor":5},{"not_picked":["Twin Strike","Entrench"],"picked":"True Grit","floor":7},{"not_picked":["Power Through","Flex"],"picked":"Dropkick","floor":12},{"not_picked":["Anger","Wild Strike"],"picked":"Dropkick","floor":13},{"not_picked":["Searing Blow","Body Slam"],"picked":"Sentinel","floor":14}],"player_experience":1340848,"relics_obtained":[{"floor":9,"key":"Mercury Hourglass"},{"floor":12,"key":"Blood Vial"},{"floor":14,"key":"Art of War"}],"event_choices":[{"damage_healed":0,"gold_gain":0,"player_choice":"Upgraded","damage_taken":0,"max_hp_gain":0,"max_hp_loss":0,"event_name":"Upgrade Shrine","floor":2,"gold_loss":0,"cards_upgraded":["Bash"]},{"damage_healed":0,"gold_gain":150,"player_choice":"AGREE","damage_taken":0,"max_hp_gain":0,"max_hp_loss":0,"event_name":"Liars Game","floor":10,"gold_loss":0,"cards_obtained":["Doubt"]}],"is_beta":false,"boss_relics":[],"items_purged_floors":[11],"is_endless":false,"potions_floor_spawned":[5,7,12],"killed_by":"The Guardian","ascension_level":18}