{"gold_per_floor":[113,113,127,55,71,71,96,96,96,96,112,175,175,20,20,20],"floor_reached":16,"playtime":590,"items_purged":[],"score":157,"play_id":"e0f49da2-eed1-4c9b-8c51-66c6e26be6f6","local_time":"20190404231407","is_ascension_mode":true,"campfire_choices":[{"data":"Poisoned Stab","floor":6,"key":"SMITH"},{"data":"Envenom","floor":8,"key":"SMITH"},{"floor":15,"key":"REST"}],"neow_cost":"NONE","seed_source_timestamp":299933185139206,"circlet_count":0,"master_deck":["AscendersBane","Defend_G","Defend_G","Defend_G","Defend_G","Defend_G","Strike_G","Strike_G","Strike_G","Strike_G+1","Strike_G+1","Survivor","Neutralize+1","Poisoned Stab+1","Calculated Gamble","Poisoned Stab","Envenom+1","Finisher","Backflip"],"relics":["Ring of the Snake","Bag of Marbles","Dodecahedron","Frozen Egg 2","Golden Idol","Happy Flower","Oddly Smooth Stone"],"potions_floor_usage":[12],"damage_taken":[{"damage":1,"enemies":"Small Slimes","floor":1,"turns":5},{"damage":2,"enemies":"Cultist","floor":3,"turns":4},{"damage":2,"enemies":"Jaw Worm","floor":5,"turns":4},{"damage":6,"enemies":"Gremlin Nob","floor":7,"turns":3},{"damage":10,"enemies":"Gremlin Gang","floor":11,"turns":4},{"damage":22,"enemies":"Lagavulin Event","floor":12,"turns":5},{"damage":45,"enemies":"Slime Boss","floor":16,"turns":8}],"seed_played":"396558145467232578","potions_obtained":[{"floor":2,"key":"AttackPotion"},{"floor":2,"key":"Weak Potion"},{"floor":2,"key":"FairyPotion"}],"is_trial":false,"path_per_floor":["M","?","M","?","M","R","E","R","T","?","M","?","?","$","R","B"],"character_chosen":"THE_SILENT","items_purchased":["Oddly Smooth Stone"],"campfire_rested":1,"item_purchase_floors":[14],"current_hp_per_floor":[62,62,60,60,58,58,52,52,52,52,42,20,7,7,26,0],"gold":20,"neow_bonus":"UPGRADE_CARD","is_prod":false,"is_daily":false,"chose_seed":false,"campfire_upgraded":2,"win_rate":0,"timestamp":1554430447,"path_taken":["M","?","?","?","?","R","E","R","T","?","M","?","?","?","R","BOSS"],"build_version":"2019-01-23","purchased_purges":0,"victory":false,"max_hp_per_floor":[70,70,70,70,70,70,70,70,70,65,65,65,65,65,65,65],"card_choices":[{"not_picked":["Sucker Punch","Acrobatics"],"picked":"Poisoned Stab","floor":1},{"not_picked":["Accuracy","Blade Dance"],"picked":"Calculated Gamble","floor":3},{"not_picked":["Blade Dance","PiercingWail"],"picked":"Poisoned Stab","floor":5},{"not_picked":["Sucker Punch","Blade Dance"],"picked":"Envenom","floor":7},{"not_picked":["Outmaneuver","Glass Knife"],"picked":"Finisher","floor":11},{"not_picked":["Reflex","Outmaneuver"],"picked":"Backflip","floor":12}],"player_experience":1038403,"relics_obtained":[{"floor":7,"key":"Dodecahedron"},{"floor":9,"key":"Frozen Egg 2"},{"floor":12,"key":"Happy Flower"}],"event_choices":[{"damage_healed":0,"gold_gain":0,"player_choice":"Got Potions","damage_taken":0,"max_hp_gain":0,"max_hp_loss":0,"event_name":"Lab","floor":2,"gold_loss":0},{"damage_healed":0,"gold_gain":0,"player_choice":"Paid Gold","damage_taken":0,"relics_obtained":["Bag of Marbles"],"max_hp_gain":0,"max_hp_loss":0,"event_name":"WeMeetAgain","floor":4,"gold_loss":72},{"damage_healed":0,"gold_gain":0,"player_choice":"Lose Max HP","damage_taken":0,"relics_obtained":["Golden Idol"],"max_hp_gain":0,"max_hp_loss":5,"event_name":"Golden Idol","floor":10,"gold_loss":0},{"damage_healed":0,"gold_gain":30,"player_choice":"Searched \u00272\u0027 times","damage_taken":0,"max_hp_gain":0,"max_hp_loss":0,"event_name":"Dead Adventurer","floor":12,"gold_loss":0},{"damage_healed":0,"gold_gain":0,"player_choice":"Entered Light","damage_taken":13,"max_hp_gain":0,"max_hp_loss":0,"event_name":"Shining Light","floor":13,"gold_loss":0,"cards_upgraded":["Strike_G","Strike_G"]}],"is_beta":false,"boss_relics":[],"items_purged_floors":[],"is_endless":false,"potions_floor_spawned":[5,7],"killed_by":"Slime Boss","ascension_level":12}