{"gold_per_floor":[115,134,134,26,44,44,119,119,146,207,236,236,263,438,438,438],"floor_reached":16,"playtime":415,"items_purged":[],"score":138,"play_id":"2e92cc94-3cea-463e-8f7a-2cd916a2d130","local_time":"20190131152448","is_ascension_mode":true,"campfire_choices":[{"data":"Backstab","floor":6,"key":"SMITH"},{"data":"Quick Slash","floor":8,"key":"SMITH"},{"floor":15,"key":"REST"}],"neow_cost":"NONE","seed_source_timestamp":139351538044307,"circlet_count":0,"master_deck":["Defend_G","Defend_G","Defend_G","Defend_G","Defend_G","Strike_G","Strike_G","Strike_G","Strike_G","Strike_G","Survivor","Neutralize","All Out Attack+1","Quick Slash+1","Backstab+1","Well Laid Plans","Calculated Gamble","Bouncing Flask","Poisoned Stab","Dagger Spray","Phantasmal Killer","Dodge and Roll","Doubt"],"relics":["Ring of the Snake","NeowsBlessing","Juzu Bracelet","Boot","Blue Candle","Ninja Scroll"],"potions_floor_usage":[10,11,13,16],"damage_taken":[{"damage":0,"enemies":"2 Louse","floor":1,"turns":1},{"damage":0,"enemies":"Cultist","floor":2,"turns":1},{"damage":0,"enemies":"Small Slimes","floor":5,"turns":1},{"damage":27,"enemies":"Lagavulin Event","floor":10,"turns":5},{"damage":1,"enemies":"Gremlin Nob","floor":11,"turns":3},{"damage":15,"enemies":"Lagavulin","floor":13,"turns":5},{"damage":34,"enemies":"The Guardian","floor":16,"turns":8}],"seed_played":"-8584324325570433772","potions_obtained":[{"floor":2,"key":"Swift Potion"},{"floor":5,"key":"LiquidBronze"},{"floor":10,"key":"Block Potion"},{"floor":13,"key":"Poison Potion"}],"is_trial":false,"path_per_floor":["M","M","?","$","M","R","?","R","T","?","E","?","E","?","R","B"],"character_chosen":"THE_SILENT","items_purchased":["Backstab","Well Laid Plans"],"campfire_rested":1,"item_purchase_floors":[4,4],"current_hp_per_floor":[63,63,63,63,63,63,52,52,52,25,24,24,9,9,30,0],"gold":438,"neow_bonus":"THREE_ENEMY_KILL","is_prod":false,"is_daily":false,"chose_seed":false,"campfire_upgraded":2,"win_rate":0,"timestamp":1548959088,"path_taken":["M","M","?","$","M","R","?","R","T","?","E","?","E","?","R","BOSS"],"build_version":"2019-01-23","purchased_purges":0,"victory":false,"max_hp_per_floor":[70,70,70,70,70,70,70,70,70,70,70,70,70,70,70,70],"card_choices":[{"not_picked":["Backflip","Endless Agony"],"picked":"All Out Attack","floor":1},{"not_picked":["Acrobatics","Backflip"],"picked":"Quick Slash","floor":2},{"not_picked":["Blade Dance","Prepared"],"picked":"Calculated Gamble","floor":5},{"not_picked":["Outmaneuver","Bane"],"picked":"Bouncing Flask","floor":10},{"not_picked":["Burst","Blur"],"picked":"Poisoned Stab","floor":11},{"not_picked":["Deadly Poison","Quick Slash"],"picked":"Dodge and Roll","floor":13}],"player_experience":693038,"relics_obtained":[{"floor":9,"key":"Juzu Bracelet"},{"floor":11,"key":"Blue Candle"},{"floor":13,"key":"Ninja Scroll"}],"event_choices":[{"damage_healed":0,"gold_gain":0,"player_choice":"Grow","damage_taken":0,"max_hp_gain":0,"max_hp_loss":0,"event_name":"Living Wall","floor":3,"gold_loss":0,"cards_upgraded":["All Out Attack"]},{"damage_healed":0,"gold_gain":75,"player_choice":"Gather Gold","damage_taken":11,"max_hp_gain":0,"max_hp_loss":0,"event_name":"World of Goop","floor":7,"gold_loss":0},{"damage_healed":0,"gold_gain":0,"player_choice":"Searched \u00272\u0027 times","damage_taken":0,"relics_obtained":["Boot"],"max_hp_gain":0,"max_hp_loss":0,"event_name":"Dead Adventurer","floor":10,"gold_loss":0},{"damage_healed":0,"gold_gain":0,"player_choice":"2 cards matched","damage_taken":0,"max_hp_gain":0,"max_hp_loss":0,"event_name":"Match and Keep!","floor":12,"gold_loss":0,"cards_obtained":["Dagger Spray","Phantasmal Killer"]},{"damage_healed":0,"gold_gain":175,"player_choice":"AGREE","damage_taken":0,"max_hp_gain":0,"max_hp_loss":0,"event_name":"Liars Game","floor":14,"gold_loss":0,"cards_obtained":["Doubt"]}],"is_beta":false,"boss_relics":[],"items_purged_floors":[],"is_endless":false,"potions_floor_spawned":[2,5,10,13],"killed_by":"The Guardian","ascension_level":6}