{"gold_per_floor":[113,113,86,86,103,162,162,182,205,239,250,250,260,273,273,370,370,389,44,56,72,72,72,91,91,91,91,108,108,10,10,10,111,111,128,128,143,154,1153,1153,1165,1190,1190,1203,1203],"floor_reached":45,"playtime":1862,"items_purged":["Regret"],"score":760,"play_id":"f93a830e-d36d-4a13-97d6-bd55423c85f8","local_time":"20190216142748","is_ascension_mode":true,"campfire_choices":[{"data":"Havoc","floor":7,"key":"SMITH"},{"data":"Havoc","floor":15,"key":"SMITH"},{"floor":23,"key":"REST"},{"data":"Apotheosis","floor":25,"key":"SMITH"},{"floor":29,"key":"REST"},{"floor":32,"key":"REST"},{"floor":40,"key":"RECALL"}],"neow_cost":"NONE","seed_source_timestamp":174502746936303,"circlet_count":0,"master_deck":["Strike_R+1","Strike_R+1","Strike_R+1","Strike_R+1","Strike_R+1","Defend_R+1","Defend_R+1","Defend_R+1","Defend_R+1","Sword Boomerang","Havoc+1","Pommel Strike","Offering","Havoc+1","Cleave","Battle Trance","Clothesline","Inflame","Dark Embrace","Shrug It Off","Feel No Pain","Sword Boomerang+1","Apotheosis+1","Rage","Bandage Up","Mind Blast","Buffer","Body Slam+1","BootSequence+1","Rupture","Normality","Finesse+1","Shrug It Off+1","Regret","Parasite","Dark Shackles+1"],"relics":["Burning Blood","NeowsBlessing","Omamori","Tiny Chest","Happy Flower","Bird Faced Urn","Lantern","Runic Cube","PrismaticShard","Cursed Key","Dream Catcher","Regal Pillow","Pantograph"],"potions_floor_usage":[10,10,18,33,33,42,42,42],"damage_taken":[{"damage":0,"enemies":"Jaw Worm","floor":1,"turns":1},{"damage":0,"enemies":"Small Slimes","floor":5,"turns":1},{"damage":0,"enemies":"Gremlin Nob","floor":6,"turns":1},{"damage":6,"enemies":"2 Louse","floor":8,"turns":2},{"damage":37,"enemies":"Lagavulin","floor":10,"turns":4},{"damage":19,"enemies":"Gremlin Gang","floor":11,"turns":4},{"damage":9,"enemies":"Red Slaver","floor":13,"turns":3},{"damage":6,"enemies":"Looter","floor":14,"turns":3},{"damage":14,"enemies":"Slime Boss","floor":16,"turns":7},{"damage":29,"enemies":"2 Thieves","floor":18,"turns":4},{"damage":12,"enemies":"Spheric Guardian","floor":20,"turns":3},{"damage":38,"enemies":"Snecko","floor":21,"turns":6},{"damage":18,"enemies":"3 Cultists","floor":24,"turns":5},{"damage":18,"enemies":"Chosen and Byrds","floor":28,"turns":5},{"damage":67,"enemies":"Automaton","floor":33,"turns":12},{"damage":13,"enemies":"Orb Walker","floor":35,"turns":4},{"damage":28,"enemies":"3 Shapes","floor":37,"turns":6},{"damage":22,"enemies":"Spire Growth","floor":38,"turns":5},{"damage":24,"enemies":"Sphere and 2 Shapes","floor":41,"turns":6},{"damage":0,"enemies":"Reptomancer","floor":42,"turns":6},{"damage":67,"enemies":"Writhing Mass","floor":44,"turns":11},{"damage":59,"enemies":"4 Shapes","floor":45,"turns":3}],"seed_played":"1632007800374697305","potions_obtained":[{"floor":5,"key":"SkillPotion"},{"floor":8,"key":"Poison Potion"},{"floor":16,"key":"SkillPotion"},{"floor":20,"key":"SpeedPotion"},{"floor":28,"key":"SteroidPotion"},{"floor":33,"key":"Explosive Potion"},{"floor":38,"key":"Fire Potion"},{"floor":41,"key":"Swift Potion"},{"floor":44,"key":"Ancient Potion"}],"is_trial":false,"path_per_floor":["M","?","$","?","M","E","R","M","T","E","M","?","M","M","R","B",null,"M","$","M","M","?","R","M","R","T","?","M","R","$","?","R","B",null,"M","T","M","M","?","R","M","E","T","M","M"],"character_chosen":"IRONCLAD","items_purchased":["Havoc","PrismaticShard","Feel No Pain","Bandage Up"],"campfire_rested":3,"item_purchase_floors":[3,19,19,30],"current_hp_per_floor":[78,78,78,78,80,80,80,80,80,49,36,33,30,30,30,24,66,47,47,47,21,21,45,37,37,37,37,29,53,53,37,61,10,63,62,62,54,52,52,52,48,70,70,25,0],"gold":1203,"neow_bonus":"THREE_ENEMY_KILL","is_prod":false,"is_daily":false,"chose_seed":false,"campfire_upgraded":3,"win_rate":0,"timestamp":1550338068,"path_taken":["M","?","$","?","M","E","R","M","T","E","M","?","?","M","R","BOSS","M","$","M","M","?","R","M","R","T","?","?","R","?","?","R","BOSS","M","?","?","M","?","R","M","E","T","M","M"],"build_version":"2019-01-23","purchased_purges":1,"victory":false,"max_hp_per_floor":[80,80,80,80,80,80,80,80,80,80,80,80,80,80,80,80,80,80,80,80,80,80,80,80,80,80,80,80,80,80,80,80,80,80,80,80,80,80,80,80,80,80,80,80,80],"card_choices":[{"not_picked":["Clash","Feel No Pain"],"picked":"Sword Boomerang","floor":1},{"not_picked":["Wild Strike","Body Slam"],"picked":"Pommel Strike","floor":5},{"not_picked":["Corruption","Infernal Blade"],"picked":"Offering","floor":6},{"not_picked":["Clothesline","Ghostly Armor"],"picked":"Havoc","floor":8},{"not_picked":["Warcry","Body Slam"],"picked":"Cleave","floor":10},{"not_picked":["Evolve","Burning Pact"],"picked":"Battle Trance","floor":11},{"not_picked":["Clash","Entrench"],"picked":"Clothesline","floor":13},{"not_picked":["Sword Boomerang","Thunderclap"],"picked":"Inflame","floor":14},{"not_picked":["Double Tap","Offering"],"picked":"Dark Embrace","floor":16},{"not_picked":["Heavy Blade+1","Wild Strike+1"],"picked":"Shrug It Off","floor":18},{"not_picked":["Cloak And Dagger","Slice+1"],"picked":"Sword Boomerang+1","floor":20},{"not_picked":["Scrape+1","Ball Lightning+1"],"picked":"Apotheosis","floor":21},{"not_picked":["Hologram","Acrobatics+1"],"picked":"Rage","floor":24},{"not_picked":["Anger","Concentrate","Burning Pact"],"picked":"SKIP","floor":28},{"not_picked":["Reaper","Bullet Time"],"picked":"Buffer","floor":33},{"not_picked":["Static Discharge","Poisoned Stab+1"],"picked":"Body Slam+1","floor":35},{"not_picked":["Iron Wave+1","Prepared+1"],"picked":"BootSequence+1","floor":37},{"not_picked":["Blade Dance","Cold Snap"],"picked":"Rupture","floor":38},{"not_picked":["Compile Driver+1","Infernal Blade+1"],"picked":"Finesse+1","floor":41},{"not_picked":["Burning Pact","HandOfGreed"],"picked":"Shrug It Off+1","floor":42},{"not_picked":["Shockwave+1","Reinforced Body+1"],"picked":"Dark Shackles+1","floor":44}],"player_experience":781446,"relics_obtained":[{"floor":6,"key":"Tiny Chest"},{"floor":9,"key":"Happy Flower"},{"floor":10,"key":"Bird Faced Urn"},{"floor":36,"key":"Dream Catcher"},{"floor":42,"key":"Regal Pillow"},{"floor":43,"key":"Pantograph"}],"event_choices":[{"damage_healed":0,"gold_gain":0,"player_choice":"Leave","damage_taken":0,"max_hp_gain":0,"max_hp_loss":0,"event_name":"The Cleric","floor":2,"gold_loss":0},{"damage_healed":0,"gold_gain":0,"player_choice":"Box","damage_taken":0,"relics_obtained":["Omamori"],"max_hp_gain":0,"max_hp_loss":0,"event_name":"Big Fish","floor":4,"gold_loss":0,"cards_obtained":["Regret"]},{"damage_healed":0,"gold_gain":0,"player_choice":"Success","damage_taken":3,"relics_obtained":["Lantern"],"max_hp_gain":0,"max_hp_loss":0,"event_name":"Scrap Ooze","floor":12,"gold_loss":0},{"damage_healed":0,"gold_gain":0,"player_choice":"Simplicity","damage_taken":0,"max_hp_gain":0,"max_hp_loss":0,"event_name":"Back to Basics","floor":22,"gold_loss":0,"cards_upgraded":["Strike_R","Strike_R","Strike_R","Strike_R","Strike_R","Defend_R","Defend_R","Defend_R","Defend_R"]},{"cards_removed":["Bash"],"damage_healed":0,"gold_gain":0,"player_choice":"Purged","damage_taken":0,"max_hp_gain":0,"max_hp_loss":0,"event_name":"Purifier","floor":27,"gold_loss":0},{"damage_healed":0,"gold_gain":0,"player_choice":"CARD ","damage_taken":16,"max_hp_gain":0,"max_hp_loss":0,"event_name":"Knowing Skull","floor":31,"potions_obtained":[],"gold_loss":0,"cards_obtained":["Mind Blast"]},{"damage_healed":0,"gold_gain":999,"player_choice":"Gold","damage_taken":0,"max_hp_gain":0,"max_hp_loss":0,"event_name":"MindBloom","floor":39,"gold_loss":0,"cards_obtained":["Normality","Normality"]}],"is_beta":false,"boss_relics":[{"not_picked":["White Beast Statue","Snecko Eye"],"picked":"Runic Cube"},{"not_picked":["Lizard Tail","Orrery"],"picked":"Cursed Key"}],"items_purged_floors":[19],"is_endless":false,"potions_floor_spawned":[5,8,16,20,28,33,38,41,44],"killed_by":"4 Shapes","ascension_level":8}