{"path_per_floor":["M","?","$","?","M","E","R","E","T","R","E","R","?","M","R","B",null,"M","$","M","?","?"],"character_chosen":"DEFECT","items_purchased":["Magnetism","FTL","Apotheosis","Steam"],"gold_per_floor":[117,292,1,1,11,45,45,78,78,78,104,104,127,146,146,250,250,268,61,78,78,1,1],"floor_reached":23,"campfire_rested":3,"playtime":1097,"item_purchase_floors":[3,3,19,19],"current_hp_per_floor":[72,72,72,72,72,19,41,25,25,51,32,32,34,36,62,26,89,59,59,61,61,61,0],"items_purged":[],"gold":1,"score":236,"play_id":"4b9645d3-ee26-431f-9a8f-1b204070aead","local_time":"20180606025933","is_prod":false,"is_daily":false,"chose_seed":false,"is_ascension_mode":true,"campfire_upgraded":1,"win_rate":0,"timestamp":1528264773,"campfire_choices":[{"floor":7,"key":"REST"},{"floor":10,"key":"REST"},{"data":"Magnetism","floor":12,"key":"SMITH"},{"floor":15,"key":"REST"}],"path_taken":["M","?","?","?","M","E","R","E","T","R","E","R","?","?","R","BOSS","M","?","?","?","?","E"],"build_version":"2018-05-31","seed_source_timestamp":108311765287288,"purchased_purges":0,"victory":false,"master_deck":["Strike_B","Strike_B","Strike_B","Strike_B","Defend_B","Defend_B","Defend_B","Defend_B","Zap","Dualcast","Sunder","Magnetism+1","FTL","Ball Lightning","Defragment","Go for the Eyes","Auto Shields","Sweeping Beam","Go for the Eyes","Electrodynamics","Loop+1","Apotheosis","Steam","Steam","Defragment","J.A.X."],"max_hp_per_floor":[75,75,75,75,75,75,75,89,89,89,89,89,89,89,89,89,89,89,89,89,89,89,89],"relics":["Cracked Core","Gremlin Horn","Mango","Blood Vial","Lantern","Odd Mushroom","Black Star"],"card_choices":[{"not_picked":["Compile Driver","Coolheaded"],"picked":"Sunder","floor":1},{"not_picked":["Compile Driver","Rebound"],"picked":"Ball Lightning","floor":5},{"not_picked":["Rebound","Darkness"],"picked":"Defragment","floor":6},{"not_picked":["Compile Driver","Fusion"],"picked":"Go for the Eyes","floor":8},{"not_picked":["Undo","Barrage"],"picked":"Auto Shields","floor":11},{"not_picked":["Barrage","Gash"],"picked":"Sweeping Beam","floor":13},{"not_picked":["Chill","Hyperbeam"],"picked":"Go for the Eyes","floor":14},{"not_picked":["Hyperbeam","Rainbow"],"picked":"Electrodynamics","floor":16},{"not_picked":["Hologram","Chill"],"picked":"Loop+1","floor":18},{"not_picked":["Glacier+1","Stack"],"picked":"Steam","floor":20}],"player_experience":286279,"potions_floor_usage":[8,16,18,23],"damage_taken":[{"damage":3,"enemies":"2 Louse","floor":1,"turns":2},{"damage":0,"enemies":"Cultist","floor":5,"turns":2},{"damage":53,"enemies":"Lagavulin","floor":6,"turns":7},{"damage":30,"enemies":"Gremlin Nob","floor":8,"turns":4},{"damage":21,"enemies":"3 Sentries","floor":11,"turns":4},{"damage":0,"enemies":"The Mushroom Lair","floor":13,"turns":2},{"damage":0,"enemies":"Small Slimes","floor":14,"turns":2},{"damage":38,"enemies":"The Guardian","floor":16,"turns":8},{"damage":30,"enemies":"2 Thieves","floor":18,"turns":3},{"damage":0,"enemies":"Chosen","floor":20,"turns":5},{"damage":64,"enemies":"Slavers","floor":23,"turns":4}],"relics_obtained":[{"floor":6,"key":"Gremlin Horn"},{"floor":8,"key":"Mango"},{"floor":9,"key":"Blood Vial"},{"floor":11,"key":"Lantern"},{"floor":13,"key":"Odd Mushroom"}],"event_choices":[{"event_name":"Liars Game","player_choice":"agreed","floor":2,"damage_taken":0},{"event_name":"Fountain of Cleansing","player_choice":"Removed Curse","floor":4,"damage_taken":0},{"event_name":"Mushrooms","player_choice":"Fought Mushrooms","floor":13,"damage_taken":0},{"event_name":"The Library","player_choice":"Read","floor":21,"damage_taken":0},{"event_name":"Drug Dealer","player_choice":"Got JAXXED","floor":22,"damage_taken":0}],"boss_relics":[{"not_picked":["Eternal Feather","Tiny House"],"picked":"Black Star"}],"items_purged_floors":[],"potions_floor_spawned":[6,8,14,20],"seed_played":"2493891652414320830","killed_by":"Slavers","ascension_level":3,"potions_obtained":[{"floor":6,"key":"SteroidPotion"},{"floor":8,"key":"Weak Potion"},{"floor":14,"key":"Poison Potion"},{"floor":20,"key":"SpeedPotion"}],"is_trial":false}