{"gold_per_floor":[117,128,90,90,8,38,38,70,70,70,70,96,113,123,123,197,197,207,207,226,226,245,245,274,289,337,353,353,378,390,402,414,426],"floor_reached":33,"playtime":1157,"items_purged":[],"score":625,"play_id":"d775a8cd-4114-4a76-bd10-974fb0d45530","local_time":"20190412024912","is_ascension_mode":true,"campfire_choices":[{"data":"Storm","floor":11,"key":"SMITH"},{"floor":15,"key":"REST"},{"floor":23,"key":"REST"},{"floor":28,"key":"REST"},{"floor":30,"key":"REST"},{"floor":32,"key":"REST"}],"neow_cost":"NONE","seed_source_timestamp":46101767722761,"circlet_count":0,"master_deck":["AscendersBane","Strike_B","Defend_B","Defend_B","Defend_B","Defend_B","Zap","Dualcast","Leap","Genetic Algorithm","Storm+1","Heatsinks","Cold Snap","Melter","Glacier","Core Surge","Buffer","Self Repair+1","Reinforced Body+1","Loop+1","Doom and Gloom","Loop","Necronomicurse","Sweeping Beam","Self Repair","Self Repair","Jack Of All Trades","Chaos"],"relics":["Cracked Core","NeowsBlessing","Sundial","Lantern","Singing Bowl","Prayer Wheel","Astrolabe","Necronomicon","Emotion Chip","MawBank"],"potions_floor_usage":[4,8,8,8,16,16,24,27,29],"damage_taken":[{"damage":0,"enemies":"2 Louse","floor":1,"turns":1},{"damage":0,"enemies":"Cultist","floor":2,"turns":1},{"damage":0,"enemies":"3 Sentries","floor":6,"turns":1},{"damage":23,"enemies":"Lagavulin","floor":8,"turns":6},{"damage":29,"enemies":"3 Sentries","floor":12,"turns":7},{"damage":0,"enemies":"Small Slimes","floor":13,"turns":3},{"damage":8,"enemies":"Looter","floor":14,"turns":3},{"damage":37,"enemies":"The Guardian","floor":16,"turns":18},{"damage":14,"enemies":"Shell Parasite","floor":18,"turns":11},{"damage":0,"enemies":"Spheric Guardian","floor":20,"turns":3},{"damage":32,"enemies":"Snake Plant","floor":22,"turns":4},{"damage":25,"enemies":"Book of Stabbing","floor":24,"turns":6},{"damage":19,"enemies":"Cultist and Chosen","floor":25,"turns":6},{"damage":24,"enemies":"Centurion and Healer","floor":27,"turns":6},{"damage":57,"enemies":"Slavers","floor":29,"turns":6},{"damage":91,"enemies":"Champ","floor":33,"turns":13}],"seed_played":"7957726483306588807","potions_obtained":[{"floor":2,"key":"AttackPotion"},{"floor":4,"key":"Fruit Juice"},{"floor":4,"key":"EntropicBrew"},{"floor":12,"key":"Weak Potion"},{"floor":16,"key":"LiquidBronze"},{"floor":18,"key":"SteroidPotion"},{"floor":27,"key":"Poison Potion"}],"is_trial":false,"path_per_floor":["M","M","$","?","$","E","?","E","T","$","R","E","M","M","R","B",null,"M","?","M","?","M","R","E","M","T","M","R","E","R","?","R","B"],"character_chosen":"DEFECT","items_purchased":["Storm","Heatsinks"],"campfire_rested":5,"item_purchase_floors":[3,5],"current_hp_per_floor":[64,64,64,69,69,69,69,46,46,46,46,19,21,15,39,2,62,60,60,72,56,36,62,49,42,42,39,67,27,55,55,83,0],"gold":426,"neow_bonus":"THREE_ENEMY_KILL","is_prod":false,"is_daily":false,"chose_seed":false,"campfire_upgraded":1,"win_rate":0,"timestamp":1555048152,"path_taken":["M","M","$","?","?","E","?","E","T","$","R","E","M","M","R","BOSS","M","?","M","?","M","R","E","M","T","?","R","E","R","?","R","BOSS"],"build_version":"2019-01-23","purchased_purges":0,"victory":false,"max_hp_per_floor":[71,71,71,76,76,76,76,76,76,76,76,78,80,82,82,82,82,84,84,86,86,88,88,90,92,92,96,96,96,96,96,96,96],"card_choices":[{"not_picked":["Compile Driver","Go for the Eyes"],"picked":"Leap","floor":1},{"not_picked":["Coolheaded","Steam"],"picked":"Genetic Algorithm","floor":2},{"not_picked":["Melter","Beam Cell"],"picked":"Cold Snap","floor":6},{"not_picked":["Meteor Strike","Compile Driver"],"picked":"Melter","floor":8},{"not_picked":["Stack","Amplify","Turbo"],"picked":"Singing Bowl","floor":12},{"not_picked":["Compile Driver","Leap"],"picked":"Glacier","floor":13},{"not_picked":["Rebound","Reinforced Body","Chaos"],"picked":"Singing Bowl","floor":13},{"not_picked":["Redo","Streamline","Turbo"],"picked":"Singing Bowl","floor":14},{"not_picked":["Streamline","BootSequence"],"picked":"Core Surge","floor":14},{"not_picked":["Multi-Cast","Hyperbeam"],"picked":"Buffer","floor":16},{"not_picked":["Consume","Glacier"],"picked":"Doom and Gloom","floor":18},{"not_picked":["Cold Snap","Rebound","Gash"],"picked":"Singing Bowl","floor":18},{"not_picked":["Beam Cell","Streamline","Reinforced Body"],"picked":"Singing Bowl","floor":20},{"not_picked":["Rip and Tear+1","Heatsinks"],"picked":"Loop","floor":20},{"not_picked":["Conserve Battery","Streamline+1"],"picked":"Sweeping Beam","floor":22},{"not_picked":["Compile Driver","Redo","Gash+1"],"picked":"Singing Bowl","floor":22},{"not_picked":["All For One","Stack","BootSequence"],"picked":"Singing Bowl","floor":24},{"not_picked":["Beam Cell","Conserve Battery"],"picked":"Self Repair","floor":25},{"not_picked":["Conserve Battery","Stack","Compile Driver+1"],"picked":"Singing Bowl","floor":25},{"not_picked":["Leap","Redo","Tempest+1"],"picked":"Singing Bowl","floor":27},{"not_picked":["Redo","Cold Snap","Meteor Strike"],"picked":"Singing Bowl","floor":27},{"not_picked":["Compile Driver","Gash"],"picked":"Self Repair","floor":29}],"player_experience":1086467,"relics_obtained":[{"floor":6,"key":"Sundial"},{"floor":8,"key":"Lantern"},{"floor":9,"key":"Singing Bowl"},{"floor":12,"key":"Prayer Wheel"},{"floor":21,"key":"Necronomicon"},{"floor":24,"key":"Emotion Chip"},{"floor":29,"key":"MawBank"}],"event_choices":[{"damage_healed":0,"gold_gain":0,"player_choice":"Got Potions","damage_taken":0,"max_hp_gain":0,"max_hp_loss":0,"event_name":"Lab","floor":4,"gold_loss":0},{"damage_healed":0,"gold_gain":0,"player_choice":"Leave","damage_taken":0,"max_hp_gain":0,"max_hp_loss":0,"event_name":"The Cleric","floor":7,"gold_loss":0},{"damage_healed":0,"gold_gain":0,"player_choice":"Ignored","damage_taken":0,"max_hp_gain":0,"max_hp_loss":0,"event_name":"Ghosts","floor":19,"gold_loss":0},{"damage_healed":0,"gold_gain":0,"player_choice":"Obtained Book","damage_taken":16,"max_hp_gain":0,"max_hp_loss":0,"event_name":"Cursed Tome","floor":21,"gold_loss":0},{"damage_healed":0,"gold_gain":0,"player_choice":"2 cards matched","damage_taken":0,"max_hp_gain":0,"max_hp_loss":0,"event_name":"Match and Keep!","floor":31,"gold_loss":0,"cards_obtained":["Jack Of All Trades","Chaos"]}],"is_beta":false,"boss_relics":[{"not_picked":["Pandora\u0027s Box","Calling Bell"],"picked":"Astrolabe"}],"items_purged_floors":[],"is_endless":false,"potions_floor_spawned":[2,12,13,16,18,22,27],"killed_by":"Champ","ascension_level":14}