{"gold_per_floor":[112,187,187,200,220,230,230,264,287,309,327,327,353,191,191,289,289,301,51,51,61,61,61,122,122,122,148,162,175,204,204,204,306,306,319,319,331,341,361,391,402,402,427,462,481,493,521,521,521,521,521,521,6,34,34],"floor_reached":55,"playtime":4942,"items_purged":["Strike_R","Strike_R","Defend_R"],"score":877,"play_id":"607b49cf-afa5-4e52-8211-040023ffb7b4","local_time":"20190506150041","is_ascension_mode":false,"campfire_choices":[{"data":"Armaments","floor":7,"key":"SMITH"},{"data":"Disarm","floor":12,"key":"SMITH"},{"data":"True Grit","floor":15,"key":"SMITH"},{"data":"Pommel Strike","floor":23,"key":"SMITH"},{"data":"Rampage","floor":32,"key":"SMITH"},{"data":"Offering","floor":42,"key":"SMITH"},{"floor":49,"key":"RECALL"},{"data":"Exhume","floor":52,"key":"SMITH"}],"neow_cost":"NONE","seed_source_timestamp":700956684046473,"circlet_count":0,"master_deck":["Defend_R+1","Defend_R+1","Defend_R","Bash+1","Twin Strike","Pommel Strike+1","Armaments+1","Ghostly Armor","Disarm+1","True Grit+1","Rampage+1","Impatience","Offering+1","Inflame+1","Impervious+1","Flame Barrier+1","Headbutt+1","Exhume+1","Uppercut+1","Battle Trance+1","True Grit+1","Reaper","Whirlwind","Shrug It Off","Evolve+1","Swift Strike","Purity","Shrug It Off+1"],"relics":["Burning Blood","Blood Vial","Lantern","Oddly Smooth Stone","Odd Mushroom","PreservedInsect","Astrolabe","Bronze Scales","Tiny Chest","Pocketwatch","Shuriken","Juzu Bracelet","Coffee Dripper","Meat on the Bone","Paper Frog","War Paint","Red Skull","Champion Belt","Self Forming Clay","Calipers"],"potions_floor_usage":[8,13,24,27,33,40,44,46,50,54,55,55],"damage_taken":[{"damage":6,"enemies":"Cultist","floor":1,"turns":3},{"damage":3,"enemies":"Jaw Worm","floor":4,"turns":3},{"damage":0,"enemies":"Small Slimes","floor":5,"turns":3},{"damage":9,"enemies":"Blue Slaver","floor":6,"turns":4},{"damage":8,"enemies":"Gremlin Nob","floor":8,"turns":4},{"damage":7,"enemies":"The Mushroom Lair","floor":10,"turns":5},{"damage":13,"enemies":"Red Slaver","floor":11,"turns":2},{"damage":16,"enemies":"3 Sentries","floor":13,"turns":8},{"damage":41,"enemies":"Slime Boss","floor":16,"turns":14},{"damage":6,"enemies":"Shell Parasite","floor":18,"turns":6},{"damage":6,"enemies":"2 Thieves","floor":21,"turns":4},{"damage":7,"enemies":"Gremlin Leader","floor":24,"turns":9},{"damage":6,"enemies":"Slavers","floor":27,"turns":4},{"damage":7,"enemies":"Shelled Parasite and Fungi","floor":28,"turns":6},{"damage":6,"enemies":"Snake Plant","floor":29,"turns":4},{"damage":7,"enemies":"Gremlin Leader","floor":30,"turns":4},{"damage":6,"enemies":"Champ","floor":33,"turns":11},{"damage":6,"enemies":"3 Shapes","floor":35,"turns":7},{"damage":13,"enemies":"3 Darklings","floor":37,"turns":5},{"damage":12,"enemies":"Spire Growth","floor":38,"turns":3},{"damage":14,"enemies":"4 Shapes","floor":39,"turns":4},{"damage":12,"enemies":"Nemesis","floor":40,"turns":5},{"damage":12,"enemies":"Transient","floor":41,"turns":5},{"damage":39,"enemies":"Reptomancer","floor":44,"turns":5},{"damage":24,"enemies":"Jaw Worm Horde","floor":45,"turns":5},{"damage":6,"enemies":"4 Shapes","floor":46,"turns":11},{"damage":20,"enemies":"Nemesis","floor":47,"turns":5},{"damage":29,"enemies":"Awakened One","floor":50,"turns":15},{"damage":56,"enemies":"Shield and Spear","floor":54,"turns":9},{"damage":74,"enemies":"The Heart","floor":55,"turns":9}],"seed_played":"1316452490727057847","potions_obtained":[{"floor":1,"key":"Poison Potion"},{"floor":5,"key":"Block Potion"},{"floor":6,"key":"LiquidBronze"},{"floor":16,"key":"Fire Potion"},{"floor":18,"key":"Explosive Potion"},{"floor":24,"key":"BloodPotion"},{"floor":30,"key":"PowerPotion"},{"floor":33,"key":"PowerPotion"},{"floor":40,"key":"AttackPotion"},{"floor":45,"key":"BloodPotion"},{"floor":46,"key":"Fruit Juice"},{"floor":47,"key":"PowerPotion"}],"is_trial":false,"path_per_floor":["M","?","?","M","M","M","R","E","T","?","M","R","E","$","R","B",null,"M","$","?","M","?","R","E","?","T","E","M","M","E","?","R","B",null,"M","T","M","M","M","E","M","R","T","E","M","M","E","?","R","B",null,"R","$","E","B"],"character_chosen":"IRONCLAD","items_purchased":["Impatience","Bronze Scales","Weak Potion","Self Forming Clay","Purity"],"campfire_rested":0,"item_purchase_floors":[14,19,53,53,53],"current_hp_per_floor":[80,69,57,62,70,69,69,69,69,70,65,65,57,57,57,24,80,80,80,65,67,67,67,68,68,68,70,71,73,74,74,74,76,85,85,85,85,85,85,85,85,85,85,52,71,90,76,66,66,67,90,90,90,62,0],"gold":34,"neow_bonus":"RANDOM_COMMON_RELIC","is_prod":false,"is_daily":false,"chose_seed":false,"campfire_upgraded":7,"win_rate":0,"timestamp":1557151241,"path_taken":["M","?","?","M","M","M","R","E","T","?","M","R","E","?","R","BOSS","M","$","?","M","?","R","E","?","T","E","M","M","E","?","R","BOSS","M","?","M","M","M","E","M","R","T","E","M","M","E","?","R","BOSS","R","$","E","BOSS"],"build_version":"2019-04-23","purchased_purges":3,"victory":false,"max_hp_per_floor":[80,80,80,80,80,80,80,80,80,80,80,80,80,80,80,80,80,80,80,85,85,85,85,85,85,85,85,85,85,85,85,85,85,85,85,85,85,85,85,85,85,85,85,85,85,90,90,90,90,90,90,90,90,90,90],"card_choices":[{"not_picked":["Dropkick","Searing Blow"],"picked":"Twin Strike","floor":1},{"not_picked":["Heavy Blade","Clash"],"picked":"Pommel Strike","floor":4},{"not_picked":["Ghostly Armor","Bloodletting"],"picked":"Armaments","floor":5},{"not_picked":["Entrench","Havoc"],"picked":"Ghostly Armor","floor":6},{"not_picked":["True Grit","Headbutt"],"picked":"Disarm","floor":8},{"not_picked":["Wild Strike","Twin Strike"],"picked":"True Grit","floor":10},{"not_picked":["Twin Strike","Havoc","Wild Strike"],"picked":"SKIP","floor":11},{"not_picked":["Entrench","Reckless Charge"],"picked":"Rampage","floor":13},{"not_picked":["Impervious","Demon Form"],"picked":"Offering","floor":16},{"not_picked":["Heavy Blade","Shrug It Off"],"picked":"Headbutt+1","floor":18},{"not_picked":["True Grit","Infernal Blade+1"],"picked":"Exhume","floor":21},{"not_picked":["Rampage","Juggernaut","Spot Weakness"],"picked":"SKIP","floor":24},{"not_picked":["Clothesline+1","Perfected Strike","Pommel Strike"],"picked":"SKIP","floor":27},{"not_picked":["Heavy Blade","Twin Strike","Clothesline"],"picked":"SKIP","floor":28},{"not_picked":["Headbutt","Twin Strike"],"picked":"Uppercut+1","floor":29},{"not_picked":["Wild Strike","Searing Blow+1"],"picked":"Battle Trance+1","floor":30},{"not_picked":["Brutality","Juggernaut"],"picked":"Reaper","floor":33},{"not_picked":["Perfected Strike+1","Fire Breathing","Anger"],"picked":"SKIP","floor":35},{"not_picked":["Fire Breathing+1","Perfected Strike+1","Flex"],"picked":"SKIP","floor":37},{"not_picked":["Immolate","Reckless Charge+1","Twin Strike"],"picked":"SKIP","floor":38},{"not_picked":["Immolate","Reckless Charge+1","Twin Strike"],"picked":"SKIP","floor":38},{"not_picked":["Flex","Warcry"],"picked":"Whirlwind","floor":39},{"not_picked":["Entrench","Second Wind"],"picked":"Shrug It Off","floor":40},{"not_picked":["Ghostly Armor+1","Iron Wave+1","Searing Blow"],"picked":"SKIP","floor":41},{"not_picked":["True Grit","Warcry","Wild Strike+1"],"picked":"SKIP","floor":44},{"not_picked":["Flex","Havoc"],"picked":"Evolve+1","floor":45},{"not_picked":["Perfected Strike+1","Evolve","Corruption+1"],"picked":"SKIP","floor":46},{"not_picked":["Bludgeon","Armaments+1","Rupture"],"picked":"SKIP","floor":47},{"not_picked":["Blind","Jack Of All Trades"],"picked":"Swift Strike","floor":48},{"not_picked":["Warcry","Shockwave"],"picked":"Shrug It Off+1","floor":54}],"player_experience":1325369,"relics_obtained":[{"floor":8,"key":"Oddly Smooth Stone"},{"floor":10,"key":"Odd Mushroom"},{"floor":13,"key":"PreservedInsect"},{"floor":24,"key":"Tiny Chest"},{"floor":26,"key":"Pocketwatch"},{"floor":27,"key":"Shuriken"},{"floor":30,"key":"Juzu Bracelet"},{"floor":36,"key":"Meat on the Bone"},{"floor":40,"key":"Paper Frog"},{"floor":43,"key":"War Paint"},{"floor":44,"key":"Red Skull"},{"floor":47,"key":"Champion Belt"},{"floor":54,"key":"Calipers"}],"event_choices":[{"damage_healed":0,"gold_gain":75,"player_choice":"Gather Gold","damage_taken":11,"max_hp_gain":0,"max_hp_loss":0,"event_name":"World of Goop","floor":2,"gold_loss":0},{"damage_healed":0,"gold_gain":0,"player_choice":"Success","damage_taken":12,"relics_obtained":["Lantern"],"max_hp_gain":0,"max_hp_loss":0,"event_name":"Scrap Ooze","floor":3,"gold_loss":0},{"damage_healed":0,"gold_gain":0,"player_choice":"Fought Mushrooms","damage_taken":0,"max_hp_gain":0,"max_hp_loss":0,"event_name":"Mushrooms","floor":10,"gold_loss":0},{"damage_healed":0,"gold_gain":0,"player_choice":"Shed Blood","damage_taken":20,"max_hp_gain":5,"max_hp_loss":0,"event_name":"Forgotten Altar","floor":20,"gold_loss":0},{"damage_healed":0,"gold_gain":0,"player_choice":"Ignored","damage_taken":0,"max_hp_gain":0,"max_hp_loss":0,"event_name":"Vampires","floor":22,"gold_loss":0},{"damage_healed":0,"gold_gain":0,"player_choice":"Forge","damage_taken":0,"max_hp_gain":0,"max_hp_loss":0,"event_name":"Accursed Blacksmith","floor":25,"gold_loss":0,"cards_upgraded":["Bash"]},{"damage_healed":0,"gold_gain":0,"player_choice":"Copied","damage_taken":0,"max_hp_gain":0,"max_hp_loss":0,"event_name":"Duplicator","floor":31,"gold_loss":0,"cards_obtained":["True Grit"]},{"damage_healed":0,"gold_gain":0,"player_choice":"Memory 3","damage_taken":10,"max_hp_gain":0,"max_hp_loss":0,"event_name":"SensoryStone","floor":48,"gold_loss":0}],"is_beta":true,"boss_relics":[{"not_picked":["Orrery","Pandora\u0027s Box"],"picked":"Astrolabe"},{"not_picked":["Sozu","Black Star"],"picked":"Coffee Dripper"}],"items_purged_floors":[14,19,53],"is_endless":false,"potions_floor_spawned":[1,5,6,16,18,24,30,33,40,45,46,47],"killed_by":"The Heart","ascension_level":0}