{"gold_per_floor":[115,190,34,48,48,48,62,62,62,62,79,104,54,54,54,152,152,163,1,14,14,14,40,56,75,75,94,121,139,154,164,164,263,263,263,279,3,3,18,44,44,63,63,80,115,135,135,8,8,8,8,8,8,38,38],"floor_reached":56,"playtime":3007,"items_purged":["Strike_B","Dualcast"],"score":1251,"play_id":"4fce28b8-b929-4e0c-9263-b7f19421fb3b","local_time":"20190304155319","is_ascension_mode":false,"campfire_choices":[{"data":"Zap","floor":6,"key":"SMITH"},{"data":"Ball Lightning","floor":8,"key":"SMITH"},{"data":"Capacitor","floor":15,"key":"SMITH"},{"data":"Coolheaded","floor":32,"key":"SMITH"},{"data":"Heatsinks","floor":41,"key":"SMITH"},{"data":"Fission","floor":47,"key":"SMITH"},{"floor":49,"key":"RECALL"},{"data":"Storm","floor":52,"key":"SMITH"}],"neow_cost":"PERCENT_DAMAGE","seed_source_timestamp":396552676503189,"circlet_count":0,"master_deck":["Zap+1","Ball Lightning+1","Self Repair+1","Hologram+1","Storm+1","Compile Driver","Capacitor+1","Biased Cognition","Cold Snap+1","Panache","Steam+1","Defragment+1","Genetic Algorithm","FTL","Heatsinks+1","Coolheaded+1","Core Surge","Cold Snap+1","Rip and Tear+1","Go for the Eyes+1","Glacier+1","Coolheaded+1","Capacitor","Coolheaded+1","Fission+1","Conserve Battery+1"],"relics":["Cracked Core","Meat on the Bone","Cursed Key","Question Card","Pear","Astrolabe","DollysMirror","Smiling Mask","Potion Belt","DataDisk"],"potions_floor_usage":[23,23,24,33,33,35,40,55,55,55,55,55],"damage_taken":[{"damage":1,"enemies":"Jaw Worm","floor":1,"turns":3},{"damage":0,"enemies":"Small Slimes","floor":4,"turns":3},{"damage":0,"enemies":"2 Louse","floor":7,"turns":2},{"damage":8,"enemies":"Lots of Slimes","floor":11,"turns":3},{"damage":16,"enemies":"Lagavulin","floor":12,"turns":5},{"damage":31,"enemies":"Hexaghost","floor":16,"turns":8},{"damage":5,"enemies":"Shell Parasite","floor":18,"turns":3},{"damage":0,"enemies":"Chosen","floor":20,"turns":3},{"damage":13,"enemies":"Gremlin Leader","floor":23,"turns":5},{"damage":0,"enemies":"Sentry and Sphere","floor":24,"turns":3},{"damage":10,"enemies":"Snecko","floor":25,"turns":4},{"damage":9,"enemies":"Snake Plant","floor":27,"turns":3},{"damage":12,"enemies":"Book of Stabbing","floor":28,"turns":4},{"damage":4,"enemies":"Shelled Parasite and Fungi","floor":29,"turns":5},{"damage":5,"enemies":"Sentry and Sphere","floor":30,"turns":3},{"damage":11,"enemies":"Snecko","floor":31,"turns":4},{"damage":17,"enemies":"Champ","floor":33,"turns":6},{"damage":0,"enemies":"3 Darklings","floor":35,"turns":2},{"damage":0,"enemies":"3 Shapes","floor":36,"turns":3},{"damage":0,"enemies":"Sphere and 2 Shapes","floor":39,"turns":6},{"damage":44,"enemies":"Reptomancer","floor":40,"turns":6},{"damage":0,"enemies":"Transient","floor":42,"turns":5},{"damage":0,"enemies":"Spire Growth","floor":44,"turns":3},{"damage":0,"enemies":"Giant Head","floor":45,"turns":7},{"damage":7,"enemies":"4 Shapes","floor":46,"turns":3},{"damage":20,"enemies":"Donu and Deca","floor":50,"turns":7},{"damage":23,"enemies":"Shield and Spear","floor":54,"turns":6},{"damage":4,"enemies":"The Heart","floor":55,"turns":7}],"seed_played":"-6192695834791025907","potions_obtained":[{"floor":7,"key":"Energy Potion"},{"floor":11,"key":"SteroidPotion"},{"floor":16,"key":"AttackPotion"},{"floor":21,"key":"Block Potion"},{"floor":23,"key":"Swift Potion"},{"floor":25,"key":"PowerPotion"},{"floor":29,"key":"GamblersBrew"},{"floor":33,"key":"SmokeBomb"},{"floor":44,"key":"Strength Potion"},{"floor":45,"key":"LiquidBronze"},{"floor":46,"key":"Fire Potion"},{"floor":54,"key":"Fire Potion"}],"is_trial":false,"path_per_floor":["M","?","$","M","?","R","M","R","T","?","M","E","?","?","R","B",null,"M","$","M","?","$","E","M","M","T","M","E","M","M","M","R","B",null,"M","M","$","?","M","E","R","M","T","M","E","M","R","$","R","B",null,"R","$","E","B",null],"character_chosen":"DEFECT","items_purchased":["Self Repair","Panache","DollysMirror","Capacitor","FocusPotion"],"campfire_rested":0,"item_purchase_floors":[3,19,37,37,48],"current_hp_per_floor":[53,42,42,49,34,34,44,44,44,44,46,40,40,45,45,36,80,80,80,80,80,80,77,80,80,80,80,88,90,90,89,89,82,90,90,90,90,90,90,56,56,66,66,76,86,89,89,89,89,79,90,90,90,77,83],"gold":38,"neow_bonus":"REMOVE_TWO","is_prod":false,"is_daily":false,"chose_seed":false,"campfire_upgraded":7,"win_rate":0,"timestamp":1551714799,"path_taken":["M","?","$","M","?","R","M","R","T","?","M","E","?","?","R","BOSS","M","$","M","?","$","E","M","M","T","M","E","M","M","M","R","BOSS","M","?","$","?","?","E","R","M","T","M","E","?","R","$","R","BOSS","R","$","E","BOSS"],"build_version":"2019-02-06","purchased_purges":2,"victory":true,"max_hp_per_floor":[75,75,75,75,75,75,75,75,75,75,75,75,75,80,80,80,80,80,80,80,80,80,80,80,80,80,80,90,90,90,90,90,90,90,90,90,90,90,90,90,90,90,90,90,90,90,90,90,90,90,90,90,90,90,90],"card_choices":[{"not_picked":["Steam","Hologram"],"picked":"Ball Lightning","floor":1},{"not_picked":["Gash","Stack"],"picked":"Hologram","floor":4},{"not_picked":["Stack","Leap"],"picked":"Storm","floor":7},{"not_picked":["Hologram","Redo"],"picked":"Compile Driver","floor":11},{"not_picked":["Blizzard","Stack"],"picked":"Capacitor","floor":12},{"not_picked":["Electrodynamics","Creative AI"],"picked":"Biased Cognition","floor":16},{"not_picked":["Heatsinks","Turbo"],"picked":"Cold Snap+1","floor":18},{"not_picked":["Melter","Beam Cell+1"],"picked":"Steam+1","floor":20},{"not_picked":["Beam Cell","Static Discharge+1","Steam"],"picked":"SKIP","floor":23},{"not_picked":["Rebound","Loop","Reboot","Recycle"],"picked":"SKIP","floor":24},{"not_picked":["Redo+1","Ball Lightning+1","Go for the Eyes","Leap"],"picked":"SKIP","floor":25},{"not_picked":["Tempest","Ball Lightning","Hello World"],"picked":"Defragment+1","floor":27},{"not_picked":["Hello World","Rebound+1","Thunder Strike"],"picked":"Genetic Algorithm","floor":28},{"not_picked":["Blizzard","Loop+1","Redo+1"],"picked":"FTL","floor":29},{"not_picked":["Cold Snap+1","Compile Driver","Redo"],"picked":"Heatsinks","floor":30},{"not_picked":["Steam","Beam Cell","Loop"],"picked":"Coolheaded","floor":31},{"not_picked":["Seek","All For One","Buffer"],"picked":"Core Surge","floor":33},{"not_picked":["Double Energy+1","Rebound","Stack"],"picked":"Glacier+1","floor":36},{"not_picked":["Double Energy","Go for the Eyes","Ball Lightning","Rip and Tear"],"picked":"SKIP","floor":39},{"not_picked":["Defragment","Static Discharge","Streamline+1"],"picked":"Fission","floor":40},{"not_picked":["Turbo","Cold Snap+1","Barrage+1","Rebound+1"],"picked":"SKIP","floor":42},{"not_picked":["Barrage+1","Streamline","Auto Shields+1","Rebound+1"],"picked":"SKIP","floor":44},{"not_picked":["Chill","Steam","Aggregate+1","Chaos"],"picked":"SKIP","floor":45},{"not_picked":["Ball Lightning","Static Discharge","Aggregate","BootSequence+1"],"picked":"SKIP","floor":46},{"not_picked":["Hologram+1","Sweeping Beam","Go for the Eyes"],"picked":"Conserve Battery+1","floor":54}],"player_experience":998943,"relics_obtained":[{"floor":12,"key":"Meat on the Bone"},{"floor":23,"key":"Question Card"},{"floor":28,"key":"Pear"},{"floor":40,"key":"Smiling Mask"},{"floor":45,"key":"Potion Belt"},{"floor":54,"key":"DataDisk"}],"event_choices":[{"damage_healed":0,"gold_gain":75,"player_choice":"Gather Gold","damage_taken":11,"max_hp_gain":0,"max_hp_loss":0,"event_name":"World of Goop","floor":2,"gold_loss":0},{"damage_healed":0,"gold_gain":0,"player_choice":"Entered Light","damage_taken":15,"max_hp_gain":0,"max_hp_loss":0,"event_name":"Shining Light","floor":5,"gold_loss":0,"cards_upgraded":["Self Repair","Hologram"]},{"cards_removed":["Defend_B"],"damage_healed":0,"gold_gain":0,"player_choice":"Forget","damage_taken":0,"max_hp_gain":0,"max_hp_loss":0,"event_name":"Living Wall","floor":10,"gold_loss":0},{"cards_removed":["Strike_B"],"damage_healed":0,"gold_gain":0,"player_choice":"Card Removal","damage_taken":0,"max_hp_gain":0,"max_hp_loss":0,"event_name":"The Cleric","floor":13,"gold_loss":50},{"damage_healed":0,"gold_gain":0,"player_choice":"Donut","damage_taken":0,"max_hp_gain":5,"max_hp_loss":0,"event_name":"Big Fish","floor":14,"gold_loss":0},{"damage_healed":0,"gold_gain":0,"player_choice":"Got Potions","damage_taken":0,"max_hp_gain":0,"max_hp_loss":0,"event_name":"Lab","floor":21,"gold_loss":0},{"damage_healed":0,"gold_gain":0,"player_choice":"Copied","damage_taken":0,"max_hp_gain":0,"max_hp_loss":0,"event_name":"Duplicator","floor":38,"gold_loss":0,"cards_obtained":["Coolheaded"]}],"is_beta":true,"boss_relics":[{"not_picked":["Snecko Eye","Pandora\u0027s Box"],"picked":"Cursed Key"},{"not_picked":["Runic Dome","Sozu"],"picked":"Astrolabe"}],"items_purged_floors":[3,48],"is_endless":false,"potions_floor_spawned":[7,11,16,18,23,25,29,31,33,35,44,45,46,54],"ascension_level":0}