{"gold_per_floor":[115,127,202,212,224,224,149,177,177,195,224,234,234,134,134,211,211,227,245,264,119,130,130,159,159,159,172,55,83,97,127,127,203,203,219,319,337,99,145,145,178,178,178,204,214,214,1,1,1,1],"floor_reached":51,"playtime":2001,"items_purged":["Strike_R","Strike_R","Strike_R"],"score":1413,"play_id":"7a444230-71dc-4d65-866d-b04a266a2121","local_time":"20190429121339","is_ascension_mode":true,"campfire_choices":[{"data":"Inflame","floor":6,"key":"SMITH"},{"floor":13,"key":"REST"},{"data":"Shockwave","floor":15,"key":"SMITH"},{"data":"Demon Form","floor":23,"key":"SMITH"},{"data":"Heavy Blade","floor":25,"key":"SMITH"},{"floor":32,"key":"REST"},{"data":"Dual Wield","floor":40,"key":"SMITH"},{"data":"Heavy Blade","floor":42,"key":"SMITH"},{"data":"Flame Barrier","floor":49,"key":"SMITH"}],"neow_cost":"NONE","seed_source_timestamp":532329342978799,"circlet_count":0,"master_deck":["AscendersBane","Strike_R","Defend_R","Defend_R","Defend_R","Defend_R","Bash","Inflame+1","Cleave","Thunderclap","Metallicize","Shrug It Off","Shockwave+1","Heavy Blade+1","Demon Form+1","Heavy Blade+1","Dual Wield+1","Whirlwind","Armaments+1","Shrug It Off","Reaper+1","Heavy Blade+1","Heavy Blade+1","Heavy Blade+1","Shrug It Off","Shrug It Off","Flame Barrier+1"],"relics":["Burning Blood","Lantern","Dodecahedron","The Courier","Champion Belt","Snecko Eye","Mummified Hand","Molten Egg 2","Anchor","StoneCalendar","Turnip","Mark of Pain","Ice Cream","Bottled Tornado","FossilizedHelix","Bag of Marbles","Prayer Wheel","Boot","Letter Opener"],"potions_floor_usage":[2,12,16,22,24,33,45,50],"damage_taken":[{"damage":1,"enemies":"Cultist","floor":1,"turns":4},{"damage":2,"enemies":"Jaw Worm","floor":2,"turns":4},{"damage":2,"enemies":"Small Slimes","floor":4,"turns":5},{"damage":16,"enemies":"Blue Slaver","floor":5,"turns":4},{"damage":36,"enemies":"Lagavulin","floor":8,"turns":7},{"damage":19,"enemies":"Large Slime","floor":10,"turns":7},{"damage":12,"enemies":"Gremlin Nob","floor":11,"turns":4},{"damage":4,"enemies":"Lots of Slimes","floor":12,"turns":2},{"damage":17,"enemies":"The Guardian","floor":16,"turns":10},{"damage":12,"enemies":"Chosen","floor":18,"turns":5},{"damage":9,"enemies":"2 Thieves","floor":19,"turns":3},{"damage":5,"enemies":"Cultist and Chosen","floor":20,"turns":3},{"damage":17,"enemies":"Snecko","floor":22,"turns":5},{"damage":25,"enemies":"Slavers","floor":24,"turns":3},{"damage":5,"enemies":"3 Cultists","floor":27,"turns":3},{"damage":18,"enemies":"Gremlin Leader","floor":29,"turns":4},{"damage":7,"enemies":"Centurion and Healer","floor":30,"turns":4},{"damage":17,"enemies":"Book of Stabbing","floor":31,"turns":5},{"damage":20,"enemies":"Collector","floor":33,"turns":7},{"damage":12,"enemies":"3 Shapes","floor":35,"turns":4},{"damage":0,"enemies":"Mind Bloom Boss Battle","floor":36,"turns":5},{"damage":1,"enemies":"Orb Walker","floor":37,"turns":3},{"damage":1,"enemies":"2 Orb Walkers","floor":39,"turns":2},{"damage":3,"enemies":"Reptomancer","floor":41,"turns":4},{"damage":12,"enemies":"Nemesis","floor":44,"turns":5},{"damage":26,"enemies":"Jaw Worm Horde","floor":45,"turns":4},{"damage":28,"enemies":"Awakened One","floor":50,"turns":6}],"seed_played":"-7178168842060720709","potions_obtained":[{"floor":1,"key":"Fruit Juice"},{"floor":8,"key":"Swift Potion"},{"floor":11,"key":"Swift Potion"},{"floor":16,"key":"Regen Potion"},{"floor":19,"key":"Regen Potion"},{"floor":24,"key":"Strength Potion"},{"floor":31,"key":"Ancient Potion"},{"floor":33,"key":"EssenceOfSteel"},{"floor":44,"key":"Energy Potion"}],"is_trial":false,"path_per_floor":["M","M","?","M","M","R","?","E","T","M","E","M","R","$","R","B",null,"M","M","M","$","M","R","E","R","T","M","$","E","M","E","R","B",null,"M","?","M","$","?","R","E","R","T","E","M","?","$","T","R","B",null],"character_chosen":"IRONCLAD","items_purchased":["PowerPotion","Whirlwind","Anchor","Bottled Tornado","Heavy Blade+1","Shrug It Off","Shrug It Off","Flame Barrier"],"campfire_rested":2,"item_purchase_floors":[14,21,28,38,38,47,47,47],"current_hp_per_floor":[73,80,69,73,63,63,63,33,33,20,14,16,40,40,40,29,67,61,58,59,59,60,60,50,50,50,51,51,39,38,27,51,37,69,80,80,80,80,80,80,80,80,80,80,80,76,76,76,76,76],"gold":1,"neow_bonus":"RANDOM_COMMON_RELIC","is_prod":false,"is_daily":false,"chose_seed":false,"campfire_upgraded":7,"win_rate":0,"timestamp":1556532819,"path_taken":["M","M","?","M","M","R","?","E","T","M","E","M","R","$","R","BOSS","M","M","M","$","M","R","E","R","T","M","$","E","M","E","R","BOSS","M","?","M","$","?","R","E","R","T","E","M","?","$","?","R","BOSS"],"build_version":"2019-01-23","purchased_purges":3,"victory":true,"max_hp_per_floor":[75,80,80,80,80,80,80,80,80,80,80,80,80,80,80,80,80,80,80,80,80,80,80,80,80,80,80,80,80,80,80,80,80,80,80,80,80,80,80,80,80,80,80,80,80,76,76,76,76,76],"card_choices":[{"not_picked":["Rupture","Bloodletting"],"picked":"Inflame","floor":1},{"not_picked":["Havoc","Evolve"],"picked":"Cleave","floor":2},{"not_picked":["Twin Strike","Clash"],"picked":"Thunderclap","floor":4},{"not_picked":["Twin Strike","Cleave"],"picked":"Metallicize","floor":5},{"not_picked":["True Grit","Inflame"],"picked":"Shrug It Off","floor":8},{"not_picked":["Power Through","True Grit"],"picked":"Shockwave","floor":10},{"not_picked":["Bloodletting","True Grit","Armaments"],"picked":"SKIP","floor":11},{"not_picked":["Havoc","Perfected Strike"],"picked":"Heavy Blade","floor":12},{"not_picked":["Bludgeon","Exhume"],"picked":"Demon Form","floor":16},{"not_picked":["Twin Strike","Sword Boomerang"],"picked":"Heavy Blade","floor":18},{"not_picked":["Headbutt","Sever Soul+1"],"picked":"Dual Wield","floor":19},{"not_picked":["Rampage","Infernal Blade","Combust"],"picked":"SKIP","floor":20},{"not_picked":["Second Wind","Sentinel","Thunderclap"],"picked":"SKIP","floor":22},{"not_picked":["Anger","Flex+1","Body Slam"],"picked":"SKIP","floor":24},{"not_picked":["Headbutt+1","Evolve","Perfected Strike+1"],"picked":"SKIP","floor":27},{"not_picked":["Rupture","Armaments+1","Sever Soul+1"],"picked":"SKIP","floor":29},{"not_picked":["Rupture","Sever Soul+1"],"picked":"Armaments+1","floor":29},{"not_picked":["Armaments","Metallicize","Headbutt+1"],"picked":"SKIP","floor":30},{"not_picked":["Blood for Blood+1","Havoc"],"picked":"Shrug It Off","floor":31},{"not_picked":["Limit Break","Juggernaut"],"picked":"Reaper+1","floor":33},{"not_picked":["Armaments+1","Seeing Red","Twin Strike+1"],"picked":"SKIP","floor":35},{"not_picked":["Sever Soul+1","Wild Strike+1","Anger+1"],"picked":"SKIP","floor":37},{"not_picked":["Pummel+1","Rage+1"],"picked":"Heavy Blade+1","floor":39},{"not_picked":["Armaments","Brutality","Blood for Blood+1"],"picked":"SKIP","floor":41},{"not_picked":["Inflame+1","Headbutt+1","Rage"],"picked":"SKIP","floor":44},{"not_picked":["Seeing Red","Cleave+1"],"picked":"Heavy Blade+1","floor":45},{"not_picked":["Anger+1","Armaments","Second Wind"],"picked":"SKIP","floor":45}],"player_experience":648324,"relics_obtained":[{"floor":8,"key":"Dodecahedron"},{"floor":9,"key":"The Courier"},{"floor":11,"key":"Champion Belt"},{"floor":24,"key":"Mummified Hand"},{"floor":26,"key":"Molten Egg 2"},{"floor":29,"key":"StoneCalendar"},{"floor":31,"key":"Turnip"},{"floor":36,"key":"Ice Cream"},{"floor":39,"key":"FossilizedHelix"},{"floor":41,"key":"Bag of Marbles"},{"floor":43,"key":"Prayer Wheel"},{"floor":44,"key":"Boot"},{"floor":48,"key":"Letter Opener"}],"event_choices":[{"damage_healed":0,"gold_gain":75,"player_choice":"Gather Gold","damage_taken":11,"max_hp_gain":0,"max_hp_loss":0,"event_name":"World of Goop","floor":3,"gold_loss":0},{"cards_removed":["Strike_R"],"damage_healed":0,"gold_gain":0,"player_choice":"Card Removal","damage_taken":0,"max_hp_gain":0,"max_hp_loss":0,"event_name":"The Cleric","floor":7,"gold_loss":75},{"damage_healed":0,"gold_gain":0,"player_choice":"Fight","damage_taken":0,"max_hp_gain":0,"max_hp_loss":0,"event_name":"MindBloom","floor":36,"gold_loss":0},{"damage_healed":0,"gold_gain":0,"player_choice":"Fight","damage_taken":0,"max_hp_gain":0,"max_hp_loss":0,"event_name":"Mysterious Sphere","floor":39,"gold_loss":0},{"damage_healed":0,"gold_gain":0,"player_choice":"Max HP","damage_taken":0,"max_hp_gain":0,"max_hp_loss":4,"event_name":"Winding Halls","floor":46,"gold_loss":0}],"is_beta":false,"boss_relics":[{"not_picked":["Busted Crown","Orrery"],"picked":"Snecko Eye"},{"not_picked":["White Beast Statue","Black Star"],"picked":"Mark of Pain"}],"items_purged_floors":[14,21,47],"is_endless":false,"potions_floor_spawned":[1,8,11,16,19,20,24,31,33,39,41,44],"ascension_level":15}