{"gold_per_floor":[117,117,41,59,72,104,118,144,198,226,236,247,265,299,299,399,399,409,409,427,427,442,475,26,51,51,83,101,101,128,143,143,248,248,265,265,285,1,14,14,44,90,90,90,125,139,171,181,181,181,181,181,14,45,45],"floor_reached":56,"playtime":5660,"items_purged":["Doubt"],"score":1660,"play_id":"d3269511-7427-466e-a33d-6e09407e7ebb","local_time":"20190409204109","is_ascension_mode":true,"campfire_choices":[{"data":"Fusion","floor":15,"key":"SMITH"},{"data":"Machine Learning","floor":29,"key":"SMITH"},{"data":"Rainbow","floor":32,"key":"SMITH"},{"floor":40,"key":"RECALL"},{"data":"Defragment","floor":49,"key":"SMITH"},{"data":"Defragment","floor":52,"key":"SMITH"}],"neow_cost":"TEN_PERCENT_HP_LOSS","seed_source_timestamp":2507303937292373,"circlet_count":0,"master_deck":["Strike_B","Strike_B","Strike_B","Defend_B","Defend_B","Defend_B","Defend_B+1","Zap","Dualcast","Machine Learning+1","Undo","Conserve Battery","Cold Snap","Streamline","Glacier+1","Conserve Battery","Fusion+1","Steam Power","Coolheaded","Chill","White Noise","Compile Driver","Rainbow+1","Redo","Steam+1","Doom and Gloom","Auto Shields","Go for the Eyes","Steam","Leap+1","Sunder","All For One","Gash","Core Surge","Gash+1","Madness","Madness","Defragment+1","Steam","Defragment+1","Biased Cognition","Turbo+1","Writhe","Hologram","Defragment+1","Hologram","Conserve Battery+1","Conserve Battery","Compile Driver","Fission"],"relics":["Cracked Core","Pen Nib","Mercury Hourglass","Dream Catcher","War Paint","Orichalcum","PreservedInsect","Cursed Key","Nilry\u0027s Codex","Unceasing Top","Membership Card","Meat on the Bone","Gambling Chip","The Courier","Darkstone Periapt","Bronze Scales","Inserter","Lee\u0027s Waffle","Turnip","Cables","Thread and Needle","Letter Opener","Bag of Preparation","OrangePellets","Lantern","Happy Flower"],"potions_floor_usage":[6,8,18,18,23,23,23,27,30,33,42,55,55,55],"damage_taken":[{"damage":1,"enemies":"Cultist","floor":1,"turns":3},{"damage":0,"enemies":"Small Slimes","floor":4,"turns":3},{"damage":0,"enemies":"Jaw Worm","floor":5,"turns":4},{"damage":12,"enemies":"Gremlin Nob","floor":6,"turns":4},{"damage":0,"enemies":"3 Louse","floor":7,"turns":3},{"damage":13,"enemies":"Lagavulin","floor":8,"turns":5},{"damage":3,"enemies":"Gremlin Nob","floor":10,"turns":5},{"damage":3,"enemies":"2 Fungi Beasts","floor":11,"turns":2},{"damage":0,"enemies":"Exordium Thugs","floor":12,"turns":5},{"damage":0,"enemies":"3 Louse","floor":13,"turns":2},{"damage":10,"enemies":"Lagavulin","floor":14,"turns":8},{"damage":0,"enemies":"The Guardian","floor":16,"turns":13},{"damage":0,"enemies":"3 Byrds","floor":18,"turns":3},{"damage":4,"enemies":"Chosen","floor":20,"turns":4},{"damage":0,"enemies":"Snake Plant","floor":22,"turns":4},{"damage":12,"enemies":"Gremlin Leader","floor":23,"turns":5},{"damage":4,"enemies":"Book of Stabbing","floor":25,"turns":5},{"damage":2,"enemies":"Gremlin Leader","floor":27,"turns":7},{"damage":6,"enemies":"Shelled Parasite and Fungi","floor":28,"turns":8},{"damage":7,"enemies":"Book of Stabbing","floor":30,"turns":5},{"damage":0,"enemies":"Centurion and Healer","floor":31,"turns":5},{"damage":38,"enemies":"Automaton","floor":33,"turns":11},{"damage":4,"enemies":"3 Darklings","floor":35,"turns":5},{"damage":0,"enemies":"3 Shapes","floor":37,"turns":4},{"damage":4,"enemies":"Spire Growth","floor":39,"turns":6},{"damage":0,"enemies":"Giant Head","floor":41,"turns":9},{"damage":20,"enemies":"2 Orb Walkers","floor":42,"turns":5},{"damage":19,"enemies":"Nemesis","floor":45,"turns":5},{"damage":0,"enemies":"Transient","floor":46,"turns":5},{"damage":0,"enemies":"Giant Head","floor":47,"turns":9},{"damage":0,"enemies":"Jaw Worm Horde","floor":48,"turns":4},{"damage":0,"enemies":"Time Eater","floor":50,"turns":12},{"damage":0,"enemies":"Shield and Spear","floor":54,"turns":5},{"damage":70,"enemies":"The Heart","floor":55,"turns":9}],"seed_played":"4130056257782947774","potions_obtained":[{"floor":1,"key":"Explosive Potion"},{"floor":6,"key":"Strength Potion"},{"floor":12,"key":"SteroidPotion"},{"floor":16,"key":"Poison Potion"},{"floor":18,"key":"Fruit Juice"},{"floor":20,"key":"Energy Potion"},{"floor":22,"key":"Block Potion"},{"floor":25,"key":"Fire Potion"},{"floor":31,"key":"AttackPotion"},{"floor":35,"key":"AttackPotion"},{"floor":39,"key":"EssenceOfSteel"},{"floor":45,"key":"FocusPotion"}],"is_trial":false,"path_per_floor":["M","?","$","M","M","E","M","E","T","E","M","M","M","E","R","B",null,"M","?","M","?","M","E","$","E","T","E","M","R","E","M","R","B",null,"M","?","M","$","M","R","E","?","T","?","E","M","E","M","R","B",null,"R","$","E","B",null],"character_chosen":"DEFECT","items_purchased":["Conserve Battery","Poison Potion","Membership Card","Meat on the Bone","Energy Potion","Dexterity Potion","SteroidPotion","Go for the Eyes","Steam","Lee\u0027s Waffle","Turnip","Steam","Fire Potion","OrangePellets","Lantern","Conserve Battery","Compile Driver"],"campfire_rested":0,"item_purchase_floors":[3,3,24,24,24,24,24,24,24,38,38,38,38,53,53,53,53],"current_hp_per_floor":[67,67,67,67,67,55,55,42,42,39,36,36,36,26,26,26,68,73,57,53,53,53,41,41,37,37,47,41,41,46,46,46,20,73,69,60,60,80,76,76,76,56,62,62,55,55,55,55,55,55,86,86,86,86,28],"gold":45,"neow_bonus":"THREE_RARE_CARDS","is_prod":false,"is_daily":false,"chose_seed":false,"campfire_upgraded":5,"win_rate":0,"timestamp":1554856869,"path_taken":["M","?","$","M","?","E","M","E","T","E","M","M","M","E","R","BOSS","M","?","M","?","M","E","?","E","T","E","M","R","E","M","R","BOSS","M","?","M","$","M","R","E","?","T","?","E","M","E","M","R","BOSS","R","$","E","BOSS"],"build_version":"2019-04-04","purchased_purges":1,"victory":true,"max_hp_per_floor":[68,68,68,68,68,68,68,68,68,68,68,68,68,68,68,68,68,73,73,73,73,73,73,73,73,73,73,73,73,73,73,73,73,73,73,73,73,80,80,80,80,80,86,86,86,86,86,86,86,86,86,86,86,86,86],"card_choices":[{"not_picked":["Multi-Cast","Buffer"],"picked":"Machine Learning","floor":0},{"not_picked":["Beam Cell","Sweeping Beam"],"picked":"Undo","floor":1},{"not_picked":["Streamline","Undo"],"picked":"Cold Snap","floor":4},{"not_picked":["Beam Cell","Storm"],"picked":"Streamline","floor":5},{"not_picked":["Skim","Conserve Battery"],"picked":"Glacier","floor":6},{"not_picked":["Amplify","Streamline"],"picked":"Conserve Battery","floor":7},{"not_picked":["Cold Snap","Redo"],"picked":"Fusion","floor":8},{"not_picked":["Cold Snap","Scrape"],"picked":"Steam Power","floor":10},{"not_picked":["Beam Cell","Force Field"],"picked":"Coolheaded","floor":11},{"not_picked":["Steam","Coolheaded"],"picked":"Chill","floor":12},{"not_picked":["Beam Cell","Rebound"],"picked":"White Noise","floor":13},{"not_picked":["Amplify","Undo"],"picked":"Compile Driver","floor":14},{"not_picked":["Biased Cognition","Hyperbeam"],"picked":"Rainbow","floor":16},{"not_picked":["Cold Snap","Recycle"],"picked":"Redo","floor":18},{"not_picked":["Recycle","Cold Snap"],"picked":"Steam+1","floor":20},{"not_picked":["Turbo","Compile Driver+1"],"picked":"Doom and Gloom","floor":22},{"not_picked":["Sweeping Beam","Hello World"],"picked":"Auto Shields","floor":23},{"not_picked":["Barrage+1","Aggregate","Blizzard"],"picked":"SKIP","floor":25},{"not_picked":["Go for the Eyes","Beam Cell"],"picked":"Leap+1","floor":27},{"not_picked":["Leap+1","Barrage+1"],"picked":"Sunder","floor":28},{"not_picked":["Streamline","Steam"],"picked":"All For One","floor":30},{"not_picked":["Sweeping Beam","Hologram"],"picked":"Gash","floor":31},{"not_picked":["Hyperbeam","Multi-Cast"],"picked":"Core Surge","floor":33},{"not_picked":["Capacitor","Steam+1"],"picked":"Gash+1","floor":35},{"not_picked":["Redo+1","Fusion+1"],"picked":"Defragment","floor":37},{"not_picked":["Go for the Eyes","Streamline+1"],"picked":"Defragment","floor":39},{"not_picked":["Undo+1","Rebound"],"picked":"Biased Cognition","floor":41},{"not_picked":["Cold Snap","Aggregate+1"],"picked":"Turbo+1","floor":42},{"not_picked":["Blizzard","Creative AI"],"picked":"Hologram","floor":45},{"not_picked":["Cold Snap","Aggregate"],"picked":"Defragment+1","floor":46},{"not_picked":["Sweeping Beam+1","Capacitor"],"picked":"Hologram","floor":47},{"not_picked":["Static Discharge+1","Redo+1"],"picked":"Conserve Battery+1","floor":48},{"not_picked":["Reinforced Body","Sunder+1"],"picked":"Fission","floor":54}],"player_experience":5239825,"relics_obtained":[{"floor":6,"key":"Mercury Hourglass"},{"floor":8,"key":"Dream Catcher"},{"floor":9,"key":"War Paint"},{"floor":10,"key":"Orichalcum"},{"floor":14,"key":"PreservedInsect"},{"floor":19,"key":"Nilry\u0027s Codex"},{"floor":23,"key":"Unceasing Top"},{"floor":25,"key":"Gambling Chip"},{"floor":26,"key":"The Courier"},{"floor":27,"key":"Darkstone Periapt"},{"floor":30,"key":"Bronze Scales"},{"floor":41,"key":"Cables"},{"floor":42,"key":"Thread and Needle"},{"floor":45,"key":"Letter Opener"},{"floor":47,"key":"Bag of Preparation"},{"floor":54,"key":"Happy Flower"}],"event_choices":[{"damage_healed":0,"gold_gain":0,"player_choice":"Gave Potion","damage_taken":0,"relics_obtained":["Pen Nib"],"max_hp_gain":0,"max_hp_loss":0,"event_name":"WeMeetAgain","floor":2,"gold_loss":0},{"damage_healed":0,"gold_gain":0,"player_choice":"Obtained Book","damage_taken":16,"max_hp_gain":0,"max_hp_loss":0,"event_name":"Cursed Tome","floor":19,"gold_loss":0},{"damage_healed":0,"gold_gain":0,"player_choice":"Ignored","damage_taken":0,"max_hp_gain":0,"max_hp_loss":0,"event_name":"Vampires","floor":21,"gold_loss":0},{"damage_healed":0,"gold_gain":0,"player_choice":"Embrace Madness","damage_taken":9,"max_hp_gain":0,"max_hp_loss":0,"event_name":"Winding Halls","floor":36,"gold_loss":0,"cards_obtained":["Madness","Madness"]},{"damage_healed":0,"gold_gain":0,"player_choice":"Fight","damage_taken":0,"max_hp_gain":0,"max_hp_loss":0,"event_name":"Mysterious Sphere","floor":42,"gold_loss":0},{"cards_removed":["Strike_B"],"damage_healed":0,"gold_gain":0,"player_choice":"Removed Attack","damage_taken":0,"max_hp_gain":0,"max_hp_loss":0,"event_name":"Falling","floor":44,"gold_loss":0}],"is_beta":true,"boss_relics":[{"not_picked":["Coffee Dripper","Runic Pyramid"],"picked":"Cursed Key"},{"not_picked":["Black Star","FrozenCore"],"picked":"Inserter"}],"items_purged_floors":[38],"is_endless":false,"potions_floor_spawned":[1,6,12,16,18,20,22,25,31,35,39,45],"ascension_level":1}