{"gold_per_floor":[111,131,131,147,167,201,201,226,249,249,282,45,55,110,110,215,215,227,251,237,237,237,237,237,237,264,295,312,347,364,364,364,468,518,532,543,479,496,596,596,621,621,621,621,639,639,658,658],"floor_reached":48,"playtime":1949,"items_purged":[],"score":813,"play_id":"4e408d1a-5359-4015-a716-3be7708f3285","local_time":"20190124020112","is_ascension_mode":true,"campfire_choices":[{"data":"Intimidate","floor":7,"key":"SMITH"},{"floor":10,"key":"REST"},{"data":"Apotheosis","floor":15,"key":"SMITH"},{"data":"Limit Break","floor":23,"key":"SMITH"},{"floor":25,"key":"REST"},{"floor":32,"key":"REST"},{"floor":40,"key":"REST"},{"floor":42,"key":"REST"},{"floor":44,"key":"REST"},{"floor":46,"key":"RECALL"}],"neow_cost":"NONE","seed_source_timestamp":99553141668454,"circlet_count":0,"master_deck":["Defend_R+1","Defend_R","Defend_R","Defend_R+1","Bash","Sword Boomerang","Iron Wave","Cleave","Intimidate+1","Iron Wave","Seeing Red+1","Twin Strike","True Grit","Apotheosis+1","Shrug It Off","Shrug It Off","Metallicize","Limit Break+1","Clumsy","Injury","Decay","Fire Breathing+1","Infernal Blade+1","Bite","Bite","Bite","Bite","Bite","Offering","Inflame","Power Through+1","Disarm+1","Flame Barrier+1","Limit Break+1","Wild Strike+1","Havoc+1","Headbutt","Parasite","Whirlwind+1","Power Through+1","Feel No Pain","Metallicize"],"relics":["Burning Blood","Regal Pillow","Ancient Tea Set","War Paint","Tiny Chest","Calling Bell","Bag of Preparation","Dodecahedron","Mango","Oddly Smooth Stone","MutagenicStrength","Strawberry","Ornamental Fan","Darkstone Periapt","Toxic Egg 2","Tiny House","Kunai","Pocketwatch","Letter Opener"],"potions_floor_usage":[6,8,8,16,27,33,33,39,41,41,41],"damage_taken":[{"damage":9,"enemies":"2 Louse","floor":1,"turns":2},{"damage":1,"enemies":"Cultist","floor":2,"turns":3},{"damage":0,"enemies":"Small Slimes","floor":4,"turns":2},{"damage":8,"enemies":"Looter","floor":5,"turns":4},{"damage":25,"enemies":"3 Sentries","floor":6,"turns":7},{"damage":36,"enemies":"Lagavulin","floor":8,"turns":7},{"damage":19,"enemies":"Gremlin Nob","floor":11,"turns":4},{"damage":0,"enemies":"3 Louse","floor":13,"turns":4},{"damage":14,"enemies":"3 Sentries","floor":14,"turns":8},{"damage":60,"enemies":"Hexaghost","floor":16,"turns":12},{"damage":23,"enemies":"Chosen","floor":18,"turns":8},{"damage":16,"enemies":"2 Thieves","floor":20,"turns":4},{"damage":11,"enemies":"Slavers","floor":27,"turns":5},{"damage":18,"enemies":"Cultist and Chosen","floor":28,"turns":7},{"damage":53,"enemies":"Gremlin Leader","floor":29,"turns":7},{"damage":35,"enemies":"3 Cultists","floor":30,"turns":6},{"damage":69,"enemies":"Collector","floor":33,"turns":9},{"damage":45,"enemies":"3 Darklings","floor":35,"turns":7},{"damage":2,"enemies":"Orb Walker","floor":36,"turns":4},{"damage":30,"enemies":"Writhing Mass","floor":38,"turns":6},{"damage":18,"enemies":"Mind Bloom Boss Battle","floor":39,"turns":6},{"damage":71,"enemies":"Reptomancer","floor":41,"turns":5},{"damage":0,"enemies":"Jaw Worm Horde","floor":45,"turns":1},{"damage":26,"enemies":"3 Darklings","floor":47,"turns":4},{"damage":113,"enemies":"Giant Head","floor":48,"turns":10}],"seed_played":"4434647132950072156","potions_obtained":[{"floor":2,"key":"BloodPotion"},{"floor":4,"key":"Weak Potion"},{"floor":5,"key":"Swift Potion"},{"floor":13,"key":"Swift Potion"},{"floor":16,"key":"Ancient Potion"},{"floor":28,"key":"Weak Potion"},{"floor":29,"key":"Swift Potion"},{"floor":33,"key":"Fire Potion"},{"floor":34,"key":"Dexterity Potion"},{"floor":36,"key":"SkillPotion"},{"floor":39,"key":"FearPotion"}],"is_trial":false,"path_per_floor":["M","M","?","M","M","E","R","E","T","R","E","$","M","E","R","B",null,"M","T","M","?","?","R","?","R","T","E","M","E","M","T","R","B",null,"M","M","?","M","?","R","E","R","T","R","M","R","M","E"],"character_chosen":"IRONCLAD","items_purchased":["Apotheosis","Shrug It Off"],"campfire_rested":6,"item_purchase_floors":[12,12],"current_hp_per_floor":[69,74,74,80,78,59,59,37,37,76,65,65,73,67,67,15,78,63,63,55,55,55,55,55,94,101,101,97,60,44,44,89,50,93,66,78,78,75,78,112,50,98,98,112,112,112,92,0],"gold":658,"neow_bonus":"THREE_CARDS","is_prod":false,"is_daily":false,"chose_seed":false,"campfire_upgraded":3,"win_rate":0,"timestamp":1548306072,"path_taken":["M","M","?","?","M","E","R","E","T","R","E","$","M","E","R","BOSS","M","?","M","?","?","R","?","R","T","E","M","E","M","?","R","BOSS","M","M","?","?","?","R","E","R","T","R","M","R","M","E"],"build_version":"2019-01-23","purchased_purges":0,"victory":false,"max_hp_per_floor":[80,80,80,80,80,80,80,80,80,80,80,80,80,80,80,80,94,94,94,94,94,94,94,94,94,101,101,101,101,101,101,101,101,106,106,106,106,112,112,112,112,112,112,112,112,112,112,112],"card_choices":[{"not_picked":["Flex","Body Slam"],"picked":"Sword Boomerang","floor":0},{"not_picked":["Heavy Blade","Evolve"],"picked":"Iron Wave","floor":1},{"not_picked":["Body Slam","Reckless Charge"],"picked":"Cleave","floor":2},{"not_picked":["Dropkick","Fire Breathing"],"picked":"Intimidate","floor":4},{"not_picked":["Bloodletting","Twin Strike"],"picked":"Iron Wave","floor":5},{"not_picked":["Blood for Blood","Shockwave"],"picked":"Seeing Red","floor":6},{"not_picked":["True Grit","Feel No Pain"],"picked":"Twin Strike","floor":8},{"not_picked":["Ghostly Armor","Clothesline"],"picked":"True Grit","floor":11},{"not_picked":["True Grit","Searing Blow"],"picked":"Shrug It Off","floor":13},{"not_picked":["Evolve","Hemokinesis"],"picked":"Metallicize","floor":14},{"not_picked":["Double Tap","Fiend Fire"],"picked":"Limit Break","floor":16},{"not_picked":["Armaments","Havoc"],"picked":"Fire Breathing+1","floor":18},{"not_picked":["Armaments+1","Clothesline"],"picked":"Infernal Blade+1","floor":20},{"not_picked":["Warcry","Wild Strike+1"],"picked":"Inflame","floor":27},{"not_picked":["Iron Wave","Wild Strike"],"picked":"Power Through+1","floor":28},{"not_picked":["Blood for Blood","True Grit"],"picked":"Disarm+1","floor":29},{"not_picked":["Twin Strike","Feed"],"picked":"Flame Barrier+1","floor":30},{"not_picked":["Immolate","Demon Form"],"picked":"Limit Break+1","floor":33},{"not_picked":["Body Slam","Warcry+1"],"picked":"Wild Strike+1","floor":34},{"not_picked":["Evolve","Thunderclap"],"picked":"Havoc+1","floor":35},{"not_picked":["Bludgeon","Clothesline+1"],"picked":"Headbutt","floor":36},{"not_picked":["Iron Wave","Armaments+1","Pommel Strike"],"picked":"SKIP","floor":38},{"not_picked":["Iron Wave","Warcry+1"],"picked":"Whirlwind+1","floor":39},{"not_picked":["Warcry+1","Armaments+1"],"picked":"Power Through+1","floor":41},{"not_picked":["Second Wind+1","Shrug It Off+1"],"picked":"Feel No Pain","floor":45},{"not_picked":["Juggernaut","Clothesline"],"picked":"Metallicize","floor":47}],"player_experience":669241,"relics_obtained":[{"floor":6,"key":"Regal Pillow"},{"floor":8,"key":"Blood Vial"},{"floor":9,"key":"Ancient Tea Set"},{"floor":11,"key":"War Paint"},{"floor":14,"key":"Tiny Chest"},{"floor":17,"key":"Bag of Preparation"},{"floor":17,"key":"Dodecahedron"},{"floor":17,"key":"Mango"},{"floor":19,"key":"Oddly Smooth Stone"},{"floor":26,"key":"Strawberry"},{"floor":27,"key":"Ornamental Fan"},{"floor":29,"key":"Darkstone Periapt"},{"floor":31,"key":"Toxic Egg 2"},{"floor":39,"key":"Pocketwatch"},{"floor":41,"key":"Letter Opener"}],"event_choices":[{"cards_removed":["Strike_R"],"damage_healed":0,"gold_gain":0,"player_choice":"Offered Basic","damage_taken":0,"max_hp_gain":0,"max_hp_loss":0,"event_name":"Bonfire Elementals","floor":3,"gold_loss":0},{"damage_healed":0,"gold_gain":0,"player_choice":"Inject Mutagens","damage_taken":0,"relics_obtained":["MutagenicStrength"],"max_hp_gain":0,"max_hp_loss":0,"event_name":"Drug Dealer","floor":21,"gold_loss":0},{"damage_healed":0,"gold_gain":0,"player_choice":"Became a vampire (Vial)","damage_taken":0,"max_hp_gain":0,"max_hp_loss":0,"event_name":"Vampires","floor":22,"relics_lost":["Blood Vial"],"gold_loss":0,"cards_obtained":["Bite","Bite","Bite","Bite","Bite"]},{"damage_healed":0,"gold_gain":0,"player_choice":"Read","damage_taken":0,"max_hp_gain":0,"max_hp_loss":0,"event_name":"The Library","floor":24,"gold_loss":0,"cards_obtained":["Offering"]},{"damage_healed":0,"gold_gain":0,"player_choice":"Paid Gold","damage_taken":0,"relics_obtained":["Kunai"],"max_hp_gain":0,"max_hp_loss":0,"event_name":"WeMeetAgain","floor":37,"gold_loss":64},{"damage_healed":0,"gold_gain":0,"player_choice":"Fight","damage_taken":0,"max_hp_gain":0,"max_hp_loss":0,"event_name":"MindBloom","floor":39,"gold_loss":0}],"is_beta":false,"boss_relics":[{"not_picked":["White Beast Statue","Cursed Key"],"picked":"Calling Bell"},{"not_picked":["Snecko Eye","Coffee Dripper"],"picked":"Tiny House"}],"items_purged_floors":[],"is_endless":false,"potions_floor_spawned":[2,4,5,13,16,28,29,33,36,38,39],"killed_by":"Giant Head","ascension_level":7}