{"path_per_floor":["M","M","?","?","T","E","R","?","T","$","M"],"character_chosen":"DEFECT","items_purchased":["Rebound+1","Capacitor","Kunai"],"gold_per_floor":[119,131,206,381,405,430,430,450,450,92,111,141],"floor_reached":12,"campfire_rested":1,"playtime":677,"item_purchase_floors":[10,10,10],"current_hp_per_floor":[74,67,56,56,56,15,37,7,7,7,7,0],"items_purged":[],"gold":141,"score":76,"play_id":"93190906-b863-48dc-8847-7f5bc9250ea8","local_time":"20180526031028","is_prod":false,"is_daily":false,"chose_seed":false,"is_ascension_mode":false,"campfire_upgraded":0,"win_rate":0.0,"timestamp":1527315028,"campfire_choices":[{"floor":7,"key":"REST"}],"path_taken":["M","M","?","?","?","E","R","?","T","$","M","?"],"build_version":"2018-05-24","seed_source_timestamp":448047408919291,"purchased_purges":0,"victory":false,"master_deck":["Strike_B+1","Strike_B","Strike_B","Strike_B","Defend_B","Defend_B","Defend_B","Defend_B","Zap","Machine Learning","Turbo","Cold Snap+1","Doubt","Leap","Coolheaded","Rebound+1","Capacitor","Sweeping Beam+1"],"max_hp_per_floor":[75,75,75,75,75,75,75,75,75,75,75,75],"relics":["Cracked Core","Whetstone","Juzu Bracelet","Odd Mushroom","Molten Egg 2","Kunai"],"card_choices":[{"not_picked":["Sweeping Beam","Loop"],"picked":"Turbo","floor":1},{"not_picked":["Blizzard","Steam Power"],"picked":"Cold Snap","floor":2},{"not_picked":["Streamline","Steam Power"],"picked":"Leap","floor":6},{"not_picked":["Leap","Barrage"],"picked":"Coolheaded","floor":8},{"not_picked":["Cold Snap+1","Static Discharge"],"picked":"Sweeping Beam+1","floor":11}],"player_experience":26702,"potions_floor_usage":[12],"damage_taken":[{"damage":1,"enemies":"Jaw Worm","floor":1,"turns":4},{"damage":7,"enemies":"2 Louse","floor":2,"turns":3},{"damage":41,"enemies":"Lagavulin","floor":6,"turns":7},{"damage":30,"enemies":"The Mushroom Lair","floor":8,"turns":5},{"damage":0,"enemies":"Cultist","floor":11,"turns":4},{"damage":10,"enemies":"Gremlin Nob","floor":12,"turns":3}],"relics_obtained":[{"floor":5,"key":"Whetstone"},{"floor":6,"key":"Juzu Bracelet"},{"floor":8,"key":"Odd Mushroom"},{"floor":9,"key":"Molten Egg 2"}],"event_choices":[{"event_name":"World of Goop","player_choice":"Gather Gold","floor":3,"damage_taken":0},{"event_name":"Liars Game","player_choice":"agreed","floor":4,"damage_taken":0},{"event_name":"Mushrooms","player_choice":"Fought Mushrooms","floor":8,"damage_taken":0},{"event_name":"Dead Adventurer","player_choice":"Searched \u00272\u0027 times","floor":12,"damage_taken":0}],"boss_relics":[],"items_purged_floors":[],"potions_floor_spawned":[6,8,12],"seed_played":"5161927730342846008","killed_by":"Gremlin Nob","ascension_level":0,"potions_obtained":[{"floor":6,"key":"Dexterity Potion"},{"floor":8,"key":"Explosive Potion"}],"is_trial":false}