{"gold_per_floor":[110,285,298,108,128,162,162,188,215,227,211,241,287,319,331,448,460,492,517,544,50,50,50,50,83,137,152,178,190,204,238,238,337,337,350,400,417,517,517,517,543,43,43,61,79,79,109,141,141,141],"floor_reached":51,"playtime":3511,"items_purged":["Doubt","Decay","Strike_R"],"score":867,"play_id":"d498acea-8298-40ce-8487-9b3949869888","local_time":"20190102152358","is_ascension_mode":false,"campfire_choices":[{"data":"Armaments","floor":7,"key":"SMITH"},{"data":"Disarm","floor":15,"key":"SMITH"},{"data":"Offering","floor":24,"key":"SMITH"},{"data":"Strike_R","floor":32,"key":"PURGE"},{"data":"Strike_R","floor":40,"key":"PURGE"},{"data":"Strike_R+1","floor":46,"key":"PURGE"},{"data":"Strike_R+1","floor":49,"key":"PURGE"}],"neow_cost":"NONE","seed_source_timestamp":326475221427402,"circlet_count":0,"master_deck":["Defend_R","Defend_R","Defend_R","Defend_R","Bash+1","Thunderclap","Sword Boomerang","Flame Barrier","Disarm+1","Armaments+1","Iron Wave","Spot Weakness","Twin Strike","Offering+1","Shrug It Off","True Grit+1","Discovery","Dual Wield+1","Pommel Strike","Armaments+1","Panache","Metallicize","Battle Trance","Burning Pact"],"relics":["Burning Blood","Whetstone","Bag of Preparation","MawBank","Calipers","Busted Crown","Gremlin Horn","Blood Vial","Meat on the Bone","Peace Pipe","Fusion Hammer","FossilizedHelix","WingedGreaves","Orichalcum","Pantograph","Pear","Bottled Lightning","Self Forming Clay"],"potions_floor_usage":[6,8,13,16,30,33,36,36,48,50,50],"damage_taken":[{"damage":0,"enemies":"Small Slimes","floor":1,"turns":3},{"damage":5,"enemies":"Cultist","floor":3,"turns":4},{"damage":0,"enemies":"2 Louse","floor":5,"turns":2},{"damage":33,"enemies":"Lagavulin","floor":6,"turns":8},{"damage":12,"enemies":"Gremlin Nob","floor":8,"turns":4},{"damage":12,"enemies":"Exordium Thugs","floor":11,"turns":5},{"damage":3,"enemies":"Red Slaver","floor":12,"turns":6},{"damage":19,"enemies":"Lagavulin","floor":13,"turns":10},{"damage":1,"enemies":"2 Fungi Beasts","floor":14,"turns":2},{"damage":16,"enemies":"The Guardian","floor":16,"turns":10},{"damage":9,"enemies":"2 Thieves","floor":18,"turns":2},{"damage":11,"enemies":"3 Byrds","floor":19,"turns":4},{"damage":8,"enemies":"Cultist and Chosen","floor":20,"turns":4},{"damage":8,"enemies":"Book of Stabbing","floor":25,"turns":6},{"damage":0,"enemies":"Centurion and Healer","floor":27,"turns":7},{"damage":12,"enemies":"Gremlin Leader","floor":28,"turns":8},{"damage":20,"enemies":"Sentry and Sphere","floor":29,"turns":6},{"damage":6,"enemies":"Shelled Parasite and Fungi","floor":30,"turns":4},{"damage":17,"enemies":"Book of Stabbing","floor":31,"turns":4},{"damage":21,"enemies":"Collector","floor":33,"turns":7},{"damage":6,"enemies":"3 Darklings","floor":35,"turns":5},{"damage":8,"enemies":"2 Orb Walkers","floor":36,"turns":3},{"damage":1,"enemies":"Orb Walker","floor":37,"turns":3},{"damage":0,"enemies":"Mind Bloom Boss Battle","floor":38,"turns":7},{"damage":64,"enemies":"Nemesis","floor":41,"turns":5},{"damage":5,"enemies":"Transient","floor":44,"turns":5},{"damage":0,"enemies":"Writhing Mass","floor":45,"turns":5},{"damage":0,"enemies":"Giant Head","floor":47,"turns":6},{"damage":16,"enemies":"Nemesis","floor":48,"turns":6},{"damage":3,"enemies":"Time Eater","floor":50,"turns":18}],"seed_played":"597455433733662707","potions_obtained":[{"floor":6,"key":"Block Potion"},{"floor":11,"key":"SteroidPotion"},{"floor":12,"key":"GamblersBrew"},{"floor":13,"key":"PowerPotion"},{"floor":14,"key":"LiquidBronze"},{"floor":18,"key":"SkillPotion"},{"floor":25,"key":"Weak Potion"},{"floor":28,"key":"SteroidPotion"},{"floor":33,"key":"Energy Potion"},{"floor":38,"key":"PowerPotion"},{"floor":41,"key":"Energy Potion"},{"floor":44,"key":"SteroidPotion"},{"floor":48,"key":"AttackPotion"}],"is_trial":false,"path_per_floor":["M","?","M","$","M","E","R","E","T","?","M","M","E","M","R","B",null,"M","M","M","$","?","$","R","E","T","M","E","M","M","E","R","B",null,"M","?","M","?","?","R","E","$","T","M","M","R","E","E","R","B",null],"character_chosen":"IRONCLAD","items_purchased":["Flame Barrier","Poison Potion","Shrug It Off","True Grit","Discovery","Gremlin Horn","Metallicize","Pantograph","Dexterity Potion"],"campfire_rested":0,"item_purchase_floors":[4,4,21,21,21,21,42,42,42],"current_hp_per_floor":[80,80,80,80,80,53,53,47,47,47,41,44,31,36,36,26,80,77,72,70,70,70,70,70,68,68,76,72,60,62,53,53,52,80,80,78,80,80,70,70,26,26,36,51,59,59,67,59,59,89],"gold":141,"neow_bonus":"UPGRADE_CARD","is_prod":false,"is_daily":false,"chose_seed":false,"campfire_upgraded":3,"win_rate":0,"timestamp":1546442638,"path_taken":["M","?","M","$","M","E","R","E","T","?","M","M","E","M","R","BOSS","M","?","M","$","?","?","R","E","T","M","E","M","M","E","R","BOSS","M","?","M","?","?","R","E","$","T","M","M","R","E","E","R","BOSS"],"build_version":"2019-01-01v2","purchased_purges":3,"victory":true,"max_hp_per_floor":[80,80,80,80,80,80,80,80,80,80,80,80,80,80,80,80,80,80,80,80,80,80,80,80,80,80,80,80,80,80,80,80,80,80,80,80,80,80,80,80,80,80,90,90,90,90,90,90,90,90],"card_choices":[{"not_picked":["Warcry","Headbutt"],"picked":"Thunderclap","floor":1},{"not_picked":["Reckless Charge","Flex"],"picked":"Sword Boomerang","floor":3},{"not_picked":["Flex","Clothesline"],"picked":"Disarm","floor":5},{"not_picked":["Corruption","Sentinel"],"picked":"Armaments","floor":6},{"not_picked":["Havoc","Heavy Blade","Armaments"],"picked":"SKIP","floor":8},{"not_picked":["Thunderclap","Clash"],"picked":"Iron Wave","floor":11},{"not_picked":["Sword Boomerang","Pommel Strike","Sever Soul"],"picked":"SKIP","floor":12},{"not_picked":["Juggernaut","Wild Strike"],"picked":"Spot Weakness","floor":13},{"not_picked":["Second Wind","Pommel Strike"],"picked":"Twin Strike","floor":14},{"not_picked":["Double Tap","Immolate"],"picked":"Offering","floor":16},{"not_picked":["Intimidate"],"picked":"SKIP","floor":18},{"not_picked":["Spot Weakness"],"picked":"SKIP","floor":19},{"not_picked":["Power Through"],"picked":"SKIP","floor":20},{"not_picked":["Carnage"],"picked":"SKIP","floor":25},{"not_picked":["True Grit"],"picked":"SKIP","floor":27},{"not_picked":["Wild Strike"],"picked":"SKIP","floor":28},{"not_picked":["Thunderclap+1"],"picked":"SKIP","floor":29},{"not_picked":["Thunderclap+1"],"picked":"SKIP","floor":29},{"not_picked":[],"picked":"Dual Wield+1","floor":30},{"not_picked":[],"picked":"Pommel Strike","floor":31},{"not_picked":["Iron Wave"],"picked":"SKIP","floor":35},{"not_picked":[],"picked":"Armaments+1","floor":37},{"not_picked":[],"picked":"Panache","floor":39},{"not_picked":["Clash+1"],"picked":"SKIP","floor":41},{"not_picked":["Twin Strike"],"picked":"SKIP","floor":44},{"not_picked":[],"picked":"Battle Trance","floor":45},{"not_picked":["Clash"],"picked":"SKIP","floor":47},{"not_picked":[],"picked":"Burning Pact","floor":48}],"player_experience":725826,"relics_obtained":[{"floor":6,"key":"Whetstone"},{"floor":8,"key":"Bag of Preparation"},{"floor":9,"key":"MawBank"},{"floor":13,"key":"Calipers"},{"floor":25,"key":"Blood Vial"},{"floor":28,"key":"Meat on the Bone"},{"floor":31,"key":"Peace Pipe"},{"floor":36,"key":"FossilizedHelix"},{"floor":38,"key":"WingedGreaves"},{"floor":41,"key":"Orichalcum"},{"floor":43,"key":"Pear"},{"floor":47,"key":"Bottled Lightning"},{"floor":48,"key":"Self Forming Clay"}],"event_choices":[{"damage_healed":0,"gold_gain":175,"player_choice":"AGREE","damage_taken":0,"max_hp_gain":0,"max_hp_loss":0,"event_name":"Liars Game","floor":2,"gold_loss":0,"cards_obtained":["Doubt"]},{"damage_healed":0,"gold_gain":0,"player_choice":"Cursed","damage_taken":0,"max_hp_gain":0,"max_hp_loss":0,"event_name":"Wheel of Change","floor":10,"gold_loss":0,"cards_obtained":["Decay"]},{"damage_healed":0,"gold_gain":0,"player_choice":"Upgraded","damage_taken":0,"max_hp_gain":0,"max_hp_loss":0,"event_name":"Upgrade Shrine","floor":22,"gold_loss":0,"cards_upgraded":["True Grit"]},{"damage_healed":0,"gold_gain":0,"player_choice":"Fight","damage_taken":0,"max_hp_gain":0,"max_hp_loss":0,"event_name":"Mysterious Sphere","floor":36,"gold_loss":0},{"damage_healed":0,"gold_gain":0,"player_choice":"Fight","damage_taken":0,"max_hp_gain":0,"max_hp_loss":0,"event_name":"MindBloom","floor":38,"gold_loss":0},{"damage_healed":0,"gold_gain":0,"player_choice":"Memory 3","damage_taken":10,"max_hp_gain":0,"max_hp_loss":0,"event_name":"SensoryStone","floor":39,"gold_loss":0}],"is_beta":true,"boss_relics":[{"not_picked":["White Beast Statue","Orrery"],"picked":"Busted Crown"},{"not_picked":["Eternal Feather","Pandora\u0027s Box"],"picked":"Fusion Hammer"}],"items_purged_floors":[4,21,42],"is_endless":false,"potions_floor_spawned":[6,11,12,13,14,18,25,28,29,33,38,41,44,48],"ascension_level":0}