{"gold_per_floor":[111,111,111,36,36,71,71,148,148,191,216,216,241,260,260,389,452,476,489,55,55,78,112,131,169,195,195,195,195,195,214,214,310,310,320,28,42,42,60,87,142,142,142,142,170,0,31,50,50,50,50,50,50,75,75],"floor_reached":56,"playtime":2659,"items_purged":["Strike_R","Strike_R"],"score":1306,"play_id":"c6dd6c89-e2cf-4527-b4c9-99b84ff93e62","local_time":"20190314124745","is_ascension_mode":false,"campfire_choices":[{"floor":7,"key":"REST"},{"data":"Combust","floor":12,"key":"SMITH"},{"data":"Iron Wave","floor":15,"key":"SMITH"},{"floor":27,"key":"RECALL"},{"data":"Reaper","floor":32,"key":"SMITH"},{"data":"Sword Boomerang","floor":44,"key":"SMITH"},{"data":"Twin Strike","floor":49,"key":"SMITH"},{"data":"Defend_R","floor":52,"key":"SMITH"}],"neow_cost":"NONE","seed_source_timestamp":97580112062571,"circlet_count":0,"master_deck":["Strike_R","Strike_R","Strike_R","Defend_R+1","Defend_R","Defend_R+1","Defend_R","Bash+1","Iron Wave+1","Pommel Strike+1","Combust+1","Spot Weakness+1","Shrug It Off+1","True Grit+1","Demon Form+1","Twin Strike+1","Warcry+1","Flex+1","Rupture+1","Disarm+1","Reaper+1","Warcry+1","Battle Trance+1","Body Slam+1","Exhume+1","Bloodletting+1","Metallicize+1","Sword Boomerang+1","Shrug It Off+1","Seeing Red+1","Disarm+1","Offering+1","Dual Wield+1"],"relics":["Burning Blood","Bloody Idol","Meat on the Bone","Toxic Egg 2","Frozen Egg 2","Singing Bowl","Tiny House","Kunai","MutagenicStrength","Bottled Tornado","Question Card","Oddly Smooth Stone","Sozu","Medical Kit","Gambling Chip","Ancient Tea Set","Champion Belt","Vajra","Red Mask","Art of War","Thread and Needle"],"potions_floor_usage":[16,22,23,25,35,55],"damage_taken":[{"damage":6,"enemies":"Jaw Worm","floor":1,"turns":4},{"damage":31,"enemies":"Lagavulin","floor":6,"turns":5},{"damage":11,"enemies":"Gremlin Nob","floor":10,"turns":4},{"damage":3,"enemies":"2 Louse","floor":11,"turns":3},{"damage":2,"enemies":"Small Slimes","floor":13,"turns":3},{"damage":9,"enemies":"Blue Slaver","floor":14,"turns":4},{"damage":29,"enemies":"The Guardian","floor":16,"turns":12},{"damage":13,"enemies":"Spheric Guardian","floor":18,"turns":4},{"damage":4,"enemies":"Chosen","floor":19,"turns":4},{"damage":25,"enemies":"Shelled Parasite and Fungi","floor":22,"turns":4},{"damage":45,"enemies":"Slavers","floor":23,"turns":4},{"damage":25,"enemies":"Centurion and Healer","floor":24,"turns":5},{"damage":31,"enemies":"Book of Stabbing","floor":25,"turns":5},{"damage":56,"enemies":"Cultist and Chosen","floor":31,"turns":6},{"damage":63,"enemies":"Collector","floor":33,"turns":8},{"damage":7,"enemies":"Orb Walker","floor":35,"turns":3},{"damage":61,"enemies":"3 Darklings","floor":37,"turns":4},{"damage":15,"enemies":"Sphere and 2 Shapes","floor":39,"turns":5},{"damage":44,"enemies":"Nemesis","floor":40,"turns":7},{"damage":47,"enemies":"2 Orb Walkers","floor":41,"turns":5},{"damage":19,"enemies":"Reptomancer","floor":45,"turns":5},{"damage":64,"enemies":"Nemesis","floor":47,"turns":5},{"damage":17,"enemies":"Writhing Mass","floor":48,"turns":5},{"damage":22,"enemies":"Time Eater","floor":50,"turns":8},{"damage":27,"enemies":"Shield and Spear","floor":54,"turns":4},{"damage":113,"enemies":"The Heart","floor":55,"turns":8}],"seed_played":"4570556504738692094","potions_obtained":[{"floor":11,"key":"Fire Potion"},{"floor":13,"key":"PowerPotion"},{"floor":14,"key":"BloodPotion"},{"floor":16,"key":"BloodPotion"},{"floor":23,"key":"Weak Potion"},{"floor":25,"key":"FearPotion"},{"floor":30,"key":"Explosive Potion"}],"is_trial":false,"path_per_floor":["M","?","?","$","?","E","R","T","T","E","M","R","M","M","R","B",null,"M","M","$","?","M","E","M","E","T","R","?","?","?","M","R","B",null,"M","$","M","?","M","E","?","?","T","R","E","?","E","M","R","B",null,"R","$","E","B",null],"character_chosen":"IRONCLAD","items_purchased":["Flex+1","Kunai","Rupture+1","Metallicize+1","Medical Kit","Sword Boomerang"],"campfire_rested":1,"item_purchase_floors":[20,20,20,36,36,36],"current_hp_per_floor":[80,64,44,44,44,19,43,43,43,50,53,53,59,56,56,45,87,80,84,84,84,73,46,63,58,58,58,58,58,58,67,67,70,89,89,89,59,59,84,64,62,62,62,62,91,91,63,93,93,93,93,93,93,93,38],"gold":75,"neow_bonus":"THREE_CARDS","is_prod":false,"is_daily":false,"chose_seed":false,"campfire_upgraded":6,"win_rate":0,"timestamp":1552567665,"path_taken":["M","?","?","?","?","E","R","?","T","E","M","R","M","?","R","BOSS","M","M","$","?","M","E","M","E","T","R","?","?","?","M","R","BOSS","M","$","M","?","?","E","?","?","T","R","E","?","E","M","R","BOSS","R","$","E","BOSS"],"build_version":"2019-02-06","purchased_purges":2,"victory":true,"max_hp_per_floor":[80,80,80,80,80,80,80,80,80,80,80,80,82,82,82,82,87,87,89,89,89,89,89,89,89,89,89,89,89,89,89,89,89,89,89,89,89,89,89,89,89,89,89,89,91,91,91,93,93,93,93,93,93,93,93],"card_choices":[{"not_picked":["Rupture","True Grit"],"picked":"Iron Wave","floor":0},{"not_picked":["Warcry","Armaments"],"picked":"Pommel Strike","floor":1},{"not_picked":["Ghostly Armor","Anger"],"picked":"Combust","floor":6},{"not_picked":["Ghostly Armor+1","Sword Boomerang"],"picked":"Spot Weakness+1","floor":10},{"not_picked":["Thunderclap","Havoc+1"],"picked":"Shrug It Off+1","floor":11},{"not_picked":["Clash","Twin Strike","Carnage"],"picked":"Singing Bowl","floor":13},{"not_picked":["Thunderclap","Clothesline"],"picked":"True Grit+1","floor":14},{"not_picked":["Fiend Fire","Brutality+1"],"picked":"Demon Form+1","floor":16},{"not_picked":["Uppercut","Headbutt"],"picked":"Twin Strike","floor":17},{"not_picked":["Cleave+1","Spot Weakness+1"],"picked":"Warcry+1","floor":18},{"not_picked":["Power Through+1","Armaments+1","Clash+1"],"picked":"Singing Bowl","floor":19},{"not_picked":["Pommel Strike","Thunderclap"],"picked":"Disarm+1","floor":22},{"not_picked":["Armaments+1","Rampage"],"picked":"Reaper","floor":23},{"not_picked":["Iron Wave","Body Slam"],"picked":"Warcry+1","floor":24},{"not_picked":["Pommel Strike","Uppercut+1"],"picked":"Battle Trance+1","floor":25},{"not_picked":["Clash","Disarm+1","Demon Form+1"],"picked":"Body Slam+1","floor":31},{"not_picked":["Fiend Fire","Dark Embrace+1","Immolate"],"picked":"Exhume+1","floor":33},{"not_picked":["True Grit+1","Armaments+1","Clash+1"],"picked":"Bloodletting+1","floor":35},{"not_picked":["True Grit+1","Sword Boomerang+1","Clash"],"picked":"Shrug It Off+1","floor":37},{"not_picked":["Clothesline+1","Sword Boomerang+1","Pommel Strike+1"],"picked":"Heavy Blade","floor":39},{"not_picked":["Pommel Strike","Feed","Ghostly Armor+1"],"picked":"Seeing Red+1","floor":40},{"not_picked":["Power Through+1","Clash","Headbutt"],"picked":"Disarm+1","floor":41},{"not_picked":["Bloodletting+1","Sword Boomerang","Power Through+1","Rampage+1"],"picked":"Singing Bowl","floor":45},{"not_picked":["Perfected Strike+1","Whirlwind+1","Combust+1"],"picked":"Offering+1","floor":47},{"not_picked":["Armaments+1","Headbutt","Dropkick+1","Sentinel+1"],"picked":"Singing Bowl","floor":48},{"not_picked":["Sentinel+1","Evolve+1","Fire Breathing+1"],"picked":"Dual Wield+1","floor":54}],"player_experience":1077548,"relics_obtained":[{"floor":6,"key":"Meat on the Bone"},{"floor":8,"key":"Toxic Egg 2"},{"floor":9,"key":"Frozen Egg 2"},{"floor":10,"key":"Singing Bowl"},{"floor":23,"key":"Bottled Tornado"},{"floor":25,"key":"Question Card"},{"floor":26,"key":"Oddly Smooth Stone"},{"floor":40,"key":"Ancient Tea Set"},{"floor":41,"key":"Champion Belt"},{"floor":45,"key":"Vajra"},{"floor":47,"key":"Art of War"},{"floor":54,"key":"Thread and Needle"}],"event_choices":[{"damage_healed":0,"gold_gain":0,"player_choice":"Entered Light","damage_taken":16,"max_hp_gain":0,"max_hp_loss":0,"event_name":"Shining Light","floor":2,"gold_loss":0,"cards_upgraded":["Bash","Pommel Strike"]},{"damage_healed":0,"gold_gain":0,"player_choice":"Take Damage","damage_taken":20,"relics_obtained":["Golden Idol"],"max_hp_gain":0,"max_hp_loss":0,"event_name":"Golden Idol","floor":3,"gold_loss":0},{"damage_healed":0,"gold_gain":0,"player_choice":"Ignored","damage_taken":0,"max_hp_gain":0,"max_hp_loss":0,"event_name":"Liars Game","floor":5,"gold_loss":0},{"damage_healed":0,"gold_gain":0,"player_choice":"Inject Mutagens","damage_taken":0,"relics_obtained":["MutagenicStrength"],"max_hp_gain":0,"max_hp_loss":0,"event_name":"Drug Dealer","floor":21,"gold_loss":0},{"damage_healed":0,"gold_gain":0,"player_choice":"Ignored","damage_taken":0,"max_hp_gain":0,"max_hp_loss":0,"event_name":"Vampires","floor":28,"gold_loss":0},{"damage_healed":0,"gold_gain":0,"player_choice":"Gave Idol","damage_taken":0,"relics_obtained":["Bloody Idol"],"max_hp_gain":0,"max_hp_loss":0,"event_name":"Forgotten Altar","floor":29,"relics_lost":["Golden Idol"],"gold_loss":0},{"damage_healed":0,"gold_gain":0,"player_choice":"Got Potions","damage_taken":0,"max_hp_gain":0,"max_hp_loss":0,"event_name":"Lab","floor":30,"gold_loss":0},{"damage_healed":0,"gold_gain":0,"player_choice":"Gave Potion","damage_taken":0,"relics_obtained":["Gambling Chip"],"max_hp_gain":0,"max_hp_loss":0,"event_name":"WeMeetAgain","floor":38,"gold_loss":0},{"damage_healed":0,"gold_gain":0,"player_choice":"Fight","damage_taken":0,"max_hp_gain":0,"max_hp_loss":0,"event_name":"Mysterious Sphere","floor":41,"gold_loss":0},{"cards_removed":["Heavy Blade"],"damage_healed":0,"gold_gain":0,"player_choice":"Removed Attack","damage_taken":0,"max_hp_gain":0,"max_hp_loss":0,"event_name":"Falling","floor":42,"gold_loss":0},{"damage_healed":0,"gold_gain":0,"player_choice":"Paid","damage_taken":0,"relics_obtained":["Red Mask"],"max_hp_gain":0,"max_hp_loss":0,"event_name":"Tomb of Lord Red Mask","floor":46,"gold_loss":170}],"is_beta":true,"boss_relics":[{"not_picked":["Eternal Feather","Black Blood"],"picked":"Tiny House"},{"not_picked":["Astrolabe","Velvet Choker"],"picked":"Sozu"}],"items_purged_floors":[4,20],"is_endless":false,"potions_floor_spawned":[11,13,14,16,19,23,25,31,37,40,45,47,48],"ascension_level":0}