{"path_per_floor":["M","?","$","T","M","E","R","?","T","E","R","M","M","?","R","B",null,"M","M","?","$","M"],"character_chosen":"DEFECT","items_purchased":["Fusion","Capacitor","Mango"],"gold_per_floor":[113,113,43,67,78,105,105,280,280,313,313,330,348,348,348,449,449,418,434,434,77,97,97],"floor_reached":23,"campfire_rested":0,"playtime":1405,"current_hp_per_floor":[75,68,68,68,70,72,72,72,72,60,60,62,51,79,79,41,85,62,43,43,57,29,0],"items_purged":[],"gold":97,"score":274,"play_id":"e1c10089-c7e7-4506-9739-6f39630d2d1c","local_time":"20180507024201","is_prod":false,"is_daily":false,"chose_seed":false,"is_ascension_mode":false,"campfire_upgraded":3,"timestamp":1525671721,"path_taken":["M","?","$","?","M","E","R","?","T","E","R","M","M","?","R","BOSS","M","M","?","$","M","M"],"build_version":"2018-05-03","seed_source_timestamp":642385470165743,"purchased_purges":0,"victory":false,"master_deck":["Defend_B","Defend_B","Defend_B","Defend_B","Zap","Dualcast+1","Lockon","Fusion+1","Chaos+1","Glacier","Doubt","Axe Kick","Go for the Eyes","BootSequence","Biased Cognition","Pain","Decay","Decay","Aggregate","Axe Kick","Bite","Bite","Bite","Bite","Bite","Capacitor","Leap+1"],"max_hp_per_floor":[75,75,75,75,75,75,75,75,75,85,85,85,85,85,85,85,85,85,85,85,99,99,99],"relics":["Cracked Core","NeowsBlessing","Juzu Bracelet","Bag of Preparation","Centennial Puzzle","Pear","Calling Bell","Vajra","Mummified Hand","Sundial","Mango"],"card_choices":[{"not_picked":["Streamline","Steam Power"],"picked":"Lockon","floor":1},{"not_picked":["Reprogram","Streamline"],"picked":"Chaos","floor":5},{"not_picked":["Scrape","Hologram"],"picked":"Glacier","floor":6},{"not_picked":["Doom and Gloom","Conserve Battery"],"picked":"Axe Kick","floor":10},{"not_picked":["Hologram","Cold Snap"],"picked":"Go for the Eyes","floor":12},{"not_picked":["Rip and Tear","Hologram"],"picked":"BootSequence","floor":13},{"not_picked":["Machine Learning","Prime"],"picked":"Biased Cognition","floor":16},{"not_picked":["Defragment","Leap"],"picked":"Aggregate","floor":18},{"not_picked":["Heatsinks","Scrape"],"picked":"Axe Kick","floor":19},{"not_picked":["Skim","Coolheaded"],"picked":"Leap","floor":22}],"player_experience":5904,"potions_floor_usage":[18,22,23],"damage_taken":[{"damage":0,"enemies":"2 Louse","floor":1,"turns":1},{"damage":0,"enemies":"Small Slimes","floor":5,"turns":1},{"damage":0,"enemies":"Gremlin Nob","floor":6,"turns":1},{"damage":24,"enemies":"Lagavulin","floor":10,"turns":8},{"damage":0,"enemies":"Cultist","floor":12,"turns":2},{"damage":13,"enemies":"2 Fungi Beasts","floor":13,"turns":4},{"damage":40,"enemies":"Slime Boss","floor":16,"turns":11},{"damage":23,"enemies":"2 Thieves","floor":18,"turns":5},{"damage":21,"enemies":"Shell Parasite","floor":19,"turns":4},{"damage":38,"enemies":"Chosen and Byrds","floor":22,"turns":7},{"damage":41,"enemies":"Snecko","floor":23,"turns":9}],"event_choices":[{"event_name":"Scrap Ooze","player_choice":"success","floor":2,"damage_taken":7},{"event_name":"Liars Game","player_choice":"agreed","floor":8,"damage_taken":0},{"event_name":"Big Fish","player_choice":"Banana","floor":14,"damage_taken":0},{"event_name":"Vampires","player_choice":"Became a vampire (Vial)","floor":20,"damage_taken":0}],"boss_relics":[{"not_picked":["Lizard Tail","Runic Pyramid"],"picked":"Calling Bell"}],"potions_floor_spawned":[5,6,12,18,19],"seed_played":"3447407115587250365","killed_by":"Snecko","ascension_level":0,"is_trial":false}