{"gold_per_floor":[109,109,123,123,198,198,40,40,66,66,66,66,79,93,93,93],"floor_reached":16,"playtime":501,"items_purged":["Injury"],"score":88,"play_id":"7390f90b-0c8f-4bdd-8f94-46cde09e2ac0","local_time":"20190506161618","is_ascension_mode":false,"campfire_choices":[{"data":"Fire Breathing","floor":6,"key":"SMITH"},{"data":"infinitespire:TheBestDefense","floor":8,"key":"SMITH"},{"data":"Dramatic Entrance","floor":10,"key":"SMITH"},{"data":"Bash","floor":12,"key":"SMITH"},{"data":"Fire Breathing","floor":15,"key":"SMITH"}],"neow_cost":"TEN_PERCENT_HP_LOSS","seed_source_timestamp":2168925862390620,"circlet_count":0,"master_deck":["Strike_R","Strike_R","Strike_R","Strike_R","Defend_R","Defend_R","Defend_R","Defend_R","Bash+1","Fire Breathing+1","infinitespire:TheBestDefense+1","Thunderclap","Dramatic Entrance+1","vexMod:Hatred","Fire Breathing+1"],"relics":["Burning Blood","Durian","Golden Idol","vexMod:StoryBook","trackpad:Compendium"],"potions_floor_usage":[],"damage_taken":[{"damage":6,"enemies":"Jaw Worm","floor":1,"turns":4},{"damage":1,"enemies":"Cultist","floor":3,"turns":4},{"damage":0,"enemies":"Small Slimes","floor":13,"turns":1},{"damage":9,"enemies":"3 Louse","floor":14,"turns":2},{"damage":56,"enemies":"The Guardian","floor":16,"turns":10}],"seed_played":"3606846936915937704","potions_obtained":[{"floor":3,"key":"PowerPotion"},{"floor":13,"key":"Toxic Potion"}],"is_trial":false,"path_per_floor":["M","?","M","?","?","R","$","R","T","R","?","R","M","M","R","B"],"character_chosen":"IRONCLAD","items_purchased":["vexMod:StoryBook","Dramatic Entrance"],"campfire_rested":0,"item_purchase_floors":[7,7],"current_hp_per_floor":[77,58,63,63,52,52,52,52,52,52,52,52,58,55,55,0],"gold":93,"neow_bonus":"ONE_RARE_RELIC","is_prod":false,"is_daily":false,"chose_seed":false,"campfire_upgraded":5,"win_rate":0,"timestamp":1557170178,"path_taken":["M","?","?","?","?","R","$","R","T","R","?","R","M","?","R","BOSS"],"build_version":"2019-01-23","purchased_purges":1,"victory":false,"max_hp_per_floor":[77,77,77,77,77,77,77,77,77,77,77,77,77,77,77,77],"card_choices":[{"not_picked":["Burning Pact","Run Through"],"picked":"Fire Breathing","floor":1},{"not_picked":["infinitespire:DeathsTouch","ReplayTheSpireMod:Echoes of Time"],"picked":"infinitespire:TheBestDefense","floor":2},{"not_picked":["vexMod:TrainingStrike","Body Slam"],"picked":"Thunderclap","floor":3},{"not_picked":["Clash","Headbutt"],"picked":"vexMod:Hatred","floor":13},{"not_picked":["vexMod:BattleStance","Massacre"],"picked":"Fire Breathing","floor":14}],"player_experience":1300493,"relics_obtained":[{"floor":9,"key":"trackpad:Compendium"}],"event_choices":[{"damage_healed":0,"gold_gain":0,"player_choice":"Take Wound","damage_taken":0,"relics_obtained":["Golden Idol"],"max_hp_gain":0,"max_hp_loss":0,"event_name":"Golden Idol","floor":4,"gold_loss":0,"cards_obtained":["Injury"]},{"damage_healed":0,"gold_gain":75,"player_choice":"Gather Gold","damage_taken":11,"max_hp_gain":0,"max_hp_loss":0,"event_name":"World of Goop","floor":5,"gold_loss":0},{"cards_removed":["Strike_R"],"damage_healed":0,"gold_gain":0,"player_choice":"Offered Basic","damage_taken":0,"max_hp_gain":0,"max_hp_loss":0,"event_name":"Bonfire Elementals","floor":11,"gold_loss":0}],"is_beta":false,"boss_relics":[],"items_purged_floors":[7],"is_endless":false,"potions_floor_spawned":[3,13],"killed_by":"The Guardian","ascension_level":0}