{"gold_per_floor":[117,129,204,215,215,215,233,87,87,116,35,35,50,67,67,67],"floor_reached":16,"playtime":475,"items_purged":["Regret"],"score":173,"play_id":"b3abd150-6418-4e3d-a1f2-035022b702c1","local_time":"20190411145917","is_ascension_mode":true,"campfire_choices":[{"data":"Flame Barrier","floor":6,"key":"SMITH"},{"floor":12,"key":"REST"},{"data":"Feed","floor":15,"key":"SMITH"}],"neow_cost":"NONE","seed_source_timestamp":4190282536909,"circlet_count":0,"master_deck":["AscendersBane","Strike_R","Strike_R","Strike_R","Strike_R","Strike_R","Defend_R","Defend_R","Defend_R","Defend_R","Bash","Pummel","Metallicize","Flame Barrier+1","Cleave","Disarm","Dual Wield","Feel No Pain","Feed+1","Pummel"],"relics":["Burning Blood","Pear","Kunai","Charon\u0027s Ashes"],"potions_floor_usage":[10,13],"damage_taken":[{"damage":8,"enemies":"2 Louse","floor":1,"turns":3},{"damage":10,"enemies":"Jaw Worm","floor":2,"turns":4},{"damage":0,"enemies":"Cultist","floor":4,"turns":4},{"damage":30,"enemies":"Large Slime","floor":7,"turns":10},{"damage":28,"enemies":"3 Sentries","floor":10,"turns":9},{"damage":3,"enemies":"Looter","floor":13,"turns":4},{"damage":12,"enemies":"Blue Slaver","floor":14,"turns":5},{"damage":51,"enemies":"Hexaghost","floor":16,"turns":11}],"seed_played":"1588464862413361138","potions_obtained":[{"floor":1,"key":"SteroidPotion"},{"floor":10,"key":"AttackPotion"}],"is_trial":false,"path_per_floor":["M","M","?","M","?","R","M","$","T","E","$","R","M","M","R","B"],"character_chosen":"IRONCLAD","items_purchased":["Disarm","Feel No Pain"],"campfire_rested":1,"item_purchase_floors":[8,11],"current_hp_per_floor":[66,62,51,57,67,67,43,43,43,21,21,46,49,46,46,0],"gold":67,"neow_bonus":"THREE_CARDS","is_prod":false,"is_daily":false,"chose_seed":false,"campfire_upgraded":2,"win_rate":0,"timestamp":1555005557,"path_taken":["M","M","?","M","?","R","?","$","T","E","?","R","M","M","R","BOSS"],"build_version":"2019-01-23","purchased_purges":1,"victory":false,"max_hp_per_floor":[75,75,75,75,85,85,85,85,85,85,85,85,85,88,88,88],"card_choices":[{"not_picked":["Pommel Strike","Wild Strike"],"picked":"Pummel","floor":0},{"not_picked":["Hemokinesis","Perfected Strike"],"picked":"Metallicize","floor":1},{"not_picked":["True Grit","Perfected Strike"],"picked":"Flame Barrier","floor":2},{"not_picked":["Burning Pact","Warcry","Wild Strike"],"picked":"SKIP","floor":4},{"not_picked":["Heavy Blade","Havoc"],"picked":"Cleave","floor":7},{"not_picked":["Perfected Strike","Sword Boomerang"],"picked":"Dual Wield","floor":10},{"not_picked":["Clothesline","Pommel Strike"],"picked":"Feed","floor":13},{"not_picked":["Metallicize","Flex"],"picked":"Pummel","floor":14}],"player_experience":1078182,"relics_obtained":[{"floor":9,"key":"Kunai"},{"floor":10,"key":"Charon\u0027s Ashes"}],"event_choices":[{"damage_healed":0,"gold_gain":75,"player_choice":"Gather Gold","damage_taken":11,"max_hp_gain":0,"max_hp_loss":0,"event_name":"World of Goop","floor":3,"gold_loss":0},{"damage_healed":0,"gold_gain":0,"player_choice":"Box","damage_taken":0,"relics_obtained":["Pear"],"max_hp_gain":0,"max_hp_loss":0,"event_name":"Big Fish","floor":5,"gold_loss":0,"cards_obtained":["Regret"]}],"is_beta":false,"boss_relics":[],"items_purged_floors":[8],"is_endless":false,"potions_floor_spawned":[1,10],"killed_by":"Hexaghost","ascension_level":14}