{"gold_per_floor":[113,113,133,149,160,160,182,208,283,283,296,313,33,48,48,150,150,169,187,200,217,217,217,232,232,256,181,181,201,49,82,82,185,185,203,203,203,221,126,155,155,167,167,179,179,196,196],"floor_reached":47,"playtime":1886,"items_purged":[],"score":717,"play_id":"81b6e900-229f-4210-b2e8-a46ef51686c5","local_time":"20190115031941","is_ascension_mode":true,"campfire_choices":[{"data":"Terror","floor":6,"key":"SMITH"},{"floor":10,"key":"REST"},{"data":"Blade Dance","floor":15,"key":"SMITH"},{"floor":23,"key":"REST"},{"floor":25,"key":"REST"},{"data":"Predator","floor":28,"key":"SMITH"},{"floor":32,"key":"REST"},{"floor":41,"key":"REST"}],"neow_cost":"NONE","seed_source_timestamp":140767443568046,"circlet_count":0,"master_deck":["Defend_G","Defend_G","Defend_G","Defend_G+1","Defend_G","Strike_G","Strike_G","Strike_G+1","Strike_G","Survivor","Neutralize","Terror+1","Predator+1","Caltrops","Well Laid Plans","Calculated Gamble","Dagger Spray","Blade Dance+1","Endless Agony","Infinite Blades+1","Cloak And Dagger","Envenom+1","Slice+1","Envenom+1","Cloak And Dagger","Slice","Leg Sweep+1","Slice+1","Dagger Spray","Night Terror","Caltrops+1","Panacea","Blade Dance","Noxious Fumes+1","Deflect","Terror+1","Backflip+1","Slice","Poisoned Stab+1"],"relics":["Ring of the Snake","Odd Mushroom","Dead Branch","Frozen Egg 2","Lee\u0027s Waffle","Runic Dome","MutagenicStrength","Strawberry","Oddly Smooth Stone","Art of War","WristBlade","Bottled Tornado","Letter Opener"],"potions_floor_usage":[1,8,8,8,14,20,31,40,47,47],"damage_taken":[{"damage":3,"enemies":"Small Slimes","floor":1,"turns":3},{"damage":0,"enemies":"2 Louse","floor":3,"turns":3},{"damage":0,"enemies":"Jaw Worm","floor":4,"turns":3},{"damage":0,"enemies":"2 Fungi Beasts","floor":5,"turns":4},{"damage":36,"enemies":"The Mushroom Lair","floor":7,"turns":5},{"damage":2,"enemies":"Lagavulin","floor":8,"turns":6},{"damage":0,"enemies":"Blue Slaver","floor":11,"turns":3},{"damage":0,"enemies":"Looter","floor":12,"turns":2},{"damage":0,"enemies":"2 Fungi Beasts","floor":14,"turns":2},{"damage":0,"enemies":"Slime Boss","floor":16,"turns":6},{"damage":0,"enemies":"Shell Parasite","floor":18,"turns":2},{"damage":0,"enemies":"Spheric Guardian","floor":19,"turns":3},{"damage":19,"enemies":"Shelled Parasite and Fungi","floor":20,"turns":4},{"damage":23,"enemies":"Centurion and Healer","floor":21,"turns":4},{"damage":18,"enemies":"Snake Plant","floor":24,"turns":3},{"damage":11,"enemies":"3 Cultists","floor":29,"turns":4},{"damage":13,"enemies":"Slavers","floor":31,"turns":4},{"damage":19,"enemies":"Automaton","floor":33,"turns":7},{"damage":0,"enemies":"Orb Walker","floor":35,"turns":3},{"damage":30,"enemies":"3 Darklings","floor":38,"turns":4},{"damage":34,"enemies":"Nemesis","floor":40,"turns":5},{"damage":27,"enemies":"Sphere and 2 Shapes","floor":42,"turns":5},{"damage":7,"enemies":"Transient","floor":44,"turns":5},{"damage":13,"enemies":"Spire Growth","floor":46,"turns":3},{"damage":17,"enemies":"Reptomancer","floor":47,"turns":2}],"seed_played":"4101631140049616637","potions_obtained":[{"floor":0,"key":"GamblersBrew"},{"floor":0,"key":"Explosive Potion"},{"floor":0,"key":"SkillPotion"},{"floor":3,"key":"Regen Potion"},{"floor":5,"key":"Poison Potion"},{"floor":11,"key":"Explosive Potion"},{"floor":12,"key":"FearPotion"},{"floor":14,"key":"Strength Potion"},{"floor":16,"key":"Fire Potion"},{"floor":20,"key":"Regen Potion"},{"floor":33,"key":"EssenceOfSteel"},{"floor":44,"key":"EssenceOfSteel"}],"is_trial":false,"path_per_floor":["M","?","M","M","M","R","?","E","T","R","M","M","$","M","R","B",null,"M","M","M","M","?","R","M","R","T","?","R","M","$","E","R","B",null,"M","?","?","M","$","E","R","M","T","M","?","M","E"],"character_chosen":"THE_SILENT","items_purchased":["Infinite Blades+1","Lee\u0027s Waffle","Oddly Smooth Stone","Noxious Fumes+1","Deflect"],"campfire_rested":5,"item_purchase_floors":[13,13,30,39,39],"current_hp_per_floor":[67,53,53,53,53,53,17,30,30,51,51,51,77,77,77,77,77,77,77,58,35,35,58,40,63,70,70,70,59,59,46,71,52,84,84,84,84,54,54,34,59,32,32,25,25,12,0],"gold":196,"neow_bonus":"THREE_SMALL_POTIONS","is_prod":false,"is_daily":false,"chose_seed":false,"campfire_upgraded":3,"win_rate":0,"timestamp":1547533181,"path_taken":["M","?","M","M","M","R","?","E","T","R","M","M","$","M","R","BOSS","M","M","M","M","?","R","M","R","T","?","R","M","$","E","R","BOSS","M","?","?","M","$","E","R","M","T","M","?","M","E"],"build_version":"2019-01-10","purchased_purges":0,"victory":false,"max_hp_per_floor":[70,70,70,70,70,70,70,70,70,70,70,70,77,77,77,77,77,77,77,77,77,77,77,77,77,84,84,84,84,84,84,84,84,84,84,84,84,84,84,84,84,84,84,84,84,84,84],"card_choices":[{"not_picked":["Infinite Blades","Bane"],"picked":"Terror","floor":1},{"not_picked":["Acrobatics","Quick Slash"],"picked":"Predator","floor":3},{"not_picked":["Prepared","Acrobatics"],"picked":"Caltrops","floor":4},{"not_picked":["Dodge and Roll","Acrobatics"],"picked":"Well Laid Plans","floor":5},{"not_picked":["Heel Hook","Slice"],"picked":"Calculated Gamble","floor":7},{"not_picked":["Deflect","Corpse Explosion"],"picked":"Dagger Spray","floor":8},{"not_picked":["Escape Plan","Skewer"],"picked":"Blade Dance","floor":11},{"not_picked":["PiercingWail","Underhanded Strike"],"picked":"Endless Agony","floor":12},{"not_picked":["PiercingWail","Backflip"],"picked":"Cloak And Dagger","floor":14},{"not_picked":["Doppelganger","Night Terror"],"picked":"Envenom+1","floor":16},{"not_picked":["Prepared","Bane"],"picked":"Slice+1","floor":18},{"not_picked":["Eviscerate+1","Outmaneuver"],"picked":"Envenom+1","floor":19},{"not_picked":["Dodge and Roll","Sucker Punch"],"picked":"Cloak And Dagger","floor":20},{"not_picked":["Bane","Well Laid Plans+1"],"picked":"Slice","floor":21},{"not_picked":["Underhanded Strike","Quick Slash"],"picked":"Leg Sweep+1","floor":24},{"not_picked":["Backflip","Bane"],"picked":"Slice+1","floor":29},{"not_picked":["Quick Slash","Outmaneuver"],"picked":"Dagger Spray","floor":31},{"not_picked":["Unload","Wraith Form v2+1"],"picked":"Night Terror","floor":33},{"not_picked":["Poisoned Stab+1","Deflect"],"picked":"Caltrops+1","floor":35},{"not_picked":["Trip","Impatience"],"picked":"Panacea","floor":36},{"not_picked":["Flying Knee","Deflect"],"picked":"Blade Dance","floor":38},{"not_picked":["Dagger Throw+1","Acrobatics"],"picked":"Terror+1","floor":40},{"not_picked":["Dodge and Roll","Tactician+1"],"picked":"Backflip+1","floor":42},{"not_picked":["Concentrate","Dagger Throw"],"picked":"Slice","floor":44},{"not_picked":["Predator","Bouncing Flask"],"picked":"Poisoned Stab+1","floor":46}],"player_experience":622627,"relics_obtained":[{"floor":7,"key":"Odd Mushroom"},{"floor":8,"key":"Dead Branch"},{"floor":9,"key":"Frozen Egg 2"},{"floor":26,"key":"Strawberry"},{"floor":31,"key":"Art of War"},{"floor":40,"key":"Bottled Tornado"},{"floor":43,"key":"Letter Opener"}],"event_choices":[{"damage_healed":0,"gold_gain":0,"player_choice":"Entered Light","damage_taken":14,"max_hp_gain":0,"max_hp_loss":0,"event_name":"Shining Light","floor":2,"gold_loss":0,"cards_upgraded":["Strike_G","Defend_G"]},{"damage_healed":0,"gold_gain":0,"player_choice":"Fought Mushrooms","damage_taken":0,"max_hp_gain":0,"max_hp_loss":0,"event_name":"Mushrooms","floor":7,"gold_loss":0},{"damage_healed":0,"gold_gain":0,"player_choice":"Inject Mutagens","damage_taken":0,"relics_obtained":["MutagenicStrength"],"max_hp_gain":0,"max_hp_loss":0,"event_name":"Drug Dealer","floor":22,"gold_loss":0},{"cards_removed":["Strike_G"],"damage_healed":0,"gold_gain":0,"player_choice":"Gave Gold","damage_taken":0,"max_hp_gain":0,"max_hp_loss":0,"event_name":"Beggar","floor":27,"gold_loss":75},{"damage_healed":0,"gold_gain":0,"player_choice":"Memory 1","damage_taken":0,"max_hp_gain":0,"max_hp_loss":0,"event_name":"SensoryStone","floor":36,"gold_loss":0},{"damage_healed":0,"gold_gain":0,"player_choice":"Ignored","damage_taken":0,"max_hp_gain":0,"max_hp_loss":0,"event_name":"Tomb of Lord Red Mask","floor":37,"gold_loss":0},{"damage_healed":0,"gold_gain":0,"player_choice":"Ignored","damage_taken":0,"max_hp_gain":0,"max_hp_loss":0,"event_name":"Mysterious Sphere","floor":45,"gold_loss":0}],"is_beta":false,"boss_relics":[{"not_picked":["White Beast Statue","Calling Bell"],"picked":"Runic Dome"},{"not_picked":["Velvet Choker","Sozu"],"picked":"WristBlade"}],"items_purged_floors":[],"is_endless":false,"potions_floor_spawned":[3,5,11,12,14,16,19,20,24,33,38,44],"killed_by":"Reptomancer","ascension_level":4}