{"gold_per_floor":[115,132,132,147,147,191,215,256,256,256,101,101,101,136,136,257,257,276,276,276,476,492,526,526,567,594,629,554,554,568,607,607,728,728,746,148,167,292,292,333,358,399,399,419,462,485,498,516,516,516,516,516,66,100,100],"floor_reached":56,"playtime":4870,"items_purged":["Pain","Strike_B"],"score":1800,"play_id":"29fd1c84-497c-40d0-8ab2-abd171270b51","local_time":"20190325180025","is_ascension_mode":true,"campfire_choices":[{"data":"Zap","floor":10,"key":"SMITH"},{"floor":13,"key":"REST"},{"data":"Dualcast","floor":15,"key":"SMITH"},{"data":"Coolheaded","floor":24,"key":"SMITH"},{"data":"Capacitor","floor":32,"key":"SMITH"},{"floor":49,"key":"RECALL"},{"data":"Machine Learning","floor":52,"key":"SMITH"}],"neow_cost":"NONE","seed_source_timestamp":1202509958355036,"circlet_count":0,"master_deck":["Defend_B","Defend_B","Defend_B","Zap+1","Dualcast+1","Rebound","Streamline","All For One","Coolheaded+1","Steam","Defragment+1","Consume+1","Reboot+1","Auto Shields+1","Beam Cell+1","Ghostly+1","Ghostly+1","Ghostly+1","Ghostly+1","Ghostly+1","Leap+1","Conserve Battery+1","Go for the Eyes+1","Fission+1","Chill+1","Capacitor+1","Leap+1","Machine Learning+1","Reprogram+1","Self Repair+1","Echo Form+1","Chaos+1","Turbo+1","Coolheaded+1","Metamorphosis+1","Undo+1","Coolheaded+1","Glacier+1","Hologram+1","Capacitor+1","FTL","FTL","White Noise+1","Storm+1","Conserve Battery+1","Gash+1","Hologram+1","Go for the Eyes+1","Stack+1","Cold Snap","Coolheaded+1"],"relics":["Cracked Core","Lantern","WarpedTongs","Golden Idol","Pantograph","Prayer Wheel","Toxic Egg 2","Sundial","Sozu","Nilry\u0027s Codex","Centennial Puzzle","Darkstone Periapt","Blood Vial","Ancient Tea Set","Astrolabe","Singing Bowl","Unceasing Top","Girya","Dream Catcher","Gremlin Horn","Oddly Smooth Stone","Vajra","Toolbox","Bottled Tornado"],"potions_floor_usage":[6,7,14,16,55],"damage_taken":[{"damage":0,"enemies":"2 Louse","floor":1,"turns":2},{"damage":1,"enemies":"Cultist","floor":2,"turns":3},{"damage":2,"enemies":"Small Slimes","floor":4,"turns":3},{"damage":21,"enemies":"3 Sentries","floor":6,"turns":6},{"damage":0,"enemies":"Exordium Wildlife","floor":7,"turns":2},{"damage":27,"enemies":"Lagavulin","floor":8,"turns":7},{"damage":11,"enemies":"Gremlin Nob","floor":14,"turns":4},{"damage":0,"enemies":"The Guardian","floor":16,"turns":8},{"damage":7,"enemies":"Shell Parasite","floor":18,"turns":4},{"damage":0,"enemies":"Spheric Guardian","floor":22,"turns":7},{"damage":0,"enemies":"Gremlin Leader","floor":23,"turns":7},{"damage":0,"enemies":"Slavers","floor":25,"turns":6},{"damage":0,"enemies":"Gremlin Leader","floor":27,"turns":8},{"damage":0,"enemies":"Centurion and Healer","floor":30,"turns":5},{"damage":0,"enemies":"Book of Stabbing","floor":31,"turns":6},{"damage":0,"enemies":"Automaton","floor":33,"turns":16},{"damage":0,"enemies":"Orb Walker","floor":35,"turns":6},{"damage":0,"enemies":"3 Shapes","floor":37,"turns":5},{"damage":0,"enemies":"Mind Bloom Boss Battle","floor":38,"turns":5},{"damage":0,"enemies":"Nemesis","floor":40,"turns":3},{"damage":0,"enemies":"Maw","floor":41,"turns":7},{"damage":0,"enemies":"Giant Head","floor":42,"turns":5},{"damage":0,"enemies":"Transient","floor":44,"turns":5},{"damage":0,"enemies":"Reptomancer","floor":45,"turns":8},{"damage":0,"enemies":"Writhing Mass","floor":46,"turns":7},{"damage":0,"enemies":"Jaw Worm Horde","floor":47,"turns":5},{"damage":0,"enemies":"4 Shapes","floor":48,"turns":4},{"damage":15,"enemies":"Time Eater","floor":50,"turns":11},{"damage":0,"enemies":"Shield and Spear","floor":54,"turns":7},{"damage":16,"enemies":"The Heart","floor":55,"turns":9}],"seed_played":"-7452078687686071370","potions_obtained":[{"floor":2,"key":"EntropicBrew"},{"floor":8,"key":"AttackPotion"}],"is_trial":false,"path_per_floor":["M","M","?","M","?","E","M","E","T","R","$","?","R","E","R","B",null,"M","?","?","?","M","E","R","E","T","E","?","?","M","E","R","B",null,"M","$","M","?","?","E","M","E","T","M","E","M","M","M","R","B",null,"R","$","E","B",null],"character_chosen":"DEFECT","items_purchased":["Defragment","Coolheaded+1","Metamorphosis+1","Singing Bowl","Stack+1","Cold Snap","Vajra","Toolbox"],"campfire_rested":1,"item_purchase_floors":[11,36,36,36,53,53,53,53],"current_hp_per_floor":[75,74,74,72,69,48,48,21,21,21,21,21,41,30,30,55,69,62,34,18,18,18,18,18,18,18,18,18,18,20,22,22,34,34,34,34,36,36,36,36,38,38,38,38,38,38,38,40,40,25,40,40,40,40,24],"gold":100,"neow_bonus":"RANDOM_COMMON_RELIC","is_prod":false,"is_daily":false,"chose_seed":false,"campfire_upgraded":5,"win_rate":0,"timestamp":1553551225,"path_taken":["M","M","?","?","?","E","M","E","T","R","?","?","R","E","R","BOSS","M","?","?","?","?","E","R","E","T","E","?","?","?","E","R","BOSS","M","?","M","?","?","E","M","E","T","M","E","M","M","M","R","BOSS","R","$","E","BOSS"],"build_version":"2019-03-15","purchased_purges":2,"victory":true,"max_hp_per_floor":[75,75,75,75,69,69,69,69,69,69,69,69,69,69,69,69,69,69,34,34,34,34,34,34,34,34,34,34,34,34,34,34,34,34,34,34,36,36,36,36,38,38,38,38,38,38,38,40,40,40,40,40,40,40,40],"card_choices":[{"not_picked":["Gash","Beam Cell"],"picked":"Rebound","floor":1},{"not_picked":["Beam Cell","Darkness"],"picked":"BootSequence","floor":2},{"not_picked":["Beam Cell","Sweeping Beam"],"picked":"Streamline","floor":4},{"not_picked":["Beam Cell","Tempest"],"picked":"All For One","floor":6},{"not_picked":["Ball Lightning","Sweeping Beam"],"picked":"Coolheaded","floor":7},{"not_picked":["Leap","Scrape"],"picked":"Steam","floor":8},{"not_picked":["Amplify+1","Hyperbeam"],"picked":"Consume+1","floor":14},{"not_picked":["Core Surge","Machine Learning"],"picked":"Reboot+1","floor":16},{"not_picked":["Consume+1","Cold Snap"],"picked":"Auto Shields+1","floor":18},{"not_picked":["Sweeping Beam+1","Conserve Battery+1"],"picked":"Beam Cell+1","floor":18},{"not_picked":["Compile Driver","Fusion+1"],"picked":"Leap+1","floor":22},{"not_picked":["Ball Lightning+1","Sweeping Beam"],"picked":"Conserve Battery+1","floor":22},{"not_picked":["White Noise+1","Chill+1"],"picked":"Go for the Eyes+1","floor":23},{"not_picked":["Scrape","Static Discharge"],"picked":"Fission+1","floor":25},{"not_picked":["Beam Cell+1","Fusion+1"],"picked":"Chill+1","floor":27},{"not_picked":["Leap+1","Sweeping Beam+1"],"picked":"Capacitor","floor":30},{"not_picked":["Heatsinks","Compile Driver","Rebound+1"],"picked":"SKIP","floor":30},{"not_picked":["Heatsinks","Go for the Eyes+1"],"picked":"Leap+1","floor":31},{"not_picked":["Core Surge","Hyperbeam"],"picked":"Machine Learning","floor":33},{"not_picked":["Coolheaded+1","Melter"],"picked":"Chaos+1","floor":35},{"not_picked":["Rebound+1","Consume+1"],"picked":"Turbo+1","floor":35},{"not_picked":["Reprogram+1","BootSequence+1","Rebound"],"picked":"Singing Bowl","floor":37},{"not_picked":["Redo+1","Doom and Gloom+1"],"picked":"Undo+1","floor":37},{"not_picked":["Sweeping Beam+1","Compile Driver+1"],"picked":"Coolheaded+1","floor":38},{"not_picked":["Compile Driver+1","Aggregate+1"],"picked":"Glacier+1","floor":40},{"not_picked":["Redo+1","Stack+1"],"picked":"Hologram+1","floor":41},{"not_picked":["Machine Learning","Rip and Tear+1","Ball Lightning+1"],"picked":"Singing Bowl","floor":41},{"not_picked":["Steam+1","Sweeping Beam+1"],"picked":"Capacitor+1","floor":42},{"not_picked":["Compile Driver","Glacier+1"],"picked":"FTL","floor":44},{"not_picked":["Turbo+1","Coolheaded+1"],"picked":"FTL","floor":44},{"not_picked":["Tempest+1","Rebound"],"picked":"White Noise+1","floor":45},{"not_picked":["Double Energy+1","Sunder"],"picked":"Storm+1","floor":46},{"not_picked":["Rebound+1","Machine Learning"],"picked":"Conserve Battery+1","floor":46},{"not_picked":["Auto Shields+1","Turbo+1"],"picked":"Gash+1","floor":47},{"not_picked":["Steam+1","Capacitor+1"],"picked":"Hologram+1","floor":47},{"not_picked":["Steam+1","Ball Lightning+1"],"picked":"Go for the Eyes+1","floor":48},{"not_picked":["Reinforced Body+1","Sweeping Beam","Blizzard"],"picked":"Singing Bowl","floor":48},{"not_picked":["Barrage","White Noise+1"],"picked":"Coolheaded+1","floor":54}],"player_experience":5026992,"relics_obtained":[{"floor":6,"key":"Pantograph"},{"floor":8,"key":"Prayer Wheel"},{"floor":9,"key":"Toxic Egg 2"},{"floor":14,"key":"Sundial"},{"floor":20,"key":"Nilry\u0027s Codex"},{"floor":23,"key":"Centennial Puzzle"},{"floor":25,"key":"Darkstone Periapt"},{"floor":27,"key":"Blood Vial"},{"floor":31,"key":"Ancient Tea Set"},{"floor":38,"key":"Unceasing Top"},{"floor":40,"key":"Girya"},{"floor":42,"key":"Dream Catcher"},{"floor":43,"key":"Gremlin Horn"},{"floor":45,"key":"Oddly Smooth Stone"},{"floor":54,"key":"Bottled Tornado"}],"event_choices":[{"damage_healed":0,"gold_gain":0,"player_choice":"Rummage","damage_taken":0,"relics_obtained":["WarpedTongs"],"max_hp_gain":0,"max_hp_loss":0,"event_name":"Accursed Blacksmith","floor":3,"gold_loss":0,"cards_obtained":["Pain"]},{"damage_healed":0,"gold_gain":0,"player_choice":"Lose Max HP","damage_taken":0,"relics_obtained":["Golden Idol"],"max_hp_gain":0,"max_hp_loss":6,"event_name":"Golden Idol","floor":5,"gold_loss":0},{"damage_healed":0,"gold_gain":0,"player_choice":"Grow","damage_taken":0,"max_hp_gain":0,"max_hp_loss":0,"event_name":"Living Wall","floor":12,"gold_loss":0,"cards_upgraded":["Defragment"]},{"damage_healed":0,"gold_gain":0,"player_choice":"Became a Ghost","damage_taken":0,"max_hp_gain":0,"max_hp_loss":35,"event_name":"Ghosts","floor":19,"gold_loss":0,"cards_obtained":["Ghostly","Ghostly","Ghostly","Ghostly","Ghostly"]},{"damage_healed":0,"gold_gain":0,"player_choice":"Obtained Book","damage_taken":16,"max_hp_gain":0,"max_hp_loss":0,"event_name":"Cursed Tome","floor":20,"gold_loss":0},{"damage_healed":0,"gold_gain":250,"player_choice":"Bet on Owner","damage_taken":0,"max_hp_gain":0,"max_hp_loss":0,"event_name":"The Joust","floor":21,"gold_loss":50},{"cards_removed":["Defend_B"],"damage_healed":0,"gold_gain":0,"player_choice":"Gave Gold","damage_taken":0,"max_hp_gain":0,"max_hp_loss":0,"event_name":"Beggar","floor":28,"gold_loss":75},{"damage_healed":0,"gold_gain":0,"player_choice":"Got Potions","damage_taken":0,"max_hp_gain":0,"max_hp_loss":0,"event_name":"Lab","floor":29,"gold_loss":0},{"damage_healed":0,"gold_gain":0,"player_choice":"Fight","damage_taken":0,"max_hp_gain":0,"max_hp_loss":0,"event_name":"MindBloom","floor":38,"gold_loss":0},{"cards_removed":["BootSequence"],"damage_healed":0,"gold_gain":0,"player_choice":"Removed Skill","damage_taken":0,"max_hp_gain":0,"max_hp_loss":0,"event_name":"Falling","floor":39,"gold_loss":0}],"is_beta":true,"boss_relics":[{"not_picked":["Velvet Choker","FrozenCore"],"picked":"Sozu"},{"not_picked":["White Beast Statue","Orrery"],"picked":"Astrolabe"}],"items_purged_floors":[11,36],"is_endless":false,"potions_floor_spawned":[2,8,22,27,30,33,35,38,40,45,47,54],"ascension_level":1}