{"gold_per_floor":[369,369,30,30,48,80,80,109,109,109,124,124,135,12,12,117,117,128,143,18,117,117,117,152,152,200,216,91,91,191,209,209,304,304,314,314,326,338,128,162,162,173,173,186,219,229,229,257,257,257,257,257,56,91,91],"floor_reached":56,"playtime":3003,"items_purged":["Defend_B","Strike_B","Defend_B","Strike_B"],"score":1338,"play_id":"2e1d60c9-2950-4e9c-ba78-8d63f635f73f","local_time":"20190226175915","is_ascension_mode":false,"campfire_choices":[{"floor":7,"key":"REST"},{"data":"Defragment","floor":10,"key":"SMITH"},{"data":"Zap","floor":12,"key":"SMITH"},{"data":"Beam Cell","floor":15,"key":"SMITH"},{"data":"Buffer","floor":23,"key":"SMITH"},{"floor":25,"key":"REST"},{"data":"Capacitor","floor":32,"key":"SMITH"},{"data":"Rainbow","floor":41,"key":"SMITH"},{"floor":49,"key":"RECALL"},{"data":"Capacitor","floor":52,"key":"SMITH"}],"neow_cost":"TEN_PERCENT_HP_LOSS","seed_source_timestamp":779320307264292,"circlet_count":0,"master_deck":["Defend_B+1","Defend_B+1","Zap+1","Dualcast","Leap+1","Capacitor+1","Beam Cell+1","Gash","Machine Learning","Defragment+1","Rip and Tear","Coolheaded","Gash","Buffer+1","Skim","Coolheaded+1","FTL","Gash+1","Coolheaded+1","Compile Driver","Capacitor+1","Seek","Barrage","Defragment","Rainbow+1","Compile Driver","Turbo+1","Defragment+1","Ball Lightning","Consume"],"relics":["FrozenCore","Orichalcum","Kunai","Bag of Marbles","Art of War","Philosopher\u0027s Stone","PreservedInsect","War Paint","Du-Vu Doll","Meat on the Bone","Vajra","Regal Pillow","Smiling Mask","Turnip","Happy Flower","Mummified Hand"],"potions_floor_usage":[11,16,19,24,30,31,37,48,50],"damage_taken":[{"damage":1,"enemies":"2 Louse","floor":1,"turns":2},{"damage":1,"enemies":"Jaw Worm","floor":5,"turns":3},{"damage":31,"enemies":"Gremlin Nob","floor":6,"turns":5},{"damage":18,"enemies":"3 Sentries","floor":8,"turns":7},{"damage":0,"enemies":"Cultist","floor":11,"turns":3},{"damage":3,"enemies":"2 Fungi Beasts","floor":13,"turns":3},{"damage":0,"enemies":"Hexaghost","floor":16,"turns":7},{"damage":0,"enemies":"Chosen","floor":18,"turns":5},{"damage":23,"enemies":"3 Byrds","floor":19,"turns":5},{"damage":23,"enemies":"Book of Stabbing","floor":24,"turns":6},{"damage":0,"enemies":"Centurion and Healer","floor":27,"turns":6},{"damage":0,"enemies":"Colosseum Slavers","floor":30,"turns":4},{"damage":0,"enemies":"Colosseum Nobs","floor":30,"turns":4},{"damage":0,"enemies":"Chosen and Byrds","floor":31,"turns":6},{"damage":13,"enemies":"Automaton","floor":33,"turns":9},{"damage":0,"enemies":"3 Darklings","floor":35,"turns":5},{"damage":6,"enemies":"3 Shapes","floor":37,"turns":5},{"damage":0,"enemies":"Jaw Worm Horde","floor":38,"turns":5},{"damage":2,"enemies":"Reptomancer","floor":40,"turns":6},{"damage":1,"enemies":"Sphere and 2 Shapes","floor":42,"turns":5},{"damage":17,"enemies":"Spire Growth","floor":44,"turns":5},{"damage":0,"enemies":"Giant Head","floor":45,"turns":5},{"damage":0,"enemies":"Maw","floor":46,"turns":6},{"damage":0,"enemies":"Nemesis","floor":48,"turns":7},{"damage":50,"enemies":"Awakened One","floor":50,"turns":11},{"damage":18,"enemies":"Shield and Spear","floor":54,"turns":6},{"damage":37,"enemies":"The Heart","floor":55,"turns":11}],"seed_played":"1662951972840651377","potions_obtained":[{"floor":5,"key":"Dexterity Potion"},{"floor":8,"key":"FocusPotion"},{"floor":16,"key":"SkillPotion"},{"floor":19,"key":"FearPotion"},{"floor":24,"key":"SpeedPotion"},{"floor":31,"key":"SpeedPotion"},{"floor":35,"key":"Fire Potion"},{"floor":46,"key":"Regen Potion"},{"floor":48,"key":"SkillPotion"}],"is_trial":false,"path_per_floor":["M","?","$","?","M","E","R","E","T","R","M","R","M","$","R","B",null,"M","M","$","?","?","R","E","R","T","M","$","?","?","M","R","B",null,"M","?","M","M","$","E","R","M","T","M","E","M","?","E","R","B",null,"R","$","E","B",null],"character_chosen":"DEFECT","items_purchased":["Capacitor","Beam Cell","Orichalcum","Gash","FTL","Block Potion","Vajra","Defragment","Happy Flower"],"campfire_rested":2,"item_purchase_floors":[3,3,3,14,20,20,39,39,53],"current_hp_per_floor":[67,53,53,53,52,21,41,23,23,23,23,23,20,20,20,20,68,68,45,45,45,45,45,22,42,42,42,42,42,42,42,42,41,68,68,68,62,62,62,60,60,59,59,42,42,42,42,57,57,19,68,68,68,50,25],"gold":91,"neow_bonus":"TWO_FIFTY_GOLD","is_prod":false,"is_daily":false,"chose_seed":false,"campfire_upgraded":7,"win_rate":0,"timestamp":1551203955,"path_taken":["M","?","$","?","?","E","R","E","T","R","M","R","M","$","R","BOSS","M","M","$","?","?","R","E","R","T","?","$","?","?","M","R","BOSS","M","?","M","?","$","E","R","M","T","?","E","M","?","E","R","BOSS","R","$","E","BOSS"],"build_version":"2019-02-06","purchased_purges":4,"victory":true,"max_hp_per_floor":[68,68,68,68,68,68,68,68,68,68,68,68,68,68,68,68,68,68,68,68,68,68,68,68,68,68,68,68,68,68,68,68,68,68,68,68,68,68,68,68,68,68,68,68,68,68,68,68,68,68,68,68,68,68,68],"card_choices":[{"not_picked":["Stack","Chaos"],"picked":"Leap","floor":1},{"not_picked":["Hologram","Go for the Eyes"],"picked":"Gash","floor":5},{"not_picked":["Meteor Strike","Turbo"],"picked":"Machine Learning","floor":6},{"not_picked":["Gash","Blizzard"],"picked":"Defragment","floor":8},{"not_picked":["Steam","Reprogram"],"picked":"Rip and Tear","floor":11},{"not_picked":["Hello World","Melter"],"picked":"Coolheaded","floor":13},{"not_picked":["Core Surge","Reboot"],"picked":"Buffer","floor":16},{"not_picked":["Streamline","Turbo"],"picked":"Skim","floor":18},{"not_picked":["Sunder","Reprogram"],"picked":"Coolheaded","floor":19},{"not_picked":["Genetic Algorithm+1","Hologram"],"picked":"Gash+1","floor":24},{"not_picked":["Gash+1","Beam Cell"],"picked":"Coolheaded+1","floor":27},{"not_picked":["Ball Lightning","Defragment"],"picked":"Compile Driver","floor":30},{"not_picked":["Stack+1","Double Energy"],"picked":"Capacitor","floor":31},{"not_picked":["Creative AI","Reboot"],"picked":"Seek","floor":33},{"not_picked":["Beam Cell","Cold Snap","Force Field"],"picked":"SKIP","floor":35},{"not_picked":["Auto Shields","Self Repair"],"picked":"Barrage","floor":37},{"not_picked":["BootSequence","Rebound+1","Steam"],"picked":"SKIP","floor":38},{"not_picked":["Stack","Coolheaded+1"],"picked":"Rainbow","floor":40},{"not_picked":["Ball Lightning","Fusion+1"],"picked":"Compile Driver","floor":42},{"not_picked":["Leap","Hello World+1","Chill"],"picked":"SKIP","floor":44},{"not_picked":["Stack","Redo+1"],"picked":"Turbo+1","floor":45},{"not_picked":["Redo+1","Conserve Battery+1"],"picked":"Defragment+1","floor":46},{"not_picked":["Rip and Tear+1","Force Field+1"],"picked":"Ball Lightning","floor":48},{"not_picked":["Loop+1","Redo"],"picked":"Consume","floor":54}],"player_experience":961475,"relics_obtained":[{"floor":6,"key":"Kunai"},{"floor":8,"key":"Bag of Marbles"},{"floor":9,"key":"Art of War"},{"floor":24,"key":"PreservedInsect"},{"floor":26,"key":"War Paint"},{"floor":30,"key":"Du-Vu Doll"},{"floor":30,"key":"Meat on the Bone"},{"floor":40,"key":"Regal Pillow"},{"floor":45,"key":"Smiling Mask"},{"floor":48,"key":"Turnip"},{"floor":54,"key":"Mummified Hand"}],"event_choices":[{"damage_healed":0,"gold_gain":0,"player_choice":"Entered Light","damage_taken":14,"max_hp_gain":0,"max_hp_loss":0,"event_name":"Shining Light","floor":2,"gold_loss":0,"cards_upgraded":["Leap","Defend_B"]},{"damage_healed":0,"gold_gain":0,"player_choice":"Ignored","damage_taken":0,"max_hp_gain":0,"max_hp_loss":0,"event_name":"NoteForYourself","floor":4,"gold_loss":0},{"damage_healed":0,"gold_gain":99,"player_choice":"Stole From Cult","damage_taken":0,"max_hp_gain":0,"max_hp_loss":0,"event_name":"Nest","floor":21,"gold_loss":0},{"damage_healed":0,"gold_gain":0,"player_choice":"Ignored","damage_taken":0,"max_hp_gain":0,"max_hp_loss":0,"event_name":"Ghosts","floor":22,"gold_loss":0},{"cards_removed":["Strike_B"],"damage_healed":0,"gold_gain":0,"player_choice":"Elegance","damage_taken":0,"max_hp_gain":0,"max_hp_loss":0,"event_name":"Back to Basics","floor":29,"gold_loss":0},{"damage_healed":0,"gold_gain":0,"player_choice":"Fight","damage_taken":0,"max_hp_gain":0,"max_hp_loss":0,"event_name":"Colosseum","floor":30,"gold_loss":0},{"damage_healed":0,"gold_gain":0,"player_choice":"Fought Nobs","damage_taken":0,"max_hp_gain":0,"max_hp_loss":0,"event_name":"Colosseum","floor":30,"gold_loss":0},{"cards_removed":["Strike_B"],"damage_healed":0,"gold_gain":0,"player_choice":"Purged","damage_taken":0,"max_hp_gain":0,"max_hp_loss":0,"event_name":"Purifier","floor":36,"gold_loss":0},{"damage_healed":0,"gold_gain":0,"player_choice":"Memory 1","damage_taken":0,"max_hp_gain":0,"max_hp_loss":0,"event_name":"SensoryStone","floor":47,"gold_loss":0}],"is_beta":true,"boss_relics":[{"not_picked":["Black Star","Velvet Choker"],"picked":"Philosopher\u0027s Stone"},{"not_picked":["Nuclear Battery","Busted Crown"],"picked":"FrozenCore"}],"items_purged_floors":[3,14,28,53],"is_endless":false,"potions_floor_spawned":[5,8,16,19,24,30,31,35,46,48],"ascension_level":0}