{"gold_per_floor":[119,119,138,313,329,329,329,604,604,618,631,661,661,661],"floor_reached":14,"playtime":237,"items_purged":[],"score":122,"play_id":"e6e02579-ac8e-41e2-95ff-c3fa9cd761ee","local_time":"20190115163545","is_ascension_mode":true,"campfire_choices":[{"data":"Body Slam","floor":6,"key":"SMITH"}],"neow_cost":"NONE","seed_source_timestamp":190189424777907,"circlet_count":0,"master_deck":["Strike_R","Strike_R","Strike_R","Strike_R","Strike_R","Defend_R","Defend_R","Defend_R","Defend_R","Bash","Whirlwind","Body Slam+1","Doubt","Twin Strike","Regret","Cleave","Clash","Warcry"],"relics":["Burning Blood","NeowsBlessing","NlothsMask","Singing Bowl"],"potions_floor_usage":[12,12,14,14,14,14],"damage_taken":[{"damage":0,"enemies":"2 Louse","floor":1,"turns":1},{"damage":0,"enemies":"Cultist","floor":3,"turns":1},{"damage":0,"enemies":"Jaw Worm","floor":5,"turns":1},{"damage":24,"enemies":"3 Louse","floor":10,"turns":4},{"damage":0,"enemies":"Lots of Slimes","floor":11,"turns":1},{"damage":24,"enemies":"3 Sentries","floor":12,"turns":5},{"damage":52,"enemies":"Gremlin Gang","floor":14,"turns":3}],"seed_played":"-5171780090731503609","potions_obtained":[{"floor":1,"key":"Strength Potion"},{"floor":11,"key":"Swift Potion"},{"floor":13,"key":"EntropicBrew"},{"floor":13,"key":"SneckoOil"},{"floor":13,"key":"Poison Potion"}],"is_trial":false,"path_per_floor":["M","?","M","?","M","R","?","?","T","M","M","E","?","M"],"character_chosen":"IRONCLAD","items_purchased":[],"campfire_rested":0,"item_purchase_floors":[],"current_hp_per_floor":[78,78,80,80,80,80,80,80,80,62,68,50,50,0],"gold":661,"neow_bonus":"THREE_ENEMY_KILL","is_prod":false,"is_daily":false,"chose_seed":false,"campfire_upgraded":1,"win_rate":0,"timestamp":1547580945,"path_taken":["M","?","?","?","M","R","?","?","T","?","?","E","?","?"],"build_version":"2019-01-10","purchased_purges":0,"victory":false,"max_hp_per_floor":[80,80,80,80,80,80,80,80,80,80,80,80,80,80],"card_choices":[{"not_picked":["Battle Trance","Havoc"],"picked":"Whirlwind","floor":1},{"not_picked":["Twin Strike","Blood for Blood"],"picked":"Body Slam","floor":3},{"not_picked":["Reckless Charge","Entrench"],"picked":"Twin Strike","floor":5},{"not_picked":["Burning Pact","Bludgeon"],"picked":"Cleave","floor":10},{"not_picked":["Reckless Charge","Headbutt"],"picked":"Clash","floor":11},{"not_picked":["True Grit","Feel No Pain"],"picked":"Warcry","floor":12}],"player_experience":633488,"relics_obtained":[{"floor":12,"key":"Singing Bowl"}],"event_choices":[{"damage_healed":0,"gold_gain":0,"player_choice":"Trade","damage_taken":0,"relics_obtained":["NlothsMask"],"max_hp_gain":0,"max_hp_loss":0,"event_name":"FaceTrader","floor":2,"gold_loss":0},{"damage_healed":0,"gold_gain":175,"player_choice":"AGREE","damage_taken":0,"max_hp_gain":0,"max_hp_loss":0,"event_name":"Liars Game","floor":4,"gold_loss":0,"cards_obtained":["Doubt"]},{"damage_healed":0,"gold_gain":0,"player_choice":"Ignored","damage_taken":0,"max_hp_gain":0,"max_hp_loss":0,"event_name":"Golden Wing","floor":7,"gold_loss":0},{"damage_healed":0,"gold_gain":275,"player_choice":"Desecrate","damage_taken":0,"max_hp_gain":0,"max_hp_loss":0,"event_name":"Golden Shrine","floor":8,"gold_loss":0,"cards_obtained":["Regret"]},{"damage_healed":0,"gold_gain":0,"player_choice":"Got Potions","damage_taken":0,"max_hp_gain":0,"max_hp_loss":0,"event_name":"Lab","floor":13,"gold_loss":0}],"is_beta":false,"boss_relics":[],"items_purged_floors":[],"is_endless":false,"potions_floor_spawned":[1,11],"killed_by":"Gremlin Gang","ascension_level":7}