{"gold_per_floor":[115,133,146,111,111,111,140,157,157,170,170,19,19,19,19,19],"floor_reached":16,"playtime":3628,"items_purged":[],"score":120,"play_id":"92c5de8e-f199-4482-9ba4-8a55771224c0","local_time":"20180713133713","is_ascension_mode":true,"campfire_choices":[{"data":"Escape Plan","floor":6,"key":"SMITH"},{"floor":11,"key":"REST"},{"floor":13,"key":"REST"},{"data":"Escape Plan","floor":15,"key":"SMITH"}],"neow_cost":"","seed_source_timestamp":46216760150137,"circlet_count":0,"master_deck":["Defend_G","Defend_G","Defend_G","Defend_G","Defend_G","Strike_G","Strike_G","Strike_G","Strike_G","Strike_G","Survivor","Neutralize","Caltrops","Escape Plan+1","Escape Plan+1","Leg Sweep","Bullet Time","Dagger Throw"],"relics":["Ring of the Snake","Pear","Meat on the Bone","Dodecahedron","Art of War"],"potions_floor_usage":[7,16,16],"damage_taken":[{"damage":5,"enemies":"Jaw Worm","floor":1,"turns":7},{"damage":1,"enemies":"2 Louse","floor":2,"turns":3},{"damage":2,"enemies":"Cultist","floor":3,"turns":5},{"damage":20,"enemies":"3 Sentries","floor":7,"turns":10},{"damage":12,"enemies":"Lots of Slimes","floor":8,"turns":6},{"damage":2,"enemies":"Red Slaver","floor":10,"turns":5},{"damage":97,"enemies":"Slime Boss","floor":16,"turns":13}],"seed_played":"2949853110449236777","potions_obtained":[{"floor":1,"key":"Swift Potion"},{"floor":3,"key":"Explosive Potion"},{"floor":7,"key":"GamblersBrew"}],"is_trial":false,"path_per_floor":["M","M","M","?","T","R","E","M","T","M","R","$","R","$","R"],"character_chosen":"THE_SILENT","items_purchased":["Art of War"],"campfire_rested":2,"item_purchase_floors":[12],"current_hp_per_floor":[65,64,62,70,80,80,60,48,48,46,70,70,80,80,80,0],"gold":19,"neow_bonus":"","is_prod":false,"is_daily":false,"chose_seed":false,"campfire_upgraded":2,"win_rate":0,"timestamp":1531499833,"path_taken":["M","M","M","?","?","R","E","M","T","?","R","$","R","?","R","BOSS"],"build_version":"2018-07-12","purchased_purges":0,"victory":false,"max_hp_per_floor":[70,70,70,70,80,80,80,80,80,80,80,80,80,80,80,80],"card_choices":[{"not_picked":["Catalyst","Quick Slash"],"picked":"Caltrops","floor":1},{"not_picked":["Deadly Poison","Reflex"],"picked":"Escape Plan","floor":2},{"not_picked":["Dagger Throw","Poisoned Stab"],"picked":"Escape Plan","floor":3},{"not_picked":["Flying Knee","Poisoned Stab"],"picked":"Leg Sweep","floor":7},{"not_picked":["Deflect","Prepared"],"picked":"Bullet Time","floor":8},{"not_picked":["Setup","Acrobatics"],"picked":"Dagger Throw","floor":10}],"player_experience":471385,"relics_obtained":[{"floor":5,"key":"Pear"},{"floor":7,"key":"Meat on the Bone"},{"floor":9,"key":"Dodecahedron"}],"event_choices":[{"event_name":"The Cleric","player_choice":"Healed","floor":4,"damage_taken":0}],"boss_relics":[],"items_purged_floors":[],"is_endless":false,"potions_floor_spawned":[1,3,7],"killed_by":"Slime Boss","ascension_level":4}