{"path_per_floor":["M","?","?","$","?","R","$","E","T","M","R","$","E","M","R","B",null,"M","?","M","T","T","M","E"],"character_chosen":"IRONCLAD","items_purchased":["Flex","Intimidate+1"],"gold_per_floor":[111,111,61,37,37,37,37,67,120,132,132,52,77,90,90,185,185,200,230,244,244,244,258,291,291],"floor_reached":25,"campfire_rested":0,"playtime":1136,"item_purchase_floors":[4,12],"current_hp_per_floor":[80,80,80,80,64,64,64,70,70,76,76,76,61,66,66,31,80,80,80,65,65,65,40,16,0],"items_purged":[],"gold":291,"score":290,"play_id":"f0035979-475b-46e7-992f-01402e8a79f7","local_time":"20180610182014","is_prod":false,"is_daily":false,"chose_seed":false,"is_ascension_mode":true,"campfire_upgraded":3,"win_rate":0,"timestamp":1528665614,"campfire_choices":[{"data":"Flex","floor":6,"key":"SMITH"},{"data":"Pommel Strike","floor":11,"key":"SMITH"},{"data":"Cleave","floor":15,"key":"SMITH"}],"path_taken":["M","?","?","$","?","R","?","E","T","?","R","$","E","M","R","BOSS","M","?","M","?","?","?","E","M"],"build_version":"2018-06-07v3","seed_source_timestamp":509133536394886,"purchased_purges":0,"victory":false,"master_deck":["Strike_R+1","Strike_R","Strike_R+1","Strike_R","Strike_R","Defend_R","Defend_R","Defend_R","Defend_R","Bash","Headbutt","Flex+1","Pommel Strike+1","Flex+1","Intimidate+1","True Grit+1","Cleave+1","Limit Break+1","Infernal Blade+1","Writhe","Spot Weakness+1","Inflame","Double Tap+1"],"max_hp_per_floor":[80,80,80,80,80,80,80,80,80,80,80,80,80,80,80,80,80,80,80,80,80,80,80,80,80],"relics":["Burning Blood","NeowsBlessing","Potion Belt","Toxic Egg 2","Orichalcum","Letter Opener","Black Star","Tiny Chest","Bottled Lightning","Dream Catcher","The Courier","Pantograph"],"card_choices":[{"not_picked":["Armaments","Clash"],"picked":"Headbutt","floor":1},{"not_picked":["Havoc","Dropkick"],"picked":"Pommel Strike","floor":8},{"not_picked":["Headbutt","Rampage"],"picked":"Flex+1","floor":10},{"not_picked":["Combust","Carnage"],"picked":"True Grit+1","floor":13},{"not_picked":["Pommel Strike","Twin Strike"],"picked":"Cleave","floor":14},{"not_picked":["Feed","Exhume+1"],"picked":"Limit Break+1","floor":16},{"not_picked":["Headbutt","Clothesline"],"picked":"Infernal Blade+1","floor":18},{"not_picked":["Pummel","Anger"],"picked":"Spot Weakness+1","floor":20},{"not_picked":["Perfected Strike+1","Headbutt"],"picked":"Inflame","floor":23},{"not_picked":["Rage+1","Sever Soul+1"],"picked":"Double Tap+1","floor":24}],"player_experience":326320,"potions_floor_usage":[20,24,24],"damage_taken":[{"damage":0,"enemies":"Small Slimes","floor":1,"turns":1},{"damage":0,"enemies":"Lagavulin","floor":8,"turns":1},{"damage":0,"enemies":"Jaw Worm","floor":10,"turns":1},{"damage":21,"enemies":"3 Sentries","floor":13,"turns":6},{"damage":1,"enemies":"2 Louse","floor":14,"turns":2},{"damage":41,"enemies":"The Guardian","floor":16,"turns":10},{"damage":0,"enemies":"3 Byrds","floor":18,"turns":4},{"damage":21,"enemies":"2 Thieves","floor":20,"turns":3},{"damage":31,"enemies":"Snake Plant","floor":23,"turns":3},{"damage":30,"enemies":"Slavers","floor":24,"turns":3},{"damage":19,"enemies":"Cultist and Chosen","floor":25,"turns":4}],"relics_obtained":[{"floor":8,"key":"Toxic Egg 2"},{"floor":9,"key":"Orichalcum"},{"floor":13,"key":"Letter Opener"},{"floor":21,"key":"Bottled Lightning"},{"floor":22,"key":"Dream Catcher"},{"floor":24,"key":"The Courier"},{"floor":24,"key":"Pantograph"}],"event_choices":[{"event_name":"Big Fish","player_choice":"Box","floor":2,"damage_taken":0},{"event_name":"The Cleric","player_choice":"Card Removal","floor":3,"damage_taken":0},{"event_name":"Shining Light","player_choice":"Entered Light","floor":5,"damage_taken":0},{"event_name":"The Mausoleum","player_choice":"Yes","floor":19,"damage_taken":0}],"boss_relics":[{"not_picked":["Black Blood","Runic Cube"],"picked":"Black Star"}],"items_purged_floors":[],"potions_floor_spawned":[8,14,18],"seed_played":"-3883149202147568451","killed_by":"Cultist and Chosen","ascension_level":3,"potions_obtained":[{"floor":8,"key":"Ancient Potion"},{"floor":14,"key":"Poison Potion"},{"floor":18,"key":"GamblersBrew"}],"is_trial":false}