{"gold_per_floor":[13,25,36,211,286,286,286,286,312,197,215,215,215,7,7,7],"floor_reached":16,"playtime":417,"items_purged":["Doubt","Injury"],"score":119,"play_id":"a6f09c94-a1f8-4f41-9987-5f9e688782a0","local_time":"20190207005115","is_ascension_mode":true,"campfire_choices":[{"floor":6,"key":"REST"},{"data":"Riddle With Holes","floor":8,"key":"SMITH"},{"data":"Caltrops","floor":12,"key":"SMITH"},{"data":"Caltrops","floor":15,"key":"SMITH"}],"neow_cost":"NO_GOLD","seed_source_timestamp":110622056202256,"circlet_count":0,"master_deck":["Defend_G","Defend_G","Defend_G","Defend_G","Defend_G","Strike_G","Strike_G","Strike_G","Strike_G","Survivor","Neutralize","Bullet Time","Distraction","Riddle With Holes+1","Caltrops+1","Burst","Caltrops+1","Masterful Stab","Backstab"],"relics":["Ring of the Snake","Snake Skull","Golden Idol"],"potions_floor_usage":[16],"damage_taken":[{"damage":0,"enemies":"2 Louse","floor":1,"turns":2},{"damage":6,"enemies":"Small Slimes","floor":2,"turns":7},{"damage":6,"enemies":"Jaw Worm","floor":3,"turns":5},{"damage":14,"enemies":"Exordium Thugs","floor":11,"turns":5},{"damage":49,"enemies":"Slime Boss","floor":16,"turns":8}],"seed_played":"9032415292724342190","potions_obtained":[{"floor":11,"key":"FearPotion"}],"is_trial":false,"path_per_floor":["M","M","M","?","?","R","?","R","T","$","M","R","?","$","R","B"],"character_chosen":"THE_SILENT","items_purchased":["Caltrops","Masterful Stab","Backstab"],"campfire_rested":1,"item_purchase_floors":[10,14,14],"current_hp_per_floor":[63,57,51,51,40,61,61,61,61,61,47,47,47,47,47,0],"gold":7,"neow_bonus":"THREE_RARE_CARDS","is_prod":false,"is_daily":false,"chose_seed":false,"campfire_upgraded":3,"win_rate":0,"timestamp":1549511475,"path_taken":["M","M","M","?","?","R","?","R","T","$","?","R","?","$","R","BOSS"],"build_version":"2019-01-23","purchased_purges":2,"victory":false,"max_hp_per_floor":[70,70,70,70,70,70,70,70,70,70,70,70,70,70,70,70],"card_choices":[{"not_picked":["Phantasmal Killer","Doppelganger"],"picked":"Bullet Time","floor":0},{"not_picked":["Prepared","Dagger Throw"],"picked":"Distraction","floor":1},{"not_picked":["Slice","Endless Agony"],"picked":"Riddle With Holes","floor":2},{"not_picked":["Backflip","Terror"],"picked":"Caltrops","floor":3},{"not_picked":["Tactician","All Out Attack","Endless Agony"],"picked":"SKIP","floor":11}],"player_experience":729759,"relics_obtained":[{"floor":9,"key":"Snake Skull"}],"event_choices":[{"damage_healed":0,"gold_gain":175,"player_choice":"AGREE","damage_taken":0,"max_hp_gain":0,"max_hp_loss":0,"event_name":"Liars Game","floor":4,"gold_loss":0,"cards_obtained":["Doubt"]},{"damage_healed":0,"gold_gain":75,"player_choice":"Gather Gold","damage_taken":11,"max_hp_gain":0,"max_hp_loss":0,"event_name":"World of Goop","floor":5,"gold_loss":0},{"damage_healed":0,"gold_gain":0,"cards_transformed":["Strike_G"],"player_choice":"Transformed","damage_taken":0,"max_hp_gain":0,"max_hp_loss":0,"event_name":"Transmorgrifier","floor":7,"gold_loss":0,"cards_obtained":["Burst"]},{"damage_healed":0,"gold_gain":0,"player_choice":"Take Wound","damage_taken":0,"relics_obtained":["Golden Idol"],"max_hp_gain":0,"max_hp_loss":0,"event_name":"Golden Idol","floor":13,"gold_loss":0,"cards_obtained":["Injury"]}],"is_beta":false,"boss_relics":[],"items_purged_floors":[10,14],"is_endless":false,"potions_floor_spawned":[11],"killed_by":"Slime Boss","ascension_level":7}