{"gold_per_floor":[115,290,307,257,271,271,55,72,154,167,167,192,21,21,21,21],"floor_reached":16,"playtime":488,"items_purged":[],"score":140,"play_id":"b2ba9753-dfc7-4359-b1c1-aed7f9f2e7be","local_time":"20190118145647","is_ascension_mode":true,"campfire_choices":[{"data":"Gash","floor":6,"key":"SMITH"},{"floor":15,"key":"REST"}],"neow_cost":"NONE","seed_source_timestamp":443216257583788,"circlet_count":0,"master_deck":["Strike_B","Strike_B","Strike_B","Strike_B","Defend_B","Defend_B","Defend_B","Defend_B","Zap","Dualcast","Gash+1","Reprogram","Compile Driver","Reboot","Steam Power","Conserve Battery","Beam Cell","Core Surge","Streamline"],"relics":["Cracked Core","NeowsBlessing","Gremlin Horn","Art of War","Omamori"],"potions_floor_usage":[12,16,16],"damage_taken":[{"damage":0,"enemies":"Cultist","floor":1,"turns":1},{"damage":0,"enemies":"Jaw Worm","floor":3,"turns":1},{"damage":0,"enemies":"Small Slimes","floor":5,"turns":1},{"damage":15,"enemies":"2 Fungi Beasts","floor":8,"turns":3},{"damage":1,"enemies":"Looter","floor":10,"turns":3},{"damage":33,"enemies":"3 Sentries","floor":12,"turns":8},{"damage":54,"enemies":"The Guardian","floor":16,"turns":9}],"seed_played":"-3881257469415886644","potions_obtained":[{"floor":3,"key":"FearPotion"},{"floor":5,"key":"Regen Potion"},{"floor":10,"key":"Block Potion"}],"is_trial":false,"path_per_floor":["M","?","M","?","M","R","$","M","T","M","$","E","$","$","R","B"],"character_chosen":"DEFECT","items_purchased":["Reboot","Steam Power","Omamori","Streamline"],"campfire_rested":1,"item_purchase_floors":[7,7,13,13],"current_hp_per_floor":[68,68,68,68,68,68,68,53,53,52,52,19,19,19,41,0],"gold":21,"neow_bonus":"THREE_ENEMY_KILL","is_prod":false,"is_daily":false,"chose_seed":false,"campfire_upgraded":1,"win_rate":0,"timestamp":1547834207,"path_taken":["M","?","M","?","M","R","?","M","T","?","$","E","?","$","R","BOSS"],"build_version":"2019-01-17v2","purchased_purges":0,"victory":false,"max_hp_per_floor":[75,75,75,75,75,75,75,75,75,75,75,75,75,75,75,75],"card_choices":[{"not_picked":["Hologram","Stack"],"picked":"Gash","floor":1},{"not_picked":["BootSequence","Rip and Tear"],"picked":"Reprogram","floor":3},{"not_picked":["Sweeping Beam","Consume"],"picked":"Compile Driver","floor":5},{"not_picked":["Consume","Barrage"],"picked":"Conserve Battery","floor":8},{"not_picked":["Sweeping Beam","Steam"],"picked":"Beam Cell","floor":10},{"not_picked":["Coolheaded","Rip and Tear"],"picked":"Core Surge","floor":12}],"player_experience":638625,"relics_obtained":[{"floor":9,"key":"Gremlin Horn"},{"floor":12,"key":"Art of War"}],"event_choices":[{"damage_healed":0,"gold_gain":175,"player_choice":"AGREE","damage_taken":0,"max_hp_gain":0,"max_hp_loss":0,"event_name":"Liars Game","floor":2,"gold_loss":0,"cards_obtained":["Doubt"]},{"cards_removed":["Doubt"],"damage_healed":0,"gold_gain":0,"player_choice":"Card Removal","damage_taken":0,"max_hp_gain":0,"max_hp_loss":0,"event_name":"The Cleric","floor":4,"gold_loss":50}],"is_beta":false,"boss_relics":[],"items_purged_floors":[],"is_endless":false,"potions_floor_spawned":[3,5,10],"killed_by":"The Guardian","ascension_level":8}