{"gold_per_floor":[117,130,53,68,68,94,16,49,133,144,154,154,154,167,167,246,296,315,315,43,0,11,11,44,44,67,99,99,99,111,125,125,125],"floor_reached":33,"playtime":1255,"items_purged":["Decay"],"score":487,"play_id":"2d29226d-b024-4386-bdd4-93c8ede49a64","local_time":"20190412013154","is_ascension_mode":true,"campfire_choices":[{"floor":12,"key":"REST"},{"data":"Noxious Fumes","floor":15,"key":"SMITH"},{"data":"A Thousand Cuts","floor":23,"key":"SMITH"},{"data":"Footwork","floor":25,"key":"SMITH"},{"floor":28,"key":"REST"},{"floor":32,"key":"REST"}],"neow_cost":"NONE","seed_source_timestamp":41367170234596,"circlet_count":0,"master_deck":["AscendersBane","Defend_G","Defend_G+1","Defend_G","Defend_G","Defend_G","Strike_G","Strike_G","Strike_G","Strike_G","Survivor","Neutralize","Backflip","Backstab","Noxious Fumes+1","Masterful Stab","PiercingWail","Caltrops","Unload","Backstab","A Thousand Cuts+1","Footwork+1","Dagger Spray","Leg Sweep","PiercingWail","Footwork","Storm of Steel"],"relics":["Ring of the Snake","Oddly Smooth Stone","Mercury Hourglass","WingedGreaves","Strawberry","Tiny Chest","Tough Bandages","Tiny House","Happy Flower","Bottled Lightning","Blood Vial","Omamori"],"potions_floor_usage":[6,6,11,16,18,24,31],"damage_taken":[{"damage":5,"enemies":"Cultist","floor":1,"turns":5},{"damage":7,"enemies":"Jaw Worm","floor":2,"turns":7},{"damage":0,"enemies":"2 Louse","floor":4,"turns":3},{"damage":16,"enemies":"Gremlin Nob","floor":6,"turns":3},{"damage":28,"enemies":"Lagavulin","floor":8,"turns":8},{"damage":0,"enemies":"2 Fungi Beasts","floor":10,"turns":2},{"damage":0,"enemies":"Large Slime","floor":11,"turns":4},{"damage":0,"enemies":"Gremlin Gang","floor":14,"turns":3},{"damage":28,"enemies":"The Guardian","floor":16,"turns":11},{"damage":3,"enemies":"Shell Parasite","floor":18,"turns":7},{"damage":5,"enemies":"2 Thieves","floor":22,"turns":4},{"damage":18,"enemies":"Slavers","floor":24,"turns":8},{"damage":17,"enemies":"Book of Stabbing","floor":27,"turns":7},{"damage":18,"enemies":"Cultist and Chosen","floor":30,"turns":6},{"damage":30,"enemies":"Snake Plant","floor":31,"turns":5},{"damage":40,"enemies":"Collector","floor":33,"turns":6}],"seed_played":"-2989717364476033017","potions_obtained":[{"floor":1,"key":"Regen Potion"},{"floor":4,"key":"Fire Potion"},{"floor":6,"key":"Swift Potion"},{"floor":14,"key":"EntropicBrew"},{"floor":17,"key":"Block Potion"},{"floor":18,"key":"Dexterity Potion"}],"is_trial":false,"path_per_floor":["M","M","$","M","T","E","$","E","T","M","M","R","T","M","R","B",null,"M","?","$","?","M","R","E","R","T","E","R","?","M","M","R","B"],"character_chosen":"THE_SILENT","items_purchased":["Noxious Fumes","Caltrops","Happy Flower","Leg Sweep"],"campfire_rested":3,"item_purchase_floors":[3,7,20,20],"current_hp_per_floor":[58,51,51,51,51,47,47,26,26,26,26,49,49,49,49,21,68,65,65,65,65,60,60,42,42,42,27,51,51,35,7,31,0],"gold":125,"neow_bonus":"RANDOM_COMMON_RELIC","is_prod":false,"is_daily":false,"chose_seed":false,"campfire_upgraded":3,"win_rate":0,"timestamp":1555043514,"path_taken":["M","M","$","?","?","E","?","E","T","M","M","R","?","M","R","BOSS","M","?","$","?","M","R","E","R","T","E","R","?","?","M","R","BOSS"],"build_version":"2019-01-23","purchased_purges":1,"victory":false,"max_hp_per_floor":[70,70,70,70,70,70,70,77,77,77,77,77,77,77,77,77,82,82,82,82,82,82,82,82,82,82,82,82,82,82,82,82,82],"card_choices":[{"not_picked":["Tactician","Slice"],"picked":"Backflip","floor":1},{"not_picked":["Backflip","Dagger Throw"],"picked":"Backstab","floor":2},{"not_picked":["PiercingWail","Skewer"],"picked":"Masterful Stab","floor":4},{"not_picked":["Dodge and Roll","Outmaneuver"],"picked":"PiercingWail","floor":6},{"not_picked":["Dagger Throw","Blade Dance"],"picked":"Unload","floor":8},{"not_picked":["Prepared","Dagger Spray"],"picked":"Backstab","floor":10},{"not_picked":["Backflip","Underhanded Strike","Blade Dance"],"picked":"SKIP","floor":11},{"not_picked":["Flying Knee","Bane","Accuracy"],"picked":"SKIP","floor":14},{"not_picked":["Phantasmal Killer","Night Terror"],"picked":"A Thousand Cuts","floor":16},{"not_picked":["Cloak And Dagger","Prepared"],"picked":"Footwork","floor":17},{"not_picked":["Skewer","Deadly Poison"],"picked":"Dagger Spray","floor":18},{"not_picked":["Calculated Gamble","Poisoned Stab"],"picked":"PiercingWail","floor":22},{"not_picked":["Bane","Corpse Explosion","Quick Slash"],"picked":"SKIP","floor":24},{"not_picked":["Infinite Blades","Sucker Punch"],"picked":"Footwork","floor":27},{"not_picked":["Acrobatics","Eviscerate"],"picked":"Storm of Steel","floor":30},{"not_picked":["Leg Sweep","Slice","Dagger Spray"],"picked":"SKIP","floor":31}],"player_experience":1081809,"relics_obtained":[{"floor":5,"key":"Mercury Hourglass"},{"floor":6,"key":"WingedGreaves"},{"floor":8,"key":"Strawberry"},{"floor":9,"key":"Tiny Chest"},{"floor":13,"key":"Tough Bandages"},{"floor":24,"key":"Bottled Lightning"},{"floor":26,"key":"Blood Vial"},{"floor":27,"key":"Omamori"}],"event_choices":[{"damage_healed":0,"gold_gain":0,"player_choice":"Smashed Altar","damage_taken":0,"max_hp_gain":0,"max_hp_loss":0,"event_name":"Forgotten Altar","floor":19,"gold_loss":0,"cards_obtained":["Decay"]},{"damage_healed":0,"gold_gain":0,"player_choice":"Paid Fearfully","damage_taken":0,"max_hp_gain":0,"max_hp_loss":0,"event_name":"Masked Bandits","floor":21,"gold_loss":43},{"cards_removed":["Strike_G"],"damage_healed":0,"gold_gain":0,"player_choice":"Purged","damage_taken":0,"max_hp_gain":0,"max_hp_loss":0,"event_name":"Purifier","floor":29,"gold_loss":0}],"is_beta":false,"boss_relics":[{"not_picked":["Fusion Hammer","Runic Pyramid"],"picked":"Tiny House"}],"items_purged_floors":[20],"is_endless":false,"potions_floor_spawned":[1,4,6,14,16,18],"killed_by":"Collector","ascension_level":13}