{"gold_per_floor":[111,76,123,139,139,169,0,0,23,23,43,43,75,95,95,199,199,211,211,57,73,87,87,114,114,183,183,108,120,132,162,162,162],"floor_reached":33,"playtime":2916,"items_purged":[],"score":293,"play_id":"3266e04b-3504-44e1-8cb7-d591f9f83858","local_time":"20190418135910","is_ascension_mode":false,"campfire_choices":[{"data":"Zap","floor":8,"key":"SMITH"},{"floor":10,"key":"REST"},{"floor":15,"key":"REST"},{"data":"Defragment","floor":23,"key":"SMITH"},{"data":"Discovery","floor":25,"key":"SMITH"},{"floor":27,"key":"REST"},{"floor":32,"key":"REST"}],"neow_cost":"NONE","seed_source_timestamp":556238191131799,"circlet_count":0,"master_deck":["Strike_B","Strike_B","Strike_B","Defend_B+1","Defend_B","Defend_B","Zap+1","Dualcast","Defragment+1","FTL","Undo+1","Gash","Discovery+1","Seek","Coolheaded","Cold Snap","Machine Learning","Fusion","Gash","Streamline+1","Double Energy+1","Steam+1","Multi-Cast+1","All For One"],"relics":["Black Star","DataDisk","Anchor","Art of War","Shuriken","PreservedInsect","Lantern","Bottled Tornado","War Paint","Velvet Choker","Centennial Puzzle","Boot","Bird Faced Urn","Toxic Egg 2","Letter Opener","Pocketwatch"],"potions_floor_usage":[13,16,33,33,33,33,33,33],"damage_taken":[{"damage":5,"enemies":"Small Slimes","floor":1,"turns":4},{"damage":6,"enemies":"Jaw Worm","floor":4,"turns":3},{"damage":35,"enemies":"3 Sentries","floor":6,"turns":8},{"damage":1,"enemies":"Cultist","floor":11,"turns":3},{"damage":37,"enemies":"Gremlin Nob","floor":13,"turns":4},{"damage":4,"enemies":"Exordium Thugs","floor":14,"turns":5},{"damage":15,"enemies":"The Guardian","floor":16,"turns":14},{"damage":0,"enemies":"Shell Parasite","floor":18,"turns":5},{"damage":9,"enemies":"Spheric Guardian","floor":21,"turns":4},{"damage":11,"enemies":"Snecko","floor":22,"turns":6},{"damage":30,"enemies":"Book of Stabbing","floor":24,"turns":5},{"damage":2,"enemies":"Shelled Parasite and Fungi","floor":29,"turns":5},{"damage":0,"enemies":"Cultist and Chosen","floor":30,"turns":7},{"damage":42,"enemies":"Gremlin Leader","floor":31,"turns":7},{"damage":61,"enemies":"Automaton","floor":33,"turns":6}],"seed_played":"2714932543729245288","potions_obtained":[{"floor":1,"key":"SpeedPotion"},{"floor":4,"key":"Poison Potion"},{"floor":13,"key":"Strength Potion"},{"floor":18,"key":"EntropicBrew"},{"floor":30,"key":"Energy Potion"}],"is_trial":false,"path_per_floor":["M","?","T","M","T","E","$","R","T","R","M","?","E","M","R","B",null,"M","?","$","M","M","R","E","R","T","R","?","M","M","E","R","B"],"character_chosen":"DEFECT","items_purchased":["Gash","PreservedInsect","Centennial Puzzle"],"campfire_rested":4,"item_purchase_floors":[7,7,20],"current_hp_per_floor":[70,75,75,69,69,34,34,34,34,56,55,55,18,14,36,21,75,75,75,75,66,55,55,25,25,25,47,47,51,57,21,43,0],"gold":162,"neow_bonus":"BOSS_RELIC","is_prod":false,"is_daily":false,"chose_seed":false,"campfire_upgraded":3,"win_rate":0.0,"timestamp":1555610350,"path_taken":["M","?","?","?","?","E","$","R","T","R","M","?","E","?","R","BOSS","M","?","$","?","M","R","E","R","T","R","?","M","M","E","R","BOSS"],"build_version":"2019-01-23","purchased_purges":0,"victory":false,"max_hp_per_floor":[75,75,75,75,75,75,75,75,75,75,75,75,75,75,75,75,75,75,75,75,75,75,75,75,75,75,75,75,75,75,75,75,75],"card_choices":[{"not_picked":["Undo","Tempest"],"picked":"Defragment","floor":1},{"not_picked":["Barrage","Capacitor"],"picked":"FTL","floor":4},{"not_picked":["Barrage","Recycle"],"picked":"Undo","floor":6},{"not_picked":["Rebound","Scrape","Compile Driver"],"picked":"SKIP","floor":11},{"not_picked":["Multi-Cast","Rebound"],"picked":"Coolheaded","floor":13},{"not_picked":["Lockon","Auto Shields"],"picked":"Cold Snap","floor":14},{"not_picked":["Buffer","Reboot"],"picked":"Machine Learning","floor":16},{"not_picked":["Leap","Fusion","Rebound+1"],"picked":"SKIP","floor":18},{"not_picked":["Steam","Hologram+1"],"picked":"Gash","floor":21},{"not_picked":["Chill","Storm"],"picked":"Streamline+1","floor":22},{"not_picked":["Sweeping Beam","Heatsinks"],"picked":"Double Energy+1","floor":24},{"not_picked":["Static Discharge","Blizzard+1"],"picked":"Steam+1","floor":29},{"not_picked":["Stack+1","Storm+1"],"picked":"Multi-Cast+1","floor":30},{"not_picked":["Genetic Algorithm+1","Cold Snap"],"picked":"All For One","floor":31}],"player_experience":99234,"relics_obtained":[{"floor":3,"key":"DataDisk"},{"floor":5,"key":"Anchor"},{"floor":6,"key":"Art of War"},{"floor":6,"key":"Shuriken"},{"floor":9,"key":"Lantern"},{"floor":13,"key":"Bottled Tornado"},{"floor":13,"key":"War Paint"},{"floor":24,"key":"Boot"},{"floor":24,"key":"Bird Faced Urn"},{"floor":26,"key":"Toxic Egg 2"},{"floor":31,"key":"Letter Opener"},{"floor":31,"key":"Pocketwatch"}],"event_choices":[{"damage_healed":18,"gold_gain":0,"player_choice":"Healed","damage_taken":0,"max_hp_gain":0,"max_hp_loss":0,"event_name":"The Cleric","floor":2,"gold_loss":35},{"damage_healed":0,"gold_gain":0,"player_choice":"2 cards matched","damage_taken":0,"max_hp_gain":0,"max_hp_loss":0,"event_name":"Match and Keep!","floor":12,"gold_loss":0,"cards_obtained":["Discovery","Seek"]},{"damage_healed":0,"gold_gain":0,"cards_transformed":["Strike_B"],"player_choice":"Transformed","damage_taken":0,"max_hp_gain":0,"max_hp_loss":0,"event_name":"Transmorgrifier","floor":19,"gold_loss":0,"cards_obtained":["Fusion"]},{"cards_removed":["Defend_B"],"damage_healed":0,"gold_gain":0,"player_choice":"Gave Gold","damage_taken":0,"max_hp_gain":0,"max_hp_loss":0,"event_name":"Beggar","floor":28,"gold_loss":75}],"is_beta":false,"boss_relics":[{"not_picked":["Runic Pyramid","Empty Cage"],"picked":"Velvet Choker"}],"items_purged_floors":[],"is_endless":false,"potions_floor_spawned":[1,4,13,18,30],"killed_by":"Automaton","ascension_level":0}