{"gold_per_floor":[110,125,50,65,65,65,82,35,35,35,51,71,91,101,101,201,201,212,229,229,229],"floor_reached":21,"playtime":984,"items_purged":["Clumsy"],"score":296,"play_id":"fcc5071b-6b1a-467c-bd35-89ba7ae25238","local_time":"20190313163202","is_ascension_mode":true,"campfire_choices":[{"data":"White Noise","floor":6,"key":"SMITH"},{"floor":15,"key":"REST"}],"neow_cost":"CURSE","seed_source_timestamp":53697793740971,"circlet_count":0,"master_deck":["AscendersBane","Strike_B","Strike_B","Strike_B","Strike_B","Defend_B","Defend_B","Defend_B","Defend_B","Zap+1","Dualcast","All For One","Sweeping Beam","Gash","White Noise+1","Gash","Hologram","Scrape","Chill","Fission","Regret","Pain","Shame","White Noise+1"],"relics":["Cracked Core","Darkstone Periapt","Calling Bell","Bag of Marbles","Pantograph","Unceasing Top","MutagenicStrength"],"potions_floor_usage":[14,19,21],"damage_taken":[{"damage":1,"enemies":"Cultist","floor":1,"turns":3},{"damage":16,"enemies":"Small Slimes","floor":2,"turns":3},{"damage":2,"enemies":"2 Louse","floor":4,"turns":2},{"damage":12,"enemies":"Looter","floor":7,"turns":3},{"damage":1,"enemies":"2 Fungi Beasts","floor":11,"turns":2},{"damage":21,"enemies":"3 Louse","floor":12,"turns":2},{"damage":11,"enemies":"Red Slaver","floor":13,"turns":3},{"damage":0,"enemies":"Large Slime","floor":14,"turns":3},{"damage":33,"enemies":"The Guardian","floor":16,"turns":7},{"damage":25,"enemies":"2 Thieves","floor":18,"turns":3},{"damage":33,"enemies":"Spheric Guardian","floor":19,"turns":4},{"damage":18,"enemies":"Centurion and Healer","floor":21,"turns":2}],"seed_played":"-691167428078174238","potions_obtained":[{"floor":2,"key":"FairyPotion"},{"floor":7,"key":"SkillPotion"},{"floor":13,"key":"AttackPotion"},{"floor":16,"key":"Weak Potion"},{"floor":18,"key":"Explosive Potion"}],"is_trial":false,"path_per_floor":["M","M","$","M","$","R","M","$","T","?","M","M","M","M","R","B",null,"M","M","?","M"],"character_chosen":"DEFECT","items_purchased":["Gash"],"campfire_rested":1,"item_purchase_floors":[8],"current_hp_per_floor":[67,51,51,49,49,49,37,37,37,37,36,15,4,4,26,1,75,50,17,17,0],"gold":229,"neow_bonus":"THREE_RARE_CARDS","is_prod":false,"is_daily":false,"chose_seed":false,"campfire_upgraded":1,"win_rate":0,"timestamp":1552505522,"path_taken":["M","M","$","M","?","R","M","?","T","?","M","?","?","M","R","BOSS","M","M","?","M"],"build_version":"2019-01-23","purchased_purges":1,"victory":false,"max_hp_per_floor":[75,75,75,75,75,75,75,75,75,75,75,75,75,75,75,75,93,93,93,93,93],"card_choices":[{"not_picked":["Biased Cognition","Rainbow"],"picked":"All For One","floor":0},{"not_picked":["Tempest","Static Discharge"],"picked":"Sweeping Beam","floor":1},{"not_picked":["Steam","Chaos"],"picked":"Gash","floor":2},{"not_picked":["Self Repair","Recycle"],"picked":"White Noise","floor":4},{"not_picked":["Fusion","Heatsinks","Redo"],"picked":"SKIP","floor":7},{"not_picked":["Rainbow","Cold Snap"],"picked":"Hologram","floor":11},{"not_picked":["White Noise","Barrage","Leap"],"picked":"SKIP","floor":12},{"not_picked":["Chaos","Compile Driver"],"picked":"Scrape","floor":13},{"not_picked":["Recycle","Redo"],"picked":"Chill","floor":14},{"not_picked":["Multi-Cast","Rainbow"],"picked":"Fission","floor":16},{"not_picked":["Chill","Sweeping Beam"],"picked":"White Noise+1","floor":18},{"not_picked":["Ball Lightning","Hello World+1","Cold Snap"],"picked":"SKIP","floor":19}],"player_experience":915468,"relics_obtained":[{"floor":9,"key":"Darkstone Periapt"},{"floor":17,"key":"Bag of Marbles"},{"floor":17,"key":"Pantograph"},{"floor":17,"key":"Unceasing Top"}],"event_choices":[{"damage_healed":0,"gold_gain":0,"player_choice":"Forge","damage_taken":0,"max_hp_gain":0,"max_hp_loss":0,"event_name":"Accursed Blacksmith","floor":10,"gold_loss":0,"cards_upgraded":["Zap"]},{"damage_healed":0,"gold_gain":0,"player_choice":"Inject Mutagens","damage_taken":0,"relics_obtained":["MutagenicStrength"],"max_hp_gain":0,"max_hp_loss":0,"event_name":"Drug Dealer","floor":20,"gold_loss":0}],"is_beta":false,"boss_relics":[{"not_picked":["Runic Pyramid","Cursed Key"],"picked":"Calling Bell"}],"items_purged_floors":[3],"is_endless":false,"potions_floor_spawned":[2,7,13,16,18],"killed_by":"Centurion and Healer","ascension_level":11}