{"gold_per_floor":[113,128,142,142,142,172,172,202,254,254],"floor_reached":10,"playtime":292,"items_purged":[],"score":125,"play_id":"a1bc1747-0c16-4d46-9f8a-6bcec897ad09","local_time":"20190408221652","is_ascension_mode":true,"campfire_choices":[{"floor":7,"key":"REST"}],"neow_cost":"NONE","seed_source_timestamp":642421089341091,"circlet_count":0,"master_deck":["AscendersBane","Strike_B+1","Strike_B","Strike_B","Strike_B+1","Defend_B","Defend_B","Defend_B","Defend_B","Zap","Dualcast+1","Beam Cell","Doom and Gloom+1","Conserve Battery","Electrodynamics","Turbo"],"relics":["Cracked Core","Smiling Mask","Whetstone","Vajra","Dream Catcher"],"potions_floor_usage":[6,8,8],"damage_taken":[{"damage":1,"enemies":"Cultist","floor":1,"turns":3},{"damage":12,"enemies":"Small Slimes","floor":2,"turns":2},{"damage":14,"enemies":"Jaw Worm","floor":3,"turns":4},{"damage":19,"enemies":"Lagavulin","floor":6,"turns":5},{"damage":20,"enemies":"Gremlin Nob","floor":8,"turns":3},{"damage":15,"enemies":"3 Sentries","floor":10,"turns":2}],"seed_played":"5143336669114988369","potions_obtained":[{"floor":1,"key":"SkillPotion"},{"floor":2,"key":"SkillPotion"},{"floor":6,"key":"Poison Potion"}],"is_trial":false,"path_per_floor":["M","M","M","?","T","E","R","E","T","E"],"character_chosen":"DEFECT","items_purchased":[],"campfire_rested":1,"item_purchase_floors":[],"current_hp_per_floor":[67,55,41,26,26,7,29,9,9,0],"gold":254,"neow_bonus":"THREE_CARDS","is_prod":false,"is_daily":false,"chose_seed":false,"campfire_upgraded":0,"win_rate":0,"timestamp":1554772612,"path_taken":["M","M","?","?","?","E","R","E","T","E"],"build_version":"2019-01-23","purchased_purges":0,"victory":false,"max_hp_per_floor":[75,75,75,75,75,75,75,75,75,75],"card_choices":[{"not_picked":["Blizzard","Stack"],"picked":"Beam Cell","floor":0},{"not_picked":["FTL","Leap"],"picked":"Doom and Gloom","floor":1},{"not_picked":["White Noise","Double Energy"],"picked":"Conserve Battery","floor":2},{"not_picked":["White Noise","Steam","Turbo"],"picked":"SKIP","floor":3},{"not_picked":["Lockon","Go for the Eyes"],"picked":"Electrodynamics","floor":6},{"not_picked":["Redo","Steam"],"picked":"Turbo","floor":8}],"player_experience":1054142,"relics_obtained":[{"floor":5,"key":"Smiling Mask"},{"floor":6,"key":"Whetstone"},{"floor":8,"key":"Vajra"},{"floor":9,"key":"Dream Catcher"}],"event_choices":[{"damage_healed":0,"gold_gain":0,"player_choice":"Entered Light","damage_taken":15,"max_hp_gain":0,"max_hp_loss":0,"event_name":"Shining Light","floor":4,"gold_loss":0,"cards_upgraded":["Strike_B","Dualcast"]}],"is_beta":false,"boss_relics":[],"items_purged_floors":[],"is_endless":false,"potions_floor_spawned":[1,2,6],"killed_by":"3 Sentries","ascension_level":13}