{"gold_per_floor":[113,113,113,131,306,306,306,306,332,406,429,455,68,112,112,235,298,289,289,323,323,422,422,447,447,471,471,541,306,350,363,363,363],"floor_reached":33,"playtime":1592,"items_purged":["Strike_R","Strike_R+1"],"score":303,"play_id":"c70f368e-6936-4341-8d4d-cfa94b991dd8","local_time":"20190315072216","is_ascension_mode":true,"campfire_choices":[{"data":"True Grit","floor":6,"key":"SMITH"},{"data":"Bash","floor":8,"key":"SMITH"},{"data":"Metallicize","floor":15,"key":"SMITH"},{"floor":23,"key":"REST"},{"floor":25,"key":"REST"},{"data":"Juggernaut","floor":27,"key":"SMITH"},{"data":"True Grit","floor":32,"key":"SMITH"}],"neow_cost":"NONE","seed_source_timestamp":303527590156273,"circlet_count":0,"master_deck":["Strike_R+1","Defend_R+1","Defend_R","Defend_R+1","Bash+1","True Grit+1","Cleave","Metallicize+1","Rampage+1","Feed","Warcry","Juggernaut+1","Metallicize","Headbutt","Carnage","Seeing Red","Feel No Pain","Battle Trance","Warcry","True Grit+1","Havoc"],"relics":["Burning Blood","Golden Idol","War Paint","Tiny Chest","Whetstone","Blood Vial","Red Skull","Tiny House","Red Mask","Strawberry","Blue Candle","Regal Pillow"],"potions_floor_usage":[10,16,20,30,33],"damage_taken":[{"damage":3,"enemies":"2 Louse","floor":1,"turns":3},{"damage":2,"enemies":"Small Slimes","floor":4,"turns":4},{"damage":14,"enemies":"Gremlin Nob","floor":10,"turns":3},{"damage":0,"enemies":"Cultist","floor":11,"turns":3},{"damage":7,"enemies":"3 Sentries","floor":14,"turns":9},{"damage":22,"enemies":"The Guardian","floor":16,"turns":9},{"damage":24,"enemies":"2 Thieves","floor":18,"turns":4},{"damage":33,"enemies":"Masked Bandits","floor":20,"turns":6},{"damage":29,"enemies":"Colosseum Slavers","floor":21,"turns":5},{"damage":20,"enemies":"Gremlin Leader","floor":30,"turns":6},{"damage":0,"enemies":"Shell Parasite","floor":31,"turns":6},{"damage":96,"enemies":"Champ","floor":33,"turns":19}],"seed_played":"-7259885112673856076","potions_obtained":[{"floor":0,"key":"Dexterity Potion"},{"floor":0,"key":"LiquidBronze"},{"floor":0,"key":"SneckoOil"},{"floor":1,"key":"AttackPotion"},{"floor":10,"key":"Strength Potion"},{"floor":17,"key":"FearPotion"}],"is_trial":false,"path_per_floor":["M","?","?","M","?","R","?","R","T","E","M","T","$","E","R","B",null,"M","?","?","?","?","R","T","R","T","R","T","$","E","M","R","B"],"character_chosen":"IRONCLAD","items_purchased":["Feed","Blood Vial","Battle Trance","Warcry","Energy Potion"],"campfire_rested":2,"item_purchase_floors":[13,13,29,29,29],"current_hp_per_floor":[80,73,73,74,74,74,74,74,74,66,72,72,72,76,76,64,85,70,70,48,30,30,58,58,86,93,93,93,93,81,92,92,0],"gold":363,"neow_bonus":"THREE_SMALL_POTIONS","is_prod":false,"is_daily":false,"chose_seed":false,"campfire_upgraded":5,"win_rate":0,"timestamp":1552648936,"path_taken":["M","?","?","M","?","R","?","R","T","E","M","?","$","E","R","BOSS","M","?","?","?","?","R","?","R","T","R","?","?","E","M","R","BOSS"],"build_version":"2019-02-06","purchased_purges":2,"victory":false,"max_hp_per_floor":[80,80,74,74,74,74,74,74,74,74,74,74,74,77,77,80,85,88,88,91,94,94,94,94,94,101,101,101,101,101,104,104,104],"card_choices":[{"not_picked":["Havoc","Dual Wield"],"picked":"True Grit","floor":1},{"not_picked":["Havoc","Corruption"],"picked":"Cleave","floor":4},{"not_picked":["Clash","Fire Breathing"],"picked":"Metallicize","floor":10},{"not_picked":["Dropkick","Havoc"],"picked":"Rampage","floor":11},{"not_picked":["Pommel Strike","Power Through"],"picked":"Warcry","floor":14},{"not_picked":["Offering","Impervious"],"picked":"Juggernaut","floor":16},{"not_picked":["Havoc","Twin Strike"],"picked":"Metallicize","floor":17},{"not_picked":["Clothesline","Dual Wield"],"picked":"Headbutt","floor":18},{"not_picked":["Metallicize","Entrench+1"],"picked":"Feel No Pain","floor":20},{"not_picked":["Pommel Strike","Heavy Blade"],"picked":"True Grit","floor":30},{"not_picked":["Carnage","Pummel+1"],"picked":"Havoc","floor":31}],"player_experience":4893390,"relics_obtained":[{"floor":9,"key":"War Paint"},{"floor":10,"key":"Tiny Chest"},{"floor":12,"key":"Whetstone"},{"floor":14,"key":"Red Skull"},{"floor":20,"key":"Red Mask"},{"floor":26,"key":"Strawberry"},{"floor":28,"key":"Blue Candle"},{"floor":30,"key":"Regal Pillow"}],"event_choices":[{"cards_removed":["Defend_R"],"damage_healed":0,"gold_gain":0,"player_choice":"Card Removal","damage_taken":7,"max_hp_gain":0,"max_hp_loss":0,"event_name":"Golden Wing","floor":2,"gold_loss":0},{"damage_healed":0,"gold_gain":0,"player_choice":"Lose Max HP","damage_taken":0,"relics_obtained":["Golden Idol"],"max_hp_gain":0,"max_hp_loss":6,"event_name":"Golden Idol","floor":3,"gold_loss":0},{"damage_healed":0,"gold_gain":175,"player_choice":"AGREE","damage_taken":0,"max_hp_gain":0,"max_hp_loss":0,"event_name":"Liars Game","floor":5,"gold_loss":0,"cards_obtained":["Doubt"]},{"cards_removed":["Doubt"],"damage_healed":0,"gold_gain":0,"player_choice":"Forget","damage_taken":0,"max_hp_gain":0,"max_hp_loss":0,"event_name":"Living Wall","floor":7,"gold_loss":0},{"damage_healed":0,"gold_gain":0,"cards_transformed":["Strike_R","Strike_R"],"player_choice":"Became Test Subject","damage_taken":0,"max_hp_gain":0,"max_hp_loss":0,"event_name":"Drug Dealer","floor":19,"gold_loss":0,"cards_obtained":["Carnage","Seeing Red"]},{"damage_healed":0,"gold_gain":0,"player_choice":"Fought Bandits","damage_taken":0,"max_hp_gain":0,"max_hp_loss":0,"event_name":"Masked Bandits","floor":20,"gold_loss":0},{"damage_healed":0,"gold_gain":0,"player_choice":"Fight","damage_taken":0,"max_hp_gain":0,"max_hp_loss":0,"event_name":"Colosseum","floor":21,"gold_loss":0},{"damage_healed":0,"gold_gain":0,"player_choice":"Fled From Nobs","damage_taken":0,"max_hp_gain":0,"max_hp_loss":0,"event_name":"Colosseum","floor":21,"gold_loss":0},{"damage_healed":0,"gold_gain":99,"player_choice":"Stole From Cult","damage_taken":0,"max_hp_gain":0,"max_hp_loss":0,"event_name":"Nest","floor":22,"gold_loss":0}],"is_beta":true,"boss_relics":[{"not_picked":["Pandora\u0027s Box","Runic Cube"],"picked":"Tiny House"}],"items_purged_floors":[13,29],"is_endless":false,"potions_floor_spawned":[1,10,21],"killed_by":"Champ","ascension_level":1}