{"gold_per_floor":[114,114,132,57,71,102,119,119,142,142,155,155,182,194,194,271,271,283,11,25,25,43,77,77,77,131,143,143,156,186,202,202,202],"floor_reached":33,"playtime":1115,"items_purged":["Strike_R","Strike_R"],"score":616,"play_id":"bea3273f-ae61-4f08-9566-9be282da5f51","local_time":"20190508143610","is_ascension_mode":true,"campfire_choices":[{"data":"Heavy Blade","floor":8,"key":"SMITH"},{"floor":10,"key":"REST"},{"data":"Rage","floor":15,"key":"SMITH"},{"data":"1","floor":25,"key":"LIFT"},{"floor":28,"key":"REST"},{"floor":32,"key":"REST"}],"neow_cost":"NONE","seed_source_timestamp":57810530175200,"circlet_count":0,"master_deck":["AscendersBane","Strike_R","Strike_R","Strike_R","Defend_R","Defend_R","Defend_R","Defend_R","Bash+1","Spot Weakness+1","Thunderclap","Heavy Blade+1","Headbutt","Cleave+1","Rage+1","Impervious","Body Slam","Disarm","Pommel Strike","Dropkick","Shrug It Off"],"relics":["Burning Blood","Juzu Bracelet","Bag of Preparation","Vajra","Velvet Choker","Bag of Marbles","Girya","Smiling Mask","Paper Frog"],"potions_floor_usage":[13,16,22,33],"damage_taken":[{"damage":7,"enemies":"Small Slimes","floor":1,"turns":4},{"damage":1,"enemies":"Cultist","floor":3,"turns":3},{"damage":7,"enemies":"Jaw Worm","floor":5,"turns":4},{"damage":45,"enemies":"Lagavulin","floor":6,"turns":6},{"damage":18,"enemies":"2 Fungi Beasts","floor":7,"turns":4},{"damage":8,"enemies":"Exordium Thugs","floor":11,"turns":3},{"damage":11,"enemies":"Gremlin Nob","floor":13,"turns":3},{"damage":7,"enemies":"Looter","floor":14,"turns":3},{"damage":12,"enemies":"Hexaghost","floor":16,"turns":6},{"damage":0,"enemies":"Chosen","floor":18,"turns":4},{"damage":1,"enemies":"3 Byrds","floor":20,"turns":4},{"damage":0,"enemies":"3 Cultists","floor":22,"turns":3},{"damage":52,"enemies":"Slavers","floor":23,"turns":6},{"damage":24,"enemies":"Cultist and Chosen","floor":27,"turns":4},{"damage":12,"enemies":"Chosen and Byrds","floor":29,"turns":3},{"damage":0,"enemies":"Gremlin Leader","floor":30,"turns":3},{"damage":11,"enemies":"Snecko","floor":31,"turns":4},{"damage":68,"enemies":"Automaton","floor":33,"turns":6}],"seed_played":"3376215591274287122","potions_obtained":[{"floor":1,"key":"Explosive Potion"},{"floor":3,"key":"BloodPotion"},{"floor":7,"key":"Ancient Potion"},{"floor":13,"key":"LiquidBronze"},{"floor":14,"key":"FearPotion"},{"floor":18,"key":"GamblersBrew"},{"floor":22,"key":"SpeedPotion"},{"floor":23,"key":"LiquidBronze"}],"is_trial":false,"path_per_floor":["M","?","M","$","M","E","M","R","T","R","M","?","E","M","R","B",null,"M","$","M","?","M","E","$","R","T","M","R","M","E","M","R","B"],"character_chosen":"IRONCLAD","items_purchased":["Bag of Marbles"],"campfire_rested":3,"item_purchase_floors":[19],"current_hp_per_floor":[67,67,72,72,71,32,20,20,20,42,40,40,35,34,34,28,63,69,69,74,74,75,29,29,29,29,11,33,27,33,28,50,0],"gold":202,"neow_bonus":"UPGRADE_CARD","is_prod":false,"is_daily":false,"chose_seed":false,"campfire_upgraded":2,"win_rate":0,"timestamp":1557318970,"path_taken":["M","?","M","?","M","E","M","R","T","R","M","?","E","M","R","BOSS","M","$","M","?","M","E","$","R","T","M","R","M","E","M","R","BOSS"],"build_version":"2019-01-23","purchased_purges":2,"victory":false,"max_hp_per_floor":[75,75,75,75,75,75,75,75,75,75,75,75,75,75,75,75,75,75,75,75,75,75,75,75,75,75,75,75,75,75,75,75,75],"card_choices":[{"not_picked":["Shrug It Off","Warcry"],"picked":"Spot Weakness","floor":1},{"not_picked":["Clothesline","Pommel Strike"],"picked":"Thunderclap","floor":3},{"not_picked":["Ghostly Armor","True Grit"],"picked":"Heavy Blade","floor":5},{"not_picked":["Exhume","Pommel Strike"],"picked":"Headbutt","floor":6},{"not_picked":["Corruption","Headbutt","Combust"],"picked":"SKIP","floor":7},{"not_picked":["Armaments","Anger"],"picked":"Cleave","floor":11},{"not_picked":["Warcry","Evolve"],"picked":"Rage","floor":13},{"not_picked":["Clash","Warcry","Headbutt"],"picked":"SKIP","floor":14},{"not_picked":["Berserk","Brutality"],"picked":"Impervious","floor":16},{"not_picked":["Second Wind","Blood for Blood"],"picked":"Body Slam","floor":18},{"not_picked":["Rampage","Twin Strike"],"picked":"Disarm","floor":20},{"not_picked":["Clash","Warcry+1"],"picked":"Pommel Strike","floor":22},{"not_picked":["Searing Blow+1","Wild Strike","Feel No Pain"],"picked":"SKIP","floor":23},{"not_picked":["Inflame","Armaments","Blood for Blood"],"picked":"SKIP","floor":27},{"not_picked":["Pommel Strike+1","Perfected Strike"],"picked":"Dropkick","floor":29},{"not_picked":["Flex+1","Havoc"],"picked":"Shrug It Off","floor":30},{"not_picked":["Corruption","Reckless Charge","Intimidate"],"picked":"SKIP","floor":31}],"player_experience":668318,"relics_obtained":[{"floor":6,"key":"Juzu Bracelet"},{"floor":9,"key":"Bag of Preparation"},{"floor":13,"key":"Vajra"},{"floor":23,"key":"Girya"},{"floor":26,"key":"Smiling Mask"},{"floor":30,"key":"Paper Frog"}],"event_choices":[{"damage_healed":0,"gold_gain":0,"player_choice":"Upgraded","damage_taken":0,"max_hp_gain":0,"max_hp_loss":0,"event_name":"Upgrade Shrine","floor":2,"gold_loss":0,"cards_upgraded":["Spot Weakness"]},{"damage_healed":0,"gold_gain":0,"player_choice":"Grow","damage_taken":0,"max_hp_gain":0,"max_hp_loss":0,"event_name":"Living Wall","floor":12,"gold_loss":0,"cards_upgraded":["Cleave"]}],"is_beta":false,"boss_relics":[{"not_picked":["Calling Bell","Busted Crown"],"picked":"Velvet Choker"}],"items_purged_floors":[4,19],"is_endless":false,"potions_floor_spawned":[1,3,7,13,14,18,22,23,31],"killed_by":"Automaton","ascension_level":18}