{"gold_per_floor":[119,139,156,156,136,136,161,161,161,192,209,209,223,254,254,354,354,368,368,99,99],"floor_reached":21,"playtime":976,"items_purged":[],"score":311,"play_id":"1e9bc4e0-6775-4c5b-99a8-a4d922e6bc6d","local_time":"20190208172324","is_ascension_mode":true,"campfire_choices":[{"floor":6,"key":"REST"},{"floor":8,"key":"REST"},{"data":"Footwork","floor":15,"key":"SMITH"}],"neow_cost":"PERCENT_DAMAGE","seed_source_timestamp":256002467380102,"circlet_count":0,"master_deck":["Defend_G","Defend_G","Defend_G","Defend_G","Defend_G","Strike_G","Strike_G","Strike_G","Survivor","Neutralize","Adrenaline","Footwork+1","Escape Plan","Infinite Blades","Masterful Stab","Crippling Poison","Grand Finale","Endless Agony","Leg Sweep"],"relics":["Ring of the Serpent","Bottled Lightning","Ancient Tea Set","Art of War","Ginger","Strange Spoon"],"potions_floor_usage":[7,7,7,14,21],"damage_taken":[{"damage":1,"enemies":"2 Louse","floor":1,"turns":3},{"damage":6,"enemies":"Cultist","floor":2,"turns":4},{"damage":11,"enemies":"Jaw Worm","floor":3,"turns":5},{"damage":14,"enemies":"Gremlin Nob","floor":7,"turns":4},{"damage":32,"enemies":"3 Sentries","floor":10,"turns":12},{"damage":15,"enemies":"Exordium Thugs","floor":11,"turns":5},{"damage":0,"enemies":"Large Slime","floor":13,"turns":5},{"damage":0,"enemies":"Lagavulin","floor":14,"turns":9},{"damage":75,"enemies":"Slime Boss","floor":16,"turns":20},{"damage":23,"enemies":"Chosen","floor":18,"turns":7},{"damage":15,"enemies":"Colosseum Slavers","floor":21,"turns":7},{"damage":26,"enemies":"Colosseum Nobs","floor":21,"turns":3}],"seed_played":"-2776248218059299669","potions_obtained":[{"floor":2,"key":"SkillPotion"},{"floor":3,"key":"Energy Potion"},{"floor":5,"key":"AttackPotion"},{"floor":7,"key":"EssenceOfSteel"},{"floor":16,"key":"Poison Potion"}],"is_trial":false,"path_per_floor":["M","M","M","?","?","R","E","R","T","E","M","?","M","E","R","B",null,"M","?","$","?"],"character_chosen":"THE_SILENT","items_purchased":["Leg Sweep","Strange Spoon"],"campfire_rested":2,"item_purchase_floors":[20,20],"current_hp_per_floor":[44,38,27,20,20,41,27,48,48,16,1,80,80,80,80,5,61,38,38,38,0],"gold":99,"neow_bonus":"THREE_RARE_CARDS","is_prod":false,"is_daily":false,"chose_seed":false,"campfire_upgraded":1,"win_rate":0,"timestamp":1549657404,"path_taken":["M","M","M","?","?","R","E","R","T","E","?","?","?","E","R","BOSS","M","?","?","?"],"build_version":"2019-01-23","purchased_purges":0,"victory":false,"max_hp_per_floor":[70,70,70,70,70,70,70,70,70,70,70,80,80,80,80,80,80,80,80,80,80],"card_choices":[{"not_picked":["Envenom","Grand Finale"],"picked":"Adrenaline","floor":0},{"not_picked":["Cloak And Dagger","Dodge and Roll"],"picked":"Footwork","floor":1},{"not_picked":["Flechettes","Bane"],"picked":"Escape Plan","floor":2},{"not_picked":["Poisoned Stab","Dodge and Roll"],"picked":"Infinite Blades","floor":3},{"not_picked":["Deadly Poison","Eviscerate"],"picked":"Die Die Die","floor":7},{"not_picked":["Deflect","Blade Dance","Expertise"],"picked":"SKIP","floor":10},{"not_picked":["Prepared","Outmaneuver"],"picked":"Masterful Stab","floor":11},{"not_picked":["Distraction","Blade Dance"],"picked":"Crippling Poison","floor":13},{"not_picked":["Poisoned Stab","Dagger Throw","Predator"],"picked":"SKIP","floor":14},{"not_picked":["Envenom","A Thousand Cuts"],"picked":"Grand Finale","floor":16},{"not_picked":["Slice","Bane"],"picked":"Endless Agony","floor":18}],"player_experience":740509,"relics_obtained":[{"floor":7,"key":"Bottled Lightning"},{"floor":9,"key":"Ancient Tea Set"},{"floor":10,"key":"Art of War"},{"floor":14,"key":"Ginger"}],"event_choices":[{"cards_removed":["Strike_G"],"damage_healed":0,"gold_gain":0,"player_choice":"Card Removal","damage_taken":7,"max_hp_gain":0,"max_hp_loss":0,"event_name":"Golden Wing","floor":4,"gold_loss":0},{"damage_healed":0,"gold_gain":0,"player_choice":"Bought 1 Potion","damage_taken":0,"max_hp_gain":0,"max_hp_loss":0,"event_name":"The Woman in Blue","floor":5,"gold_loss":0},{"cards_removed":["Die Die Die"],"damage_healed":69,"gold_gain":0,"player_choice":"Offered Rare","damage_taken":0,"max_hp_gain":10,"max_hp_loss":0,"event_name":"Bonfire Elementals","floor":12,"gold_loss":0},{"cards_removed":["Strike_G"],"damage_healed":0,"gold_gain":0,"player_choice":"Purged","damage_taken":0,"max_hp_gain":0,"max_hp_loss":0,"event_name":"Purifier","floor":19,"gold_loss":0},{"damage_healed":0,"gold_gain":0,"player_choice":"Fight","damage_taken":0,"max_hp_gain":0,"max_hp_loss":0,"event_name":"Colosseum","floor":21,"gold_loss":0},{"damage_healed":0,"gold_gain":0,"player_choice":"Fought Nobs","damage_taken":0,"max_hp_gain":0,"max_hp_loss":0,"event_name":"Colosseum","floor":21,"gold_loss":0}],"is_beta":false,"boss_relics":[{"not_picked":["Sozu","White Beast Statue"],"picked":"Ring of the Serpent"}],"items_purged_floors":[],"is_endless":false,"potions_floor_spawned":[2,3,7,16],"killed_by":"Colosseum Nobs","ascension_level":8}