{"gold_per_floor":[114,129,142,142,217,217,246,266,313,313,340,340,352,352,352,451,451,467,567,125,25,124,124,156,156,156,189,217,246,258,270,282,397,409,432,544,602,633,664,710,722,747,835,847,487,487,108,68,68,68,68,68,1,29,29],"floor_reached":56,"playtime":3696,"items_purged":["Defend_B","Strike_B","Strike_B"],"score":1419,"play_id":"9aaab3f8-cfb6-4db2-bfe7-656c68e2e0aa","local_time":"20190321164442","is_ascension_mode":false,"campfire_choices":[{"data":"Zap","floor":6,"key":"SMITH"},{"data":"Coolheaded","floor":10,"key":"SMITH"},{"floor":15,"key":"REST"},{"floor":25,"key":"REST"},{"data":"Consume","floor":30,"key":"SMITH"},{"data":"Coolheaded","floor":32,"key":"SMITH"},{"data":"Fission","floor":41,"key":"SMITH"},{"data":"Deep Breath","floor":46,"key":"SMITH"},{"floor":49,"key":"RECALL"},{"data":"Purity","floor":52,"key":"SMITH"}],"neow_cost":"NONE","seed_source_timestamp":21089906141543,"circlet_count":0,"master_deck":["Strike_B+1","Defend_B","Defend_B","Zap+1","Dualcast","Chill+1","Genetic Algorithm","Compile Driver","Gash","Coolheaded+1","Echo Form","Capacitor+1","Fission+1","Consume+1","Purity+1","Recycle+1","Coolheaded+1","Biased Cognition+1","Buffer+1","Hologram+1","Blizzard+1","Fission","Deep Breath+1","Loop+1","Double Energy","Static Discharge+1"],"relics":["Cracked Core","Lantern","Sundial","Boot","Ancient Tea Set","Question Card","Sozu","ClockworkSouvenir","Singing Bowl","Frozen Egg 2","MawBank","Nuclear Battery","Unceasing Top","Ice Cream","Dream Catcher","Orichalcum","Bird Faced Urn","Emotion Chip"],"potions_floor_usage":[2,16,18,24],"damage_taken":[{"damage":1,"enemies":"Cultist","floor":1,"turns":3},{"damage":0,"enemies":"Small Slimes","floor":2,"turns":3},{"damage":1,"enemies":"Jaw Worm","floor":3,"turns":4},{"damage":18,"enemies":"Lagavulin","floor":7,"turns":6},{"damage":0,"enemies":"Exordium Thugs","floor":8,"turns":5},{"damage":6,"enemies":"3 Sentries","floor":11,"turns":7},{"damage":0,"enemies":"Large Slime","floor":13,"turns":4},{"damage":0,"enemies":"Slime Boss","floor":16,"turns":7},{"damage":15,"enemies":"Chosen","floor":18,"turns":6},{"damage":26,"enemies":"Slavers","floor":24,"turns":8},{"damage":11,"enemies":"Book of Stabbing","floor":27,"turns":4},{"damage":6,"enemies":"3 Byrds","floor":28,"turns":5},{"damage":0,"enemies":"Snecko","floor":29,"turns":4},{"damage":0,"enemies":"Champ","floor":33,"turns":6},{"damage":0,"enemies":"3 Darklings","floor":35,"turns":5},{"damage":0,"enemies":"Mind Bloom Boss Battle","floor":36,"turns":3},{"damage":35,"enemies":"2 Orb Walkers","floor":37,"turns":8},{"damage":0,"enemies":"Orb Walker","floor":38,"turns":3},{"damage":0,"enemies":"Maw","floor":39,"turns":5},{"damage":0,"enemies":"Reptomancer","floor":40,"turns":5},{"damage":0,"enemies":"Jaw Worm Horde","floor":42,"turns":3},{"damage":7,"enemies":"Time Eater","floor":50,"turns":8},{"damage":0,"enemies":"Shield and Spear","floor":54,"turns":3},{"damage":39,"enemies":"The Heart","floor":55,"turns":6}],"seed_played":"-716511357253255340","potions_obtained":[{"floor":1,"key":"SneckoOil"},{"floor":2,"key":"Fruit Juice"},{"floor":7,"key":"Strength Potion"},{"floor":11,"key":"EssenceOfSteel"}],"is_trial":false,"path_per_floor":["M","M","M","T","?","R","E","M","T","R","E","?","M","?","R","B",null,"M","?","$","$","?","?","E","R","T","E","M","M","R","?","R","B",null,"M","?","?","M","M","E","R","M","T","?","$","R","$","$","R","B",null,"R","$","E","B",null],"character_chosen":"DEFECT","items_purchased":["Consume","ClockworkSouvenir","Purity","Deep Breath","Orichalcum","Bird Faced Urn","Loop+1","Double Energy","Static Discharge+1"],"campfire_rested":2,"item_purchase_floors":[20,20,20,45,45,47,47,48,53],"current_hp_per_floor":[74,79,78,78,67,67,49,49,49,49,43,36,36,20,44,44,80,65,65,65,65,65,65,39,63,63,54,48,48,48,48,48,48,82,84,84,49,51,51,53,53,55,55,55,55,55,55,55,55,58,90,90,90,92,64],"gold":29,"neow_bonus":"RANDOM_COMMON_RELIC","is_prod":false,"is_daily":false,"chose_seed":false,"campfire_upgraded":7,"win_rate":0,"timestamp":1553186682,"path_taken":["M","?","M","?","?","R","E","M","T","R","E","?","M","?","R","BOSS","M","?","?","$","?","?","E","R","T","E","M","?","R","?","R","BOSS","M","?","?","M","M","E","R","M","T","?","$","R","?","$","R","BOSS","R","$","E","BOSS"],"build_version":"2019-03-15","purchased_purges":3,"victory":true,"max_hp_per_floor":[75,80,80,80,80,80,80,80,80,80,80,80,80,80,80,80,80,80,80,80,80,80,80,80,80,80,82,82,82,82,82,82,82,82,84,84,84,86,86,88,88,90,90,90,90,90,90,90,90,90,90,90,90,92,92],"card_choices":[{"not_picked":["Self Repair","Turbo"],"picked":"Chill","floor":1},{"not_picked":["Sunder","Cold Snap"],"picked":"Genetic Algorithm","floor":2},{"not_picked":["Chaos","Beam Cell"],"picked":"Compile Driver","floor":3},{"not_picked":["Streamline","Go for the Eyes"],"picked":"Gash","floor":7},{"not_picked":["Go for the Eyes","Hologram"],"picked":"Coolheaded","floor":8},{"not_picked":["Ball Lightning","Sweeping Beam"],"picked":"Echo Form","floor":11},{"not_picked":["Redo","Leap","Beam Cell"],"picked":"Capacitor","floor":13},{"not_picked":["Seek","Machine Learning","Rainbow"],"picked":"Fission","floor":16},{"not_picked":["Beam Cell+1","Barrage","Redo","Stack"],"picked":"SKIP","floor":18},{"not_picked":["Hologram","Steam","Rip and Tear"],"picked":"Recycle+1","floor":24},{"not_picked":["Tempest","BootSequence","FTL+1","Leap"],"picked":"Singing Bowl","floor":27},{"not_picked":["Turbo+1","Streamline+1","Hologram"],"picked":"Coolheaded","floor":28},{"not_picked":["Rebound+1","Stack+1","Fusion"],"picked":"Biased Cognition+1","floor":29},{"not_picked":["Machine Learning+1","Meteor Strike","Multi-Cast"],"picked":"Buffer+1","floor":33},{"not_picked":["Reprogram","Coolheaded","Leap+1","Chaos"],"picked":"Singing Bowl","floor":35},{"not_picked":["FTL+1","Redo+1","Stack+1"],"picked":"Hologram+1","floor":36},{"not_picked":["Cold Snap+1","Scrape","Barrage+1"],"picked":"Blizzard+1","floor":37},{"not_picked":["Gash+1","Auto Shields+1","Undo+1","Stack+1"],"picked":"Singing Bowl","floor":38},{"not_picked":["Conserve Battery+1","Hologram","Steam+1"],"picked":"Fission","floor":39},{"not_picked":["Cold Snap+1","Streamline+1","Leap","Sunder"],"picked":"Singing Bowl","floor":40},{"not_picked":["Beam Cell","Steam+1","Barrage+1","BootSequence+1"],"picked":"Singing Bowl","floor":42},{"not_picked":["Coolheaded","Beam Cell+1","Chaos+1","Stack"],"picked":"Singing Bowl","floor":54}],"player_experience":1128424,"relics_obtained":[{"floor":4,"key":"Sundial"},{"floor":7,"key":"Boot"},{"floor":9,"key":"Ancient Tea Set"},{"floor":11,"key":"Question Card"},{"floor":24,"key":"Singing Bowl"},{"floor":26,"key":"Frozen Egg 2"},{"floor":27,"key":"MawBank"},{"floor":36,"key":"Unceasing Top"},{"floor":37,"key":"Ice Cream"},{"floor":40,"key":"Dream Catcher"},{"floor":54,"key":"Emotion Chip"}],"event_choices":[{"damage_healed":0,"gold_gain":75,"player_choice":"Gather Gold","damage_taken":11,"max_hp_gain":0,"max_hp_loss":0,"event_name":"World of Goop","floor":5,"gold_loss":0},{"cards_removed":["Strike_B"],"damage_healed":0,"gold_gain":0,"player_choice":"Card Removal","damage_taken":7,"max_hp_gain":0,"max_hp_loss":0,"event_name":"Golden Wing","floor":12,"gold_loss":0},{"damage_healed":0,"gold_gain":0,"player_choice":"Entered Light","damage_taken":16,"max_hp_gain":0,"max_hp_loss":0,"event_name":"Shining Light","floor":14,"gold_loss":0,"cards_upgraded":["Chill","Strike_B"]},{"damage_healed":0,"gold_gain":100,"player_choice":"Pray","damage_taken":0,"max_hp_gain":0,"max_hp_loss":0,"event_name":"Golden Shrine","floor":19,"gold_loss":0},{"damage_healed":0,"gold_gain":99,"player_choice":"Stole From Cult","damage_taken":0,"max_hp_gain":0,"max_hp_loss":0,"event_name":"Nest","floor":22,"gold_loss":0},{"damage_healed":0,"gold_gain":0,"player_choice":"Upgraded","damage_taken":0,"max_hp_gain":0,"max_hp_loss":0,"event_name":"Upgrade Shrine","floor":23,"gold_loss":0,"cards_upgraded":["Capacitor"]},{"damage_healed":0,"gold_gain":0,"player_choice":"Ignored","damage_taken":0,"max_hp_gain":0,"max_hp_loss":0,"event_name":"Cursed Tome","floor":31,"gold_loss":0},{"damage_healed":0,"gold_gain":0,"player_choice":"Fight","damage_taken":0,"max_hp_gain":0,"max_hp_loss":0,"event_name":"MindBloom","floor":36,"gold_loss":0},{"damage_healed":0,"gold_gain":0,"player_choice":"Fight","damage_taken":0,"max_hp_gain":0,"max_hp_loss":0,"event_name":"Mysterious Sphere","floor":37,"gold_loss":0},{"cards_removed":["Defend_B"],"damage_healed":0,"gold_gain":0,"player_choice":"Removed Skill","damage_taken":0,"max_hp_gain":0,"max_hp_loss":0,"event_name":"Falling","floor":44,"gold_loss":0}],"is_beta":true,"boss_relics":[{"not_picked":["Orrery","Velvet Choker"],"picked":"Sozu"},{"not_picked":["Coffee Dripper","Busted Crown"],"picked":"Nuclear Battery"}],"items_purged_floors":[20,21,45],"is_endless":false,"potions_floor_spawned":[1,2,7,11,27,33,35,38,42],"ascension_level":0}