{"gold_per_floor":[214,214,214,227,238,238,252,283,309,309,274,66,66,93,93,170,170,190,190,207,26,38,38,73,73,73,84,84,34,49,83,83,83],"floor_reached":33,"playtime":2365,"items_purged":["Strike_B","Decay"],"score":611,"play_id":"b348fb06-2aec-4cba-ba4b-3b10478bfe50","local_time":"20190301134242","is_ascension_mode":true,"campfire_choices":[{"data":"Sunder","floor":6,"key":"SMITH"},{"data":"Sweeping Beam","floor":10,"key":"SMITH"},{"data":"Defragment","floor":13,"key":"SMITH"},{"data":"Capacitor","floor":15,"key":"SMITH"},{"floor":23,"key":"REST"},{"floor":25,"key":"RECALL"},{"floor":32,"key":"REST"}],"neow_cost":"NONE","seed_source_timestamp":124131951201414,"circlet_count":0,"master_deck":["AscendersBane","Strike_B","Strike_B+1","Strike_B+1","Defend_B","Defend_B","Defend_B","Defend_B","Zap+1","Dualcast","Steam","Sunder+1","Cold Snap","Sweeping Beam+1","Defragment+1","Capacitor+1","Ball Lightning","Undo","Rainbow","Coolheaded","Glacier","Hologram","Compile Driver","Coolheaded","Coolheaded"],"relics":["Cracked Core","Blood Vial","Strawberry","Bag of Preparation","Fusion Hammer","Anchor","Mango","Blue Candle"],"potions_floor_usage":[8,24,31],"damage_taken":[{"damage":15,"enemies":"Small Slimes","floor":1,"turns":4},{"damage":0,"enemies":"2 Louse","floor":4,"turns":3},{"damage":0,"enemies":"Cultist","floor":5,"turns":3},{"damage":3,"enemies":"Red Slaver","floor":7,"turns":3},{"damage":1,"enemies":"Gremlin Nob","floor":8,"turns":3},{"damage":9,"enemies":"Lagavulin","floor":14,"turns":6},{"damage":33,"enemies":"Slime Boss","floor":16,"turns":8},{"damage":2,"enemies":"Chosen","floor":18,"turns":4},{"damage":0,"enemies":"Spheric Guardian","floor":20,"turns":3},{"damage":12,"enemies":"Snake Plant","floor":22,"turns":4},{"damage":9,"enemies":"Book of Stabbing","floor":24,"turns":5},{"damage":0,"enemies":"3 Cultists","floor":27,"turns":4},{"damage":0,"enemies":"Snecko","floor":30,"turns":4},{"damage":1,"enemies":"Gremlin Leader","floor":31,"turns":8},{"damage":96,"enemies":"Automaton","floor":33,"turns":14}],"seed_played":"-5518209083036840723","potions_obtained":[{"floor":1,"key":"Strength Potion"},{"floor":7,"key":"Explosive Potion"},{"floor":16,"key":"PowerPotion"},{"floor":20,"key":"FocusPotion"},{"floor":24,"key":"Fire Potion"}],"is_trial":false,"path_per_floor":["M","?","?","M","M","R","M","E","T","R","?","$","R","E","R","B",null,"M","?","M","$","M","R","E","R","T","M","$","$","M","E","R","B"],"character_chosen":"DEFECT","items_purchased":["Capacitor","Ball Lightning","Glacier","Coolheaded"],"campfire_rested":2,"item_purchase_floors":[12,12,21,29],"current_hp_per_floor":[49,49,28,28,28,28,25,24,31,31,50,50,50,43,43,12,62,62,62,64,64,54,77,69,69,83,85,85,85,87,88,92,0],"gold":83,"neow_bonus":"HUNDRED_GOLD","is_prod":false,"is_daily":false,"chose_seed":false,"campfire_upgraded":4,"win_rate":0,"timestamp":1551465762,"path_taken":["M","?","?","M","M","R","M","E","T","R","?","$","R","E","R","BOSS","M","?","M","$","M","R","E","R","T","M","?","$","?","E","R","BOSS"],"build_version":"2019-01-23","purchased_purges":2,"victory":false,"max_hp_per_floor":[71,71,71,71,71,71,71,71,78,78,78,78,78,78,78,78,78,78,78,78,78,78,78,78,78,92,92,92,92,92,92,92,92],"card_choices":[{"not_picked":["Scrape","Hologram"],"picked":"Steam","floor":1},{"not_picked":["Heatsinks","Streamline"],"picked":"Sunder","floor":4},{"not_picked":["BootSequence","Compile Driver"],"picked":"Cold Snap","floor":5},{"not_picked":["BootSequence","Conserve Battery"],"picked":"Sweeping Beam","floor":7},{"not_picked":["Beam Cell","Steam"],"picked":"Defragment","floor":8},{"not_picked":["Auto Shields","Rebound"],"picked":"Undo","floor":14},{"not_picked":["Multi-Cast","Reboot"],"picked":"Rainbow","floor":16},{"not_picked":["Streamline","Redo"],"picked":"Coolheaded","floor":18},{"not_picked":["Sweeping Beam","Go for the Eyes","Doom and Gloom"],"picked":"SKIP","floor":20},{"not_picked":["Leap","Hello World+1"],"picked":"Hologram","floor":22},{"not_picked":["All For One","Stack","Multi-Cast"],"picked":"SKIP","floor":24},{"not_picked":["Rebound","Steam+1"],"picked":"Compile Driver","floor":27},{"not_picked":["Stack","Barrage","Meteor Strike"],"picked":"SKIP","floor":30},{"not_picked":["Gash","Conserve Battery"],"picked":"Coolheaded","floor":31}],"player_experience":1177107,"relics_obtained":[{"floor":8,"key":"Blood Vial"},{"floor":9,"key":"Strawberry"},{"floor":14,"key":"Bag of Preparation"},{"floor":24,"key":"Anchor"},{"floor":26,"key":"Mango"},{"floor":31,"key":"Blue Candle"}],"event_choices":[{"damage_healed":0,"gold_gain":0,"player_choice":"Grow","damage_taken":0,"max_hp_gain":0,"max_hp_loss":0,"event_name":"Living Wall","floor":2,"gold_loss":0,"cards_upgraded":["Zap"]},{"damage_healed":0,"gold_gain":0,"player_choice":"Entered Light","damage_taken":21,"max_hp_gain":0,"max_hp_loss":0,"event_name":"Shining Light","floor":3,"gold_loss":0,"cards_upgraded":["Strike_B","Strike_B"]},{"damage_healed":19,"gold_gain":0,"player_choice":"Healed","damage_taken":0,"max_hp_gain":0,"max_hp_loss":0,"event_name":"The Cleric","floor":11,"gold_loss":35},{"damage_healed":0,"gold_gain":0,"player_choice":"Cursed","damage_taken":0,"max_hp_gain":0,"max_hp_loss":0,"event_name":"Wheel of Change","floor":19,"gold_loss":0,"cards_obtained":["Decay"]}],"is_beta":false,"boss_relics":[{"not_picked":["Philosopher\u0027s Stone","Orrery"],"picked":"Fusion Hammer"}],"items_purged_floors":[12,21],"is_endless":false,"potions_floor_spawned":[1,7,16,20,24,27],"killed_by":"Automaton","ascension_level":20}