{"gold_per_floor":[119,69,0,12,25,25,52,52,132,109,109,138,138,152,152,228,228,242,252,252,262,277,277,308,223,298,308,342,108,108,124,124,200,200,210,210,210,210,140,167,167,167,243,243,296,77,77,110,110,110],"floor_reached":51,"playtime":4804,"items_purged":["Strike_R"],"score":1241,"play_id":"98c44bd7-9372-49a8-9526-625377acc935","local_time":"20190327225433","is_ascension_mode":true,"campfire_choices":[{"data":"Bludgeon","floor":6,"key":"SMITH"},{"data":"True Grit","floor":8,"key":"SMITH"},{"data":"Anger","floor":13,"key":"SMITH"},{"data":"Combust","floor":15,"key":"SMITH"},{"data":"Intimidate","floor":23,"key":"SMITH"},{"floor":32,"key":"REST"},{"data":"Apotheosis","floor":42,"key":"SMITH"},{"floor":44,"key":"RECALL"},{"floor":49,"key":"REST"}],"neow_cost":"NONE","seed_source_timestamp":596479175588923,"circlet_count":0,"master_deck":["AscendersBane","Strike_R","Strike_R","Strike_R","Defend_R","Defend_R","Defend_R","Defend_R","Bash","Bludgeon+1","Headbutt","Combust+1","Power Through","True Grit+1","Anger+1","Iron Wave","Immolate","Ghostly Armor","Intimidate+1","Clothesline","Juggernaut","Body Slam+1","Corruption","Mayhem+1","Juggernaut","Battle Trance+1","Corruption","Apotheosis+1","Flame Barrier","Juggernaut","Bludgeon+1","Warcry","Clumsy","Headbutt+1","Limit Break","Inflame"],"relics":["Burning Blood","Pen Nib","Tiny Chest","Bag of Marbles","Red Skull","Philosopher\u0027s Stone","Molten Egg 2","Juzu Bracelet","Ornamental Fan","Dead Branch","Cursed Key","Dream Catcher","Kunai","Gambling Chip","Oddly Smooth Stone","Boot"],"potions_floor_usage":[16,16,24,28,31,50,50],"damage_taken":[{"damage":10,"enemies":"2 Louse","floor":1,"turns":3},{"damage":3,"enemies":"Small Slimes","floor":4,"turns":4},{"damage":8,"enemies":"Cultist","floor":5,"turns":3},{"damage":16,"enemies":"Gremlin Nob","floor":7,"turns":4},{"damage":34,"enemies":"3 Sentries","floor":12,"turns":10},{"damage":0,"enemies":"Blue Slaver","floor":14,"turns":3},{"damage":43,"enemies":"Hexaghost","floor":16,"turns":6},{"damage":9,"enemies":"Chosen","floor":18,"turns":3},{"damage":0,"enemies":"3 Byrds","floor":19,"turns":2},{"damage":15,"enemies":"Snake Plant","floor":21,"turns":3},{"damage":6,"enemies":"Snecko","floor":22,"turns":3},{"damage":27,"enemies":"Book of Stabbing","floor":24,"turns":4},{"damage":0,"enemies":"Centurion and Healer","floor":27,"turns":5},{"damage":40,"enemies":"Gremlin Leader","floor":28,"turns":7},{"damage":1,"enemies":"3 Cultists","floor":31,"turns":3},{"damage":30,"enemies":"Champ","floor":33,"turns":9},{"damage":0,"enemies":"3 Darklings","floor":35,"turns":1},{"damage":0,"enemies":"Nemesis","floor":40,"turns":7},{"damage":20,"enemies":"2 Orb Walkers","floor":45,"turns":5},{"damage":37,"enemies":"Reptomancer","floor":48,"turns":4},{"damage":52,"enemies":"Donu and Deca","floor":50,"turns":5}],"seed_played":"-7630649657615467650","potions_obtained":[{"floor":4,"key":"GamblersBrew"},{"floor":5,"key":"Strength Potion"},{"floor":14,"key":"BloodPotion"},{"floor":18,"key":"EssenceOfSteel"},{"floor":22,"key":"LiquidBronze"},{"floor":27,"key":"Swift Potion"},{"floor":28,"key":"Fruit Juice"},{"floor":45,"key":"EssenceOfSteel"},{"floor":48,"key":"Regen Potion"}],"is_trial":false,"path_per_floor":["M","?","$","M","M","R","E","R","T","$","?","E","R","M","R","B",null,"M","M","?","M","M","R","E","?","T","M","E","$","?","M","R","B",null,"M","?","?","?","$","E","?","R","T","R","?","$","?","E","R","B",null],"character_chosen":"IRONCLAD","items_purchased":["Combust","Anger","Corruption","Mayhem","Flame Barrier","Oddly Smooth Stone"],"campfire_rested":2,"item_purchase_floors":[3,10,29,29,39,46],"current_hp_per_floor":[68,68,68,71,69,69,59,59,59,59,59,31,31,37,37,8,62,59,65,65,56,56,56,35,35,35,41,12,12,12,17,42,18,68,74,74,74,74,74,80,80,80,80,80,66,66,66,35,60,26],"gold":110,"neow_bonus":"ONE_RANDOM_RARE_CARD","is_prod":false,"is_daily":false,"chose_seed":false,"campfire_upgraded":6,"win_rate":0,"timestamp":1553738073,"path_taken":["M","?","$","M","M","R","E","R","T","$","?","E","R","M","R","BOSS","M","?","?","?","?","R","E","?","T","M","E","$","?","M","R","BOSS","M","?","?","?","?","E","?","R","T","R","?","$","?","E","R","BOSS"],"build_version":"2019-01-23","purchased_purges":1,"victory":true,"max_hp_per_floor":[80,80,80,80,80,80,80,80,80,80,80,80,80,80,80,80,80,80,80,80,80,80,80,80,80,80,80,85,85,85,85,85,85,85,85,85,85,85,85,85,85,85,85,85,85,85,85,85,85,85],"card_choices":[{"not_picked":["Havoc","Body Slam"],"picked":"Headbutt","floor":1},{"not_picked":["Heavy Blade","Wild Strike","Clothesline"],"picked":"SKIP","floor":4},{"not_picked":["Perfected Strike","Havoc"],"picked":"Power Through","floor":5},{"not_picked":["Whirlwind","Second Wind"],"picked":"True Grit","floor":7},{"not_picked":["Entrench","Pommel Strike"],"picked":"Iron Wave","floor":12},{"not_picked":["Thunderclap","Twin Strike","Rage"],"picked":"SKIP","floor":14},{"not_picked":["Berserk","Barricade"],"picked":"Immolate","floor":16},{"not_picked":["Second Wind","Corruption","Entrench"],"picked":"SKIP","floor":18},{"not_picked":["Flex","Twin Strike"],"picked":"Ghostly Armor","floor":19},{"not_picked":["Warcry","Headbutt"],"picked":"Intimidate","floor":21},{"not_picked":["Rage","Twin Strike"],"picked":"Clothesline","floor":22},{"not_picked":["Thunderclap","Pommel Strike+1"],"picked":"Juggernaut","floor":24},{"not_picked":["Flex","Ghostly Armor"],"picked":"Armaments","floor":27},{"not_picked":["Fire Breathing","Infernal Blade"],"picked":"Body Slam+1","floor":28},{"not_picked":["Havoc","True Grit","Searing Blow+1"],"picked":"SKIP","floor":31},{"not_picked":["Double Tap","Impervious"],"picked":"Juggernaut","floor":33},{"not_picked":["Searing Blow+1","Flex+1"],"picked":"Battle Trance+1","floor":35},{"not_picked":["Good Instincts","Mind Blast+1"],"picked":"Apotheosis","floor":37},{"not_picked":["Reckless Charge+1","Clothesline+1"],"picked":"Juggernaut","floor":40},{"not_picked":["Shrug It Off","Sever Soul+1"],"picked":"Headbutt+1","floor":45},{"not_picked":["Clash+1","Twin Strike+1"],"picked":"Limit Break","floor":48},{"not_picked":["Feel No Pain","Uppercut+1"],"picked":"Inflame","floor":49}],"player_experience":1003035,"relics_obtained":[{"floor":7,"key":"Pen Nib"},{"floor":9,"key":"Tiny Chest"},{"floor":12,"key":"Red Skull"},{"floor":24,"key":"Molten Egg 2"},{"floor":26,"key":"Ornamental Fan"},{"floor":28,"key":"Dead Branch"},{"floor":40,"key":"Dream Catcher"},{"floor":43,"key":"Kunai"},{"floor":45,"key":"Gambling Chip"},{"floor":48,"key":"Boot"}],"event_choices":[{"cards_removed":["Strike_R"],"damage_healed":0,"gold_gain":0,"player_choice":"Card Removal","damage_taken":0,"max_hp_gain":0,"max_hp_loss":0,"event_name":"The Cleric","floor":2,"gold_loss":50},{"damage_healed":0,"gold_gain":0,"player_choice":"Gave Potion","damage_taken":0,"relics_obtained":["Bag of Marbles"],"max_hp_gain":0,"max_hp_loss":0,"event_name":"WeMeetAgain","floor":11,"gold_loss":0},{"damage_healed":0,"gold_gain":0,"player_choice":"Ignored","damage_taken":0,"max_hp_gain":0,"max_hp_loss":0,"event_name":"N\u0027loth","floor":20,"gold_loss":0},{"damage_healed":0,"gold_gain":0,"player_choice":"Obtained Relic","damage_taken":0,"relics_obtained":["Juzu Bracelet"],"max_hp_gain":0,"max_hp_loss":0,"event_name":"Addict","floor":25,"gold_loss":85},{"damage_healed":0,"gold_gain":0,"player_choice":"Ignored","damage_taken":0,"max_hp_gain":0,"max_hp_loss":0,"event_name":"Vampires","floor":30,"gold_loss":0},{"damage_healed":0,"gold_gain":0,"player_choice":"Copied","damage_taken":0,"max_hp_gain":0,"max_hp_loss":0,"event_name":"Duplicator","floor":36,"gold_loss":0,"cards_obtained":["Corruption"]},{"damage_healed":0,"gold_gain":0,"player_choice":"Memory 1","damage_taken":0,"max_hp_gain":0,"max_hp_loss":0,"event_name":"SensoryStone","floor":37,"gold_loss":0},{"damage_healed":0,"gold_gain":0,"player_choice":"Upgraded","damage_taken":0,"max_hp_gain":0,"max_hp_loss":0,"event_name":"Upgrade Shrine","floor":38,"gold_loss":0,"cards_upgraded":["Mayhem"]},{"damage_healed":0,"gold_gain":0,"player_choice":"2 cards matched","damage_taken":0,"max_hp_gain":0,"max_hp_loss":0,"event_name":"Match and Keep!","floor":41,"gold_loss":0,"cards_obtained":["Bludgeon","Warcry"]},{"damage_healed":0,"gold_gain":0,"player_choice":"Fight","damage_taken":0,"max_hp_gain":0,"max_hp_loss":0,"event_name":"Mysterious Sphere","floor":45,"gold_loss":0},{"cards_removed":["Armaments"],"damage_healed":0,"gold_gain":0,"player_choice":"Removed Skill","damage_taken":0,"max_hp_gain":0,"max_hp_loss":0,"event_name":"Falling","floor":47,"gold_loss":0}],"is_beta":false,"boss_relics":[{"not_picked":["White Beast Statue","Orrery"],"picked":"Philosopher\u0027s Stone"},{"not_picked":["Velvet Choker","Eternal Feather"],"picked":"Cursed Key"}],"items_purged_floors":[46],"is_endless":false,"potions_floor_spawned":[4,5,14,18,22,27,28,45,48],"ascension_level":13}