{"gold_per_floor":[114,114,114,131,141,176,16,47,119,119,154,167,167,188,188,318,318,338,359,359,13,37,68,88,119,146,170,189,223,223,258,258,382,382,401,401,424,424,424,424,139,195,195,229,274,332,406,111,111,111,111,111,16,54,54],"floor_reached":56,"playtime":4829,"items_purged":["Strike_B","Strike_B","Strike_B"],"score":1701,"play_id":"256634aa-e3dc-44b7-beae-a01bb4c8c15b","local_time":"20190408204624","is_ascension_mode":true,"campfire_choices":[{"data":"Defragment","floor":10,"key":"SMITH"},{"data":"Loop","floor":15,"key":"SMITH"},{"data":"Regret","floor":30,"key":"PURGE"},{"data":"Machine Learning","floor":32,"key":"SMITH"},{"floor":40,"key":"RECALL"},{"data":"Defragment","floor":49,"key":"SMITH"},{"data":"Defragment","floor":52,"key":"SMITH"}],"neow_cost":"PERCENT_DAMAGE","seed_source_timestamp":2422108734620349,"circlet_count":0,"master_deck":["Defend_B","Defend_B","Defend_B","Defend_B","Zap","Dualcast","Sweeping Beam+1","Defragment+1","Leap","Self Repair","Ball Lightning","Genetic Algorithm","Loop+1","Electrodynamics","Capacitor","BootSequence+1","Biased Cognition","Coolheaded","Chaos+1","Defragment+1","Chill","Go for the Eyes+1","Coolheaded","Hologram","Compile Driver","Machine Learning+1","Go for the Eyes+1","Fusion","Reboot","Barrage+1","Thinking Ahead","Dramatic Entrance+1","HandOfGreed+1","Coolheaded+1","Madness","Madness+1","Glacier","Defragment+1","Cold Snap+1","Steam Power+1","Stack+1","White Noise","Storm","Hologram","Cold Snap+1","Finesse","Stack+1"],"relics":["Cracked Core","Peace Pipe","Oddly Smooth Stone","Meat on the Bone","Mercury Hourglass","Golden Idol","Cursed Key","Membership Card","DataDisk","Dream Catcher","Lantern","Omamori","Molten Egg 2","Dead Branch","Inserter","Lee\u0027s Waffle","War Paint","Pocketwatch","Potion Belt","Cables","ClockworkSouvenir","Bottled Lightning","Whetstone"],"potions_floor_usage":[6,8,23,47,54,55,55],"damage_taken":[{"damage":1,"enemies":"2 Louse","floor":1,"turns":2},{"damage":1,"enemies":"Cultist","floor":4,"turns":3},{"damage":0,"enemies":"Small Slimes","floor":5,"turns":3},{"damage":7,"enemies":"3 Sentries","floor":6,"turns":7},{"damage":22,"enemies":"Gremlin Nob","floor":8,"turns":4},{"damage":8,"enemies":"Lagavulin","floor":11,"turns":6},{"damage":8,"enemies":"Exordium Thugs","floor":12,"turns":4},{"damage":5,"enemies":"Exordium Wildlife","floor":14,"turns":4},{"damage":0,"enemies":"The Guardian","floor":16,"turns":9},{"damage":0,"enemies":"3 Byrds","floor":18,"turns":2},{"damage":0,"enemies":"Chosen","floor":19,"turns":4},{"damage":8,"enemies":"Snake Plant","floor":22,"turns":4},{"damage":19,"enemies":"Gremlin Leader","floor":23,"turns":5},{"damage":0,"enemies":"Centurion and Healer","floor":24,"turns":4},{"damage":8,"enemies":"Book of Stabbing","floor":25,"turns":5},{"damage":8,"enemies":"Snecko","floor":27,"turns":7},{"damage":6,"enemies":"3 Cultists","floor":28,"turns":3},{"damage":14,"enemies":"Gremlin Leader","floor":29,"turns":7},{"damage":0,"enemies":"Book of Stabbing","floor":31,"turns":6},{"damage":0,"enemies":"Champ","floor":33,"turns":11},{"damage":4,"enemies":"Orb Walker","floor":35,"turns":3},{"damage":0,"enemies":"3 Darklings","floor":37,"turns":4},{"damage":3,"enemies":"Nemesis","floor":42,"turns":9},{"damage":0,"enemies":"Reptomancer","floor":44,"turns":7},{"damage":0,"enemies":"Spire Growth","floor":45,"turns":8},{"damage":0,"enemies":"Nemesis","floor":46,"turns":7},{"damage":0,"enemies":"Jaw Worm Horde","floor":47,"turns":5},{"damage":0,"enemies":"Awakened One","floor":50,"turns":12},{"damage":0,"enemies":"Shield and Spear","floor":54,"turns":5},{"damage":0,"enemies":"The Heart","floor":55,"turns":12}],"seed_played":"5457608420404895588","potions_obtained":[{"floor":3,"key":"Explosive Potion"},{"floor":3,"key":"SkillPotion"},{"floor":3,"key":"Weak Potion"},{"floor":6,"key":"GamblersBrew"},{"floor":11,"key":"EntropicBrew"},{"floor":12,"key":"Fire Potion"},{"floor":14,"key":"PowerPotion"},{"floor":16,"key":"FocusPotion"},{"floor":23,"key":"PowerPotion"},{"floor":44,"key":"GamblersBrew"},{"floor":46,"key":"GamblersBrew"},{"floor":47,"key":"Energy Potion"}],"is_trial":false,"path_per_floor":["M","?","?","M","M","E","$","E","T","R","E","M","?","M","R","B",null,"M","M","?","$","M","E","M","E","T","M","M","E","R","E","R","B",null,"M","?","M","?","?","R","$","E","T","E","M","E","M","$","R","B",null,"R","$","E","B",null],"character_chosen":"DEFECT","items_purchased":["Ball Lightning","Genetic Algorithm","Membership Card","DataDisk","Defragment","Chill","Lee\u0027s Waffle","Glacier","War Paint","Defragment","ClockworkSouvenir","Bottled Lightning","Hologram","Cold Snap+1","Finesse"],"campfire_rested":0,"item_purchase_floors":[7,7,21,21,21,21,41,41,41,41,48,48,53,53,53],"current_hp_per_floor":[67,72,72,71,71,64,64,49,49,49,60,59,36,50,50,57,94,94,94,94,94,93,74,81,80,80,79,73,66,66,73,73,80,94,94,84,84,72,72,72,101,101,101,101,101,101,101,101,101,101,101,101,101,101,101],"gold":54,"neow_bonus":"TWENTY_PERCENT_HP_BONUS","is_prod":false,"is_daily":false,"chose_seed":false,"campfire_upgraded":5,"win_rate":0,"timestamp":1554770784,"path_taken":["M","?","?","?","M","E","$","E","T","R","E","M","?","M","R","BOSS","M","M","?","?","M","E","M","E","T","?","M","E","R","E","R","BOSS","M","?","M","?","?","R","$","E","T","E","M","E","M","?","R","BOSS","R","$","E","BOSS"],"build_version":"2019-04-04","purchased_purges":3,"victory":true,"max_hp_per_floor":[89,94,94,94,94,94,94,94,94,94,94,94,94,94,94,94,94,94,94,94,94,94,94,94,94,94,94,94,94,94,94,94,94,94,94,94,94,94,94,94,101,101,101,101,101,101,101,101,101,101,101,101,101,101,101],"card_choices":[{"not_picked":["Compile Driver","Turbo"],"picked":"Sweeping Beam","floor":1},{"not_picked":["Sweeping Beam","Turbo"],"picked":"Defragment","floor":4},{"not_picked":["Reinforced Body","Heatsinks"],"picked":"Leap","floor":5},{"not_picked":["Coolheaded","Fusion"],"picked":"Self Repair","floor":6},{"not_picked":["Stack","Conserve Battery"],"picked":"Loop","floor":8},{"not_picked":["Fusion","Self Repair"],"picked":"Electrodynamics","floor":11},{"not_picked":["Gash","Rip and Tear"],"picked":"Capacitor","floor":12},{"not_picked":["Leap","Scrape"],"picked":"BootSequence","floor":14},{"not_picked":["Amplify","Seek"],"picked":"Biased Cognition","floor":16},{"not_picked":["Double Energy","Doom and Gloom+1"],"picked":"Coolheaded","floor":18},{"not_picked":["Barrage+1","Ball Lightning"],"picked":"Chaos+1","floor":19},{"not_picked":["Barrage","Sweeping Beam"],"picked":"Go for the Eyes","floor":22},{"not_picked":["Streamline","Aggregate+1","Thunder Strike"],"picked":"SKIP","floor":23},{"not_picked":["Streamline","Reinforced Body"],"picked":"Coolheaded","floor":24},{"not_picked":["Gash","Recycle+1"],"picked":"Hologram","floor":25},{"not_picked":["Rebound+1","Sweeping Beam"],"picked":"Compile Driver","floor":27},{"not_picked":["Beam Cell+1","Stack+1"],"picked":"Machine Learning","floor":28},{"not_picked":["Sweeping Beam","Compile Driver"],"picked":"Go for the Eyes","floor":29},{"not_picked":["Self Repair","Rebound+1"],"picked":"Fusion","floor":31},{"not_picked":["All For One+1","Buffer"],"picked":"Reboot","floor":33},{"not_picked":["Capacitor","Ball Lightning+1"],"picked":"Barrage+1","floor":35},{"not_picked":["The Bomb","Flash of Steel+1"],"picked":"Thinking Ahead","floor":36},{"not_picked":["Impatience","Jack Of All Trades"],"picked":"Dramatic Entrance+1","floor":36},{"not_picked":["Metamorphosis","Blind"],"picked":"HandOfGreed+1","floor":36},{"not_picked":["Fusion","Hologram+1"],"picked":"Coolheaded+1","floor":37},{"not_picked":["Redo","Go for the Eyes+1"],"picked":"Cold Snap+1","floor":42},{"not_picked":["Leap","BootSequence"],"picked":"Steam Power+1","floor":44},{"not_picked":["Sweeping Beam+1","Aggregate"],"picked":"Stack+1","floor":45},{"not_picked":["Reprogram","Gash+1"],"picked":"White Noise","floor":46},{"not_picked":["Turbo+1","Static Discharge"],"picked":"Storm","floor":47},{"not_picked":["Melter+1","Compile Driver+1"],"picked":"Stack+1","floor":54}],"player_experience":5218127,"relics_obtained":[{"floor":6,"key":"Peace Pipe"},{"floor":8,"key":"Oddly Smooth Stone"},{"floor":9,"key":"Meat on the Bone"},{"floor":11,"key":"Mercury Hourglass"},{"floor":23,"key":"Dream Catcher"},{"floor":25,"key":"Lantern"},{"floor":26,"key":"Omamori"},{"floor":29,"key":"Molten Egg 2"},{"floor":31,"key":"Dead Branch"},{"floor":42,"key":"Pocketwatch"},{"floor":44,"key":"Potion Belt"},{"floor":46,"key":"Cables"},{"floor":54,"key":"Whetstone"}],"event_choices":[{"damage_healed":0,"gold_gain":0,"player_choice":"Donut","damage_taken":0,"max_hp_gain":5,"max_hp_loss":0,"event_name":"Big Fish","floor":2,"gold_loss":0},{"damage_healed":0,"gold_gain":0,"player_choice":"Got Potions","damage_taken":0,"max_hp_gain":0,"max_hp_loss":0,"event_name":"Lab","floor":3,"gold_loss":0},{"damage_healed":0,"gold_gain":0,"player_choice":"Take Damage","damage_taken":23,"relics_obtained":["Golden Idol"],"max_hp_gain":0,"max_hp_loss":0,"event_name":"Golden Idol","floor":13,"gold_loss":0},{"cards_removed":["Strike_B"],"damage_healed":0,"gold_gain":0,"player_choice":"Purged","damage_taken":0,"max_hp_gain":0,"max_hp_loss":0,"event_name":"Purifier","floor":20,"gold_loss":0},{"damage_healed":0,"gold_gain":0,"player_choice":"Memory 3","damage_taken":10,"max_hp_gain":0,"max_hp_loss":0,"event_name":"SensoryStone","floor":36,"gold_loss":0},{"damage_healed":0,"gold_gain":0,"player_choice":"Embrace Madness","damage_taken":12,"max_hp_gain":0,"max_hp_loss":0,"event_name":"Winding Halls","floor":38,"gold_loss":0,"cards_obtained":["Madness","Madness"]},{"damage_healed":0,"gold_gain":0,"player_choice":"Ignored","damage_taken":0,"max_hp_gain":0,"max_hp_loss":0,"event_name":"Tomb of Lord Red Mask","floor":39,"gold_loss":0}],"is_beta":true,"boss_relics":[{"not_picked":["Eternal Feather","Calling Bell"],"picked":"Cursed Key"},{"not_picked":["Fusion Hammer","Snecko Eye"],"picked":"Inserter"}],"items_purged_floors":[7,41,48],"is_endless":false,"potions_floor_spawned":[6,11,12,14,16,19,22,23,25,28,42,44,46,47],"ascension_level":1}