{"gold_per_floor":[114,389,4,15,34,68,87,122,148,181,198,227,227,240,240,342,342,352,352,339,357,11,36,52,79,105,105,137,151,151,162,162,265,265,277,1276,1294,786,804,804,831,849,876,1228,678,678,262,297,297,297,297,297,51,77,77],"floor_reached":56,"playtime":4465,"items_purged":["Regret","Strike_G","Strike_G","Strike_G","Strike_G","Strike_G"],"score":1711,"play_id":"23d38fef-9e63-459b-aecb-8cafeb277bc9","local_time":"20190324144504","is_ascension_mode":true,"campfire_choices":[{"data":"Doppelganger","floor":13,"key":"SMITH"},{"data":"Neutralize","floor":15,"key":"SMITH"},{"floor":27,"key":"REST"},{"data":"Noxious Fumes","floor":30,"key":"SMITH"},{"data":"Catalyst","floor":32,"key":"SMITH"},{"data":"Footwork","floor":40,"key":"SMITH"},{"floor":49,"key":"RECALL"},{"data":"Footwork","floor":52,"key":"SMITH"}],"neow_cost":"TEN_PERCENT_HP_LOSS","seed_source_timestamp":1104794173501099,"circlet_count":0,"master_deck":["Defend_G","Defend_G","Defend_G","Defend_G","Defend_G","Survivor","Neutralize+1","Bullet Time","Riddle With Holes","Noxious Fumes","Discovery","Cloak And Dagger","Noxious Fumes+1","Leg Sweep","Escape Plan","Noxious Fumes","Dodge and Roll","Catalyst+1","Doppelganger+1","Burst","Leg Sweep","Footwork+1","Backstab","Burst","Outmaneuver","Backstab+1","Burst","PiercingWail","Outmaneuver+1","Malaise","Dagger Spray+1","Deflect","Footwork+1","Dodge and Roll","Sucker Punch+1","PiercingWail","Finesse","Mayhem","Dodge and Roll","Deep Breath","Apotheosis","Bouncing Flask"],"relics":["Ring of the Serpent","Membership Card","Gambling Chip","Boot","Pen Nib","Bronze Scales","Anchor","Ice Cream","Mercury Hourglass","Bottled Tornado","Omamori","Meat on the Bone","Philosopher\u0027s Stone","Potion Belt","TheAbacus","Bottled Lightning","Mummified Hand","Orichalcum","Old Coin","ClockworkSouvenir","Tough Bandages","Bag of Marbles","Singing Bowl","Ninja Scroll","Pear","Bottled Flame"],"potions_floor_usage":[6,8,10,10,16,16,20,28,33,35,39,39,45,50,50,55,55,55,55,55],"damage_taken":[{"damage":5,"enemies":"Cultist","floor":1,"turns":4},{"damage":0,"enemies":"Jaw Worm","floor":4,"turns":2},{"damage":0,"enemies":"2 Louse","floor":5,"turns":2},{"damage":0,"enemies":"Lagavulin","floor":6,"turns":9},{"damage":0,"enemies":"Looter","floor":7,"turns":4},{"damage":21,"enemies":"Gremlin Nob","floor":8,"turns":5},{"damage":1,"enemies":"3 Sentries","floor":10,"turns":4},{"damage":0,"enemies":"Blue Slaver","floor":11,"turns":4},{"damage":3,"enemies":"Lagavulin","floor":12,"turns":5},{"damage":2,"enemies":"Lots of Slimes","floor":14,"turns":3},{"damage":6,"enemies":"Hexaghost","floor":16,"turns":7},{"damage":5,"enemies":"Spheric Guardian","floor":18,"turns":4},{"damage":4,"enemies":"2 Thieves","floor":20,"turns":5},{"damage":3,"enemies":"Sentry and Sphere","floor":21,"turns":6},{"damage":14,"enemies":"Slavers","floor":23,"turns":7},{"damage":0,"enemies":"Centurion and Healer","floor":24,"turns":6},{"damage":2,"enemies":"Book of Stabbing","floor":25,"turns":6},{"damage":7,"enemies":"Slavers","floor":28,"turns":6},{"damage":0,"enemies":"3 Cultists","floor":29,"turns":5},{"damage":0,"enemies":"Snecko","floor":31,"turns":5},{"damage":0,"enemies":"Automaton","floor":33,"turns":8},{"damage":13,"enemies":"3 Darklings","floor":35,"turns":4},{"damage":1,"enemies":"3 Shapes","floor":37,"turns":3},{"damage":0,"enemies":"Transient","floor":39,"turns":5},{"damage":2,"enemies":"Nemesis","floor":41,"turns":8},{"damage":0,"enemies":"4 Shapes","floor":42,"turns":6},{"damage":8,"enemies":"2 Orb Walkers","floor":44,"turns":5},{"damage":0,"enemies":"Reptomancer","floor":48,"turns":7},{"damage":0,"enemies":"Donu and Deca","floor":50,"turns":10},{"damage":0,"enemies":"Shield and Spear","floor":54,"turns":7},{"damage":0,"enemies":"The Heart","floor":55,"turns":10}],"seed_played":"-6567026411367659349","potions_obtained":[{"floor":1,"key":"EssenceOfSteel"},{"floor":6,"key":"Strength Potion"},{"floor":7,"key":"Energy Potion"},{"floor":8,"key":"Weak Potion"},{"floor":10,"key":"GamblersBrew"},{"floor":12,"key":"SpeedPotion"},{"floor":23,"key":"PowerPotion"},{"floor":25,"key":"SkillPotion"},{"floor":29,"key":"FearPotion"},{"floor":31,"key":"Dexterity Potion"},{"floor":35,"key":"Poison Potion"},{"floor":37,"key":"Poison Potion"},{"floor":54,"key":"SkillPotion"}],"is_trial":false,"path_per_floor":["M","?","$","M","M","E","M","E","T","E","M","E","R","M","R","B",null,"M","T","M","M","$","E","M","E","T","R","E","M","R","M","R","B",null,"M","?","M","$","M","R","E","M","T","?","$","?","$","E","R","B",null,"R","$","E","B",null],"character_chosen":"THE_SILENT","items_purchased":["Membership Card","Noxious Fumes","Regen Potion","Discovery","Cloak And Dagger","Ice Cream","Fire Potion","Backstab","Burst","GamblersBrew","Potion Belt","TheAbacus","Deflect","Footwork","Bottled Lightning","Explosive Potion","LiquidBronze","Dodge and Roll","ClockworkSouvenir","Fruit Juice","Swift Potion","Tough Bandages","Finesse","Bag of Marbles","Energy Potion","Dodge and Roll","Deep Breath","Singing Bowl","Ninja Scroll","Apotheosis","AttackPotion","Fire Potion"],"campfire_rested":1,"item_purchase_floors":[3,3,3,3,3,22,22,22,22,22,38,38,38,38,38,38,38,38,45,45,45,45,45,45,45,47,47,47,47,53,53,53],"current_hp_per_floor":[58,58,58,58,58,58,58,37,37,50,50,47,47,45,45,39,63,58,58,54,51,51,37,37,35,35,53,46,46,46,46,46,46,63,50,50,49,49,49,49,47,47,47,39,44,44,44,56,56,56,80,80,80,80,80],"gold":77,"neow_bonus":"THREE_RARE_CARDS","is_prod":false,"is_daily":false,"chose_seed":false,"campfire_upgraded":6,"win_rate":0,"timestamp":1553453104,"path_taken":["M","?","$","M","?","E","M","E","T","E","M","E","R","?","R","BOSS","M","?","?","M","$","E","M","E","T","R","E","M","R","M","R","BOSS","M","?","M","$","M","R","E","M","T","?","?","?","$","E","R","BOSS","R","$","E","BOSS"],"build_version":"2019-03-15","purchased_purges":6,"victory":true,"max_hp_per_floor":[63,63,63,63,63,63,63,63,63,63,63,63,63,63,63,63,63,63,63,63,63,63,63,63,63,63,63,63,63,63,63,63,63,63,63,63,63,63,63,63,63,63,63,63,68,68,68,80,80,80,80,80,80,80,80],"card_choices":[{"not_picked":["Venomology","Corpse Explosion"],"picked":"Bullet Time","floor":0},{"not_picked":["Calculated Gamble","Underhanded Strike"],"picked":"Riddle With Holes","floor":1},{"not_picked":["Skewer","Calculated Gamble"],"picked":"Noxious Fumes","floor":4},{"not_picked":["Deflect","Dodge and Roll"],"picked":"Leg Sweep","floor":5},{"not_picked":["Sucker Punch","Dodge and Roll"],"picked":"Escape Plan","floor":6},{"not_picked":["Predator","Riddle With Holes"],"picked":"Noxious Fumes","floor":7},{"not_picked":["Slice","Flying Knee"],"picked":"Dodge and Roll","floor":8},{"not_picked":["Setup","Outmaneuver"],"picked":"Catalyst","floor":10},{"not_picked":["Slice","Skewer","Quick Slash"],"picked":"SKIP","floor":11},{"not_picked":["Eviscerate","Catalyst"],"picked":"Doppelganger","floor":12},{"not_picked":["Flying Knee","Accuracy","Caltrops"],"picked":"SKIP","floor":14},{"not_picked":["Night Terror","After Image"],"picked":"Burst","floor":16},{"not_picked":["Cloak And Dagger","Bane","Eviscerate+1"],"picked":"SKIP","floor":18},{"not_picked":["Deflect","Noxious Fumes"],"picked":"Leg Sweep","floor":20},{"not_picked":["Choke","Dagger Throw"],"picked":"Footwork","floor":21},{"not_picked":["Distraction","Expertise"],"picked":"Outmaneuver","floor":23},{"not_picked":["Skewer+1","Deadly Poison"],"picked":"Backstab+1","floor":24},{"not_picked":["Prepared+1","Deadly Poison+1"],"picked":"Burst","floor":25},{"not_picked":["Underhanded Strike","Choke","Prepared"],"picked":"SKIP","floor":28},{"not_picked":["Deflect","Finisher"],"picked":"PiercingWail","floor":29},{"not_picked":["Noxious Fumes","Dodge and Roll"],"picked":"Outmaneuver+1","floor":31},{"not_picked":["Storm of Steel","Envenom"],"picked":"Malaise","floor":33},{"not_picked":["Blade Dance+1","Heel Hook","Endless Agony"],"picked":"SKIP","floor":35},{"not_picked":["Dagger Throw+1","Bane"],"picked":"Dagger Spray+1","floor":37},{"not_picked":["Poisoned Stab+1","Deadly Poison"],"picked":"Sucker Punch+1","floor":39},{"not_picked":["Heel Hook+1","Deadly Poison+1"],"picked":"PiercingWail","floor":41},{"not_picked":["Poisoned Stab","Sucker Punch","Endless Agony+1"],"picked":"SKIP","floor":42},{"not_picked":["Secret Weapon","HandOfGreed"],"picked":"Mayhem","floor":46},{"not_picked":["Masterful Stab","Caltrops","Outmaneuver+1"],"picked":"Singing Bowl","floor":48},{"not_picked":["Finisher","Concentrate"],"picked":"Bouncing Flask","floor":54}],"player_experience":5008633,"relics_obtained":[{"floor":6,"key":"Gambling Chip"},{"floor":8,"key":"Boot"},{"floor":9,"key":"Pen Nib"},{"floor":10,"key":"Bronze Scales"},{"floor":12,"key":"Anchor"},{"floor":23,"key":"Mercury Hourglass"},{"floor":25,"key":"Bottled Tornado"},{"floor":26,"key":"Omamori"},{"floor":28,"key":"Meat on the Bone"},{"floor":41,"key":"Mummified Hand"},{"floor":43,"key":"Orichalcum"},{"floor":44,"key":"Old Coin"},{"floor":48,"key":"Pear"},{"floor":54,"key":"Bottled Flame"}],"event_choices":[{"damage_healed":0,"gold_gain":275,"player_choice":"Desecrate","damage_taken":0,"max_hp_gain":0,"max_hp_loss":0,"event_name":"Golden Shrine","floor":2,"gold_loss":0,"cards_obtained":["Regret"]},{"damage_healed":0,"gold_gain":999,"player_choice":"Gold","damage_taken":0,"max_hp_gain":0,"max_hp_loss":0,"event_name":"MindBloom","floor":36,"gold_loss":0,"cards_obtained":["Normality","Normality"]},{"damage_healed":0,"gold_gain":0,"player_choice":"Fight","damage_taken":0,"max_hp_gain":0,"max_hp_loss":0,"event_name":"Mysterious Sphere","floor":44,"gold_loss":0},{"damage_healed":0,"gold_gain":0,"player_choice":"Memory 1","damage_taken":0,"max_hp_gain":0,"max_hp_loss":0,"event_name":"SensoryStone","floor":46,"gold_loss":0}],"is_beta":true,"boss_relics":[{"not_picked":["Eternal Feather","Coffee Dripper"],"picked":"Ring of the Serpent"},{"not_picked":["Orrery","HoveringKite"],"picked":"Philosopher\u0027s Stone"}],"items_purged_floors":[3,22,38,45,47,53],"is_endless":false,"potions_floor_spawned":[1,6,7,8,10,12,23,24,25,29,31,35,37,48,54],"ascension_level":1}