{"path_per_floor":["M","?","$","$","M","R","E","?","T","?","E","R","?","M","R","B",null,"M","?","?","?","M","R","M","?","T","M","M","M","R","M","R"],"character_chosen":"IRONCLAD","items_purchased":["Heavy Blade","Flex","Pummel"],"gold_per_floor":[110,185,160,29,42,42,73,73,98,63,97,97,97,108,108,210,210,225,225,225,225,236,236,254,254,254,264,277,292,292,305,305,305],"floor_reached":33,"campfire_rested":3,"playtime":1628,"current_hp_per_floor":[78,67,67,67,64,64,45,71,71,80,58,80,80,80,80,61,80,72,72,72,56,64,64,23,23,23,16,12,20,44,58,80,0],"items_purged":[],"gold":305,"score":281,"play_id":"639f08b8-f05b-43ed-8514-5494e77563af","local_time":"20180415175222","is_prod":false,"is_daily":false,"chose_seed":false,"is_ascension_mode":true,"campfire_upgraded":3,"timestamp":1523825542,"path_taken":["M","?","?","$","?","R","E","?","T","?","E","R","?","?","R","BOSS","M","?","?","?","M","R","M","?","T","?","M","M","R","M","R","BOSS"],"build_version":"2018-04-12","seed_source_timestamp":173078841505555,"purchased_purges":0,"victory":false,"master_deck":["Strike_R+1","Strike_R+1","Strike_R+1","Strike_R+1","Strike_R+1","Defend_R+1","Defend_R+1","Defend_R+1","Defend_R+1","Bash+1","Headbutt","Heavy Blade","Flex+1","Pummel+1","Cleave","Reaper","Ghostly Armor+1","True Grit+1","Impervious+1","Cleave","Heavy Blade","Perfected Strike","Perfected Strike+1","Uppercut","Rampage","Perfected Strike+1"],"max_hp_per_floor":[80,80,80,80,80,80,80,80,80,80,80,80,80,80,80,80,80,80,80,80,80,80,80,80,80,80,80,80,80,80,80,80,80],"relics":["Burning Blood","Bag of Preparation","Blood Vial","Toxic Egg 2","Mark of Pain","Nloth\u0027s Gift","Nilry\u0027s Codex","Gremlin Horn","Toolbox"],"card_choices":[{"not_picked":["Rampage","Reckless Charge"],"picked":"Headbutt","floor":1},{"not_picked":["Reckless Charge","Sword Boomerang"],"picked":"Cleave","floor":5},{"not_picked":["Exhume","Blood for Blood"],"picked":"Reaper","floor":7},{"not_picked":["Heavy Blade","Whirlwind"],"picked":"Ghostly Armor","floor":11},{"not_picked":["Hemokinesis","Clash"],"picked":"True Grit","floor":14},{"not_picked":["Exhume","Berserk"],"picked":"Impervious","floor":16},{"not_picked":["Bloodletting","Feel No Pain"],"picked":"Cleave","floor":18},{"not_picked":["Combust","Rupture"],"picked":"Heavy Blade","floor":22},{"not_picked":["Pommel Strike","Iron Wave"],"picked":"Perfected Strike","floor":24},{"not_picked":["Iron Wave","Reckless Charge"],"picked":"Perfected Strike","floor":27},{"not_picked":["Battle Trance","Dual Wield"],"picked":"Uppercut","floor":28},{"not_picked":["Body Slam","Warcry"],"picked":"Rampage","floor":29},{"not_picked":["Twin Strike","Body Slam"],"picked":"Perfected Strike","floor":31}],"player_experience":257023,"potions_floor_usage":[24,27,27,33,33,33],"damage_taken":[{"damage":8,"enemies":"2 Louse","floor":1,"turns":3},{"damage":9,"enemies":"Jaw Worm","floor":5,"turns":3},{"damage":25,"enemies":"3 Sentries","floor":7,"turns":8},{"damage":31,"enemies":"Lagavulin","floor":11,"turns":5},{"damage":1,"enemies":"Cultist","floor":14,"turns":3},{"damage":25,"enemies":"Slime Boss","floor":16,"turns":10},{"damage":20,"enemies":"3 Byrds","floor":18,"turns":6},{"damage":0,"enemies":"Chosen","floor":22,"turns":2},{"damage":55,"enemies":"Slaver and Parasite","floor":24,"turns":6},{"damage":31,"enemies":"Centurion and Healer","floor":27,"turns":4},{"damage":15,"enemies":"Snake Plant","floor":28,"turns":4},{"damage":0,"enemies":"Cultist and Chosen","floor":29,"turns":4},{"damage":0,"enemies":"Snecko","floor":31,"turns":4},{"damage":81,"enemies":"Collector","floor":33,"turns":9}],"event_choices":[{"event_name":"World of Goop","player_choice":"Gather Gold","floor":2,"damage_taken":0},{"event_name":"Big Fish","player_choice":"Banana","floor":8,"damage_taken":0},{"event_name":"The Cleric","player_choice":"Healed","floor":10,"damage_taken":0},{"event_name":"Liars Game","player_choice":"disagreed","floor":13,"damage_taken":0},{"event_name":"Back to Basics","player_choice":"Simplicity","floor":19,"damage_taken":0},{"event_name":"N\u0027loth","player_choice":"Traded a Happy Flower","floor":20,"damage_taken":0},{"event_name":"Cursed Tome","player_choice":"Obtained Book","floor":21,"damage_taken":0},{"event_name":"The Mausoleum","player_choice":"Yes","floor":25,"damage_taken":0}],"boss_relics":[{"not_picked":["Snecko Eye","Lizard Tail"],"picked":"Mark of Pain"}],"potions_floor_spawned":[14,16,18,24,29,31],"seed_played":"-4089171301258097449","killed_by":"Collector","ascension_level":2,"is_trial":false}