{"gold_per_floor":[362,376,72,86,98,129,129,143,143,143],"floor_reached":10,"playtime":349,"items_purged":[],"score":70,"play_id":"3ea7f66f-6b6c-4eda-85c0-789a87b78539","local_time":"20190514145813","is_ascension_mode":false,"campfire_choices":[{"floor":7,"key":"REST"}],"neow_cost":"CURSE","seed_source_timestamp":180306685176183,"circlet_count":0,"master_deck":["Strike_R","Strike_R","Strike_R","Strike_R","Strike_R","Defend_R","Defend_R","Defend_R","Defend_R","Bash","Shame","Burning Pact","Cleave","Armaments","Sword Boomerang","Shrug It Off","Warcry"],"relics":["Burning Blood","Question Card","Pen Nib","Bronze Scales"],"potions_floor_usage":[],"damage_taken":[{"damage":9,"enemies":"2 Louse","floor":1,"turns":4},{"damage":16,"enemies":"Jaw Worm","floor":2,"turns":6},{"damage":2,"enemies":"Small Slimes","floor":4,"turns":3},{"damage":26,"enemies":"Exordium Wildlife","floor":5,"turns":6},{"damage":49,"enemies":"Lagavulin","floor":6,"turns":8},{"damage":16,"enemies":"Red Slaver","floor":8,"turns":3},{"damage":28,"enemies":"Gremlin Nob","floor":10,"turns":3}],"seed_played":"-5282619920237978916","potions_obtained":[{"floor":5,"key":"GamblersBrew"},{"floor":6,"key":"SpeedPotion"},{"floor":8,"key":"Strength Potion"}],"is_trial":false,"path_per_floor":["M","M","$","M","M","E","R","M","T","E"],"character_chosen":"IRONCLAD","items_purchased":["Question Card","Armaments"],"campfire_rested":1,"item_purchase_floors":[3,3],"current_hp_per_floor":[77,67,67,71,51,8,32,22,22,0],"gold":143,"neow_bonus":"TWO_FIFTY_GOLD","is_prod":false,"is_daily":false,"chose_seed":false,"campfire_upgraded":0,"win_rate":0,"timestamp":1557860293,"path_taken":["M","M","$","M","M","E","R","M","T","E"],"build_version":"2019-01-23","purchased_purges":0,"victory":false,"max_hp_per_floor":[80,80,80,80,80,80,80,80,80,80],"card_choices":[{"not_picked":["Warcry","Thunderclap"],"picked":"Burning Pact","floor":1},{"not_picked":["Heavy Blade","Pommel Strike"],"picked":"Cleave","floor":2},{"not_picked":["Wild Strike","True Grit","Iron Wave"],"picked":"Sword Boomerang","floor":4},{"not_picked":["Armaments","Warcry","Twin Strike"],"picked":"Shrug It Off","floor":5},{"not_picked":["Rampage","Disarm","Anger","Double Tap"],"picked":"SKIP","floor":6},{"not_picked":["Reckless Charge","Havoc","Anger"],"picked":"Warcry","floor":8}],"player_experience":108192,"relics_obtained":[{"floor":6,"key":"Pen Nib"},{"floor":9,"key":"Bronze Scales"}],"event_choices":[],"is_beta":false,"boss_relics":[],"items_purged_floors":[],"is_endless":false,"potions_floor_spawned":[5,6,8],"killed_by":"Gremlin Nob","ascension_level":0}