{"path_per_floor":["M","M","$","?","?","R","E","R","T","R","M","E","?","$","R","B",null,"M","M","M","$","M"],"character_chosen":"THE_SILENT","items_purchased":["Deflect","Footwork","Glass Knife","Outmaneuver","Bouncing Flask+1","Poisoned Stab"],"gold_per_floor":[109,125,40,40,70,70,99,99,99,99,113,145,145,16,16,115,115,125,145,162,6,22,22],"floor_reached":23,"campfire_rested":2,"playtime":1423,"item_purchase_floors":[3,3,14,14,21,21],"current_hp_per_floor":[70,70,70,56,23,23,23,44,44,65,65,63,63,63,63,41,70,70,70,52,52,30,0],"items_purged":["Normality"],"gold":22,"score":246,"play_id":"d062b913-7dcf-4c16-85bb-df3180888fe8","local_time":"20180608013545","is_prod":false,"is_daily":false,"chose_seed":false,"is_ascension_mode":true,"campfire_upgraded":2,"win_rate":0,"timestamp":1528432545,"campfire_choices":[{"data":"Neutralize","floor":6,"key":"SMITH"},{"floor":8,"key":"REST"},{"floor":10,"key":"REST"},{"data":"Glass Knife","floor":15,"key":"SMITH"}],"path_taken":["M","?","$","?","?","R","E","R","T","R","M","E","?","$","R","BOSS","M","?","M","?","M","E"],"build_version":"2018-05-31","seed_source_timestamp":275781938805308,"purchased_purges":1,"victory":false,"master_deck":["Defend_G","Defend_G","Defend_G","Defend_G","Defend_G","Strike_G","Strike_G","Strike_G","Strike_G","Strike_G","Survivor+1","Neutralize+1","Acrobatics+1","Backflip+1","Deflect","Footwork+1","Dagger Throw","Poisoned Stab","Deflect","Glass Knife+1","Outmaneuver","Tactician","Writhe","Clumsy","Prepared+1","Phantasmal Killer+1","Backstab+1","Bouncing Flask+1","Poisoned Stab","Riddle With Holes+1"],"max_hp_per_floor":[70,70,70,70,70,70,70,70,70,70,70,70,70,70,70,70,70,70,70,70,70,70,70],"relics":["Ring of the Snake","NeowsBlessing","Tiny Chest","Turnip","Pen Nib","War Paint","Calling Bell","Anchor","Toxic Egg 2","Du-Vu Doll"],"card_choices":[{"not_picked":["Cloak And Dagger","Bane"],"picked":"Acrobatics","floor":1},{"not_picked":["Poisoned Stab","Dagger Throw"],"picked":"Backflip","floor":2},{"not_picked":["Expertise","Doppelganger"],"picked":"Dagger Throw","floor":7},{"not_picked":["Acrobatics","Cloak And Dagger"],"picked":"Poisoned Stab","floor":11},{"not_picked":["Concentrate","All Out Attack"],"picked":"Deflect","floor":12},{"not_picked":["Doppelganger","Die Die Die"],"picked":"Tactician","floor":16},{"not_picked":["Flying Knee","Backflip+1"],"picked":"Prepared+1","floor":18},{"not_picked":["Backflip+1","Dodge and Roll+1"],"picked":"Phantasmal Killer+1","floor":19},{"not_picked":["Blur+1","Infinite Blades"],"picked":"Backstab+1","floor":20},{"not_picked":["Cloak And Dagger+1","Bane"],"picked":"Riddle With Holes+1","floor":22}],"player_experience":310938,"potions_floor_usage":[22,22],"damage_taken":[{"damage":0,"enemies":"Cultist","floor":1,"turns":1},{"damage":0,"enemies":"Jaw Worm","floor":2,"turns":1},{"damage":0,"enemies":"Lagavulin","floor":7,"turns":1},{"damage":0,"enemies":"Small Slimes","floor":11,"turns":4},{"damage":2,"enemies":"3 Sentries","floor":12,"turns":8},{"damage":22,"enemies":"The Guardian","floor":16,"turns":16},{"damage":0,"enemies":"Shell Parasite","floor":18,"turns":6},{"damage":0,"enemies":"Spheric Guardian","floor":19,"turns":3},{"damage":18,"enemies":"Chosen and Byrds","floor":20,"turns":8},{"damage":22,"enemies":"Cultist and Chosen","floor":22,"turns":6},{"damage":32,"enemies":"Slavers","floor":23,"turns":2}],"relics_obtained":[{"floor":7,"key":"Turnip"},{"floor":9,"key":"Pen Nib"},{"floor":12,"key":"War Paint"},{"floor":17,"key":"Anchor"},{"floor":17,"key":"Toxic Egg 2"},{"floor":17,"key":"Du-Vu Doll"}],"event_choices":[{"event_name":"Shining Light","player_choice":"Entered Light","floor":4,"damage_taken":0},{"event_name":"Scrap Ooze","player_choice":"success","floor":5,"damage_taken":33},{"event_name":"Golden Idol","player_choice":"Ignored","floor":13,"damage_taken":0}],"boss_relics":[{"not_picked":["Lizard Tail","Philosopher\u0027s Stone"],"picked":"Calling Bell"}],"items_purged_floors":[21],"potions_floor_spawned":[7,18,20],"seed_played":"8725777010656254260","killed_by":"Slavers","ascension_level":2,"potions_obtained":[{"floor":7,"key":"SteroidPotion"},{"floor":18,"key":"GamblersBrew"},{"floor":20,"key":"Energy Potion"}],"is_trial":false}