{"gold_per_floor":[114,124,124,124,143,143,187,187,187,187,187,16,52,68,68,163,163,179,179,192,117,135,135,166,166,166,166,166,196,96,107,107,179,179,198,73,7,27,74,74,174,174,219,219,168,196,206,223,223,223],"floor_reached":50,"playtime":3893,"items_purged":["Strike_R","Strike_R","Strike_R"],"score":1128,"play_id":"ea574454-362a-4225-b7fe-67385dd36b85","local_time":"20190513172623","is_ascension_mode":true,"campfire_choices":[{"data":"Cleave","floor":6,"key":"SMITH"},{"data":"Defend_R","floor":8,"key":"SMITH"},{"data":"Defend_R","floor":11,"key":"SMITH"},{"data":"Pommel Strike","floor":15,"key":"SMITH"},{"data":"Demon Form","floor":23,"key":"SMITH"},{"floor":25,"key":"REST"},{"floor":28,"key":"REST"},{"data":"Demon Form","floor":32,"key":"SMITH"},{"data":"Heavy Blade","floor":40,"key":"SMITH"},{"data":"Anger","floor":42,"key":"PURGE"},{"floor":44,"key":"RECALL"},{"floor":49,"key":"REST"}],"neow_cost":"TEN_PERCENT_HP_LOSS","seed_source_timestamp":132687457878854,"circlet_count":0,"master_deck":["AscendersBane","Strike_R","Strike_R","Defend_R","Defend_R","Defend_R+1","Defend_R+1","Bash+1","Cleave+1","Power Through","Offering","Pommel Strike+1","Demon Form+1","Shrug It Off","Cleave+1","Fiend Fire","Demon Form+1","Impervious","Heavy Blade+1","Armaments+1","Battle Trance+1","True Grit+1","True Grit+1","Second Wind+1"],"relics":["Gambling Chip","Bloody Idol","Pear","Ice Cream","Kunai","Snecko Eye","Nloth\u0027s Gift","Bag of Preparation","Thread and Needle","Regal Pillow","Toxic Egg 2","Peace Pipe","Champion Belt","Paper Frog"],"potions_floor_usage":[13,22,24,39,47,47],"damage_taken":[{"damage":5,"enemies":"Small Slimes","floor":1,"turns":6},{"damage":2,"enemies":"2 Louse","floor":2,"turns":5},{"damage":2,"enemies":"Cultist","floor":5,"turns":4},{"damage":8,"enemies":"Gremlin Nob","floor":7,"turns":3},{"damage":6,"enemies":"Lagavulin","floor":13,"turns":3},{"damage":0,"enemies":"3 Louse","floor":14,"turns":3},{"damage":25,"enemies":"The Guardian","floor":16,"turns":13},{"damage":6,"enemies":"Spheric Guardian","floor":18,"turns":3},{"damage":3,"enemies":"Shell Parasite","floor":20,"turns":7},{"damage":22,"enemies":"Centurion and Healer","floor":22,"turns":8},{"damage":47,"enemies":"Book of Stabbing","floor":24,"turns":6},{"damage":7,"enemies":"Slavers","floor":29,"turns":5},{"damage":0,"enemies":"3 Cultists","floor":31,"turns":3},{"damage":8,"enemies":"Collector","floor":33,"turns":6},{"damage":52,"enemies":"3 Darklings","floor":35,"turns":7},{"damage":0,"enemies":"Orb Walker","floor":38,"turns":2},{"damage":0,"enemies":"2 Orb Walkers","floor":39,"turns":3},{"damage":0,"enemies":"Mind Bloom Boss Battle","floor":41,"turns":4},{"damage":41,"enemies":"Nemesis","floor":46,"turns":7},{"damage":6,"enemies":"Spire Growth","floor":47,"turns":3},{"damage":0,"enemies":"Maw","floor":48,"turns":5},{"damage":56,"enemies":"Awakened One","floor":50,"turns":4}],"seed_played":"638241413500611206","potions_obtained":[{"floor":1,"key":"SteroidPotion"},{"floor":2,"key":"Regen Potion"},{"floor":14,"key":"Ancient Potion"},{"floor":20,"key":"SkillPotion"},{"floor":31,"key":"SteroidPotion"},{"floor":33,"key":"PowerPotion"},{"floor":39,"key":"Explosive Potion"},{"floor":41,"key":"FearPotion"},{"floor":47,"key":"LiquidBronze"}],"is_trial":false,"path_per_floor":["M","M","?","?","M","R","E","R","T","?","R","$","E","M","R","B",null,"M","?","M","$","M","R","E","R","T","?","R","E","$","M","R","B",null,"M","$","?","M","?","R","?","R","T","R","$","E","M","M","R","B"],"character_chosen":"IRONCLAD","items_purchased":["Offering","True Grit+1"],"campfire_rested":3,"item_purchase_floors":[12,45],"current_hp_per_floor":[68,68,62,62,62,62,70,70,70,75,75,75,75,77,77,58,72,72,72,69,69,62,62,15,38,38,38,61,59,59,64,64,61,73,26,26,26,31,36,36,41,41,46,46,46,10,9,14,52,0],"gold":223,"neow_bonus":"ONE_RARE_RELIC","is_prod":false,"is_daily":false,"chose_seed":false,"campfire_upgraded":7,"win_rate":0,"timestamp":1557782783,"path_taken":["M","M","?","?","M","R","E","R","T","?","R","$","E","M","R","BOSS","M","?","M","$","?","R","E","R","T","?","R","E","$","M","R","BOSS","M","$","?","?","?","R","?","R","T","R","?","E","M","M","R","BOSS"],"build_version":"2019-01-23","purchased_purges":3,"victory":false,"max_hp_per_floor":[68,68,62,62,62,62,72,72,72,77,77,77,77,77,77,77,77,77,77,77,77,77,77,77,77,77,77,77,77,77,77,77,77,77,77,77,77,77,77,77,77,77,77,77,77,77,77,77,77,77],"card_choices":[{"not_picked":["Seeing Red","Shockwave"],"picked":"Anger","floor":1},{"not_picked":["Perfected Strike","Flex","Havoc"],"picked":"SKIP","floor":2},{"not_picked":["True Grit","Clash"],"picked":"Cleave","floor":5},{"not_picked":["Searing Blow","Cleave"],"picked":"Power Through","floor":7},{"not_picked":["Bloodletting","Dropkick","Hemokinesis"],"picked":"SKIP","floor":13},{"not_picked":["Wild Strike","Reckless Charge"],"picked":"Pommel Strike","floor":14},{"not_picked":["Offering","Feed"],"picked":"Demon Form","floor":16},{"not_picked":["Reckless Charge","Combust"],"picked":"Shrug It Off","floor":18},{"not_picked":["Sentinel","Cleave","Intimidate"],"picked":"SKIP","floor":20},{"not_picked":["Sentinel","Cleave","Intimidate"],"picked":"SKIP","floor":20},{"not_picked":["Headbutt","Rupture"],"picked":"Cleave+1","floor":22},{"not_picked":["Entrench","Hemokinesis"],"picked":"Fiend Fire","floor":24},{"not_picked":["Infernal Blade","Flex"],"picked":"Demon Form","floor":29},{"not_picked":["Flex","Headbutt+1","Iron Wave"],"picked":"SKIP","floor":31},{"not_picked":["Exhume","Demon Form"],"picked":"Impervious","floor":33},{"not_picked":["Clash","Headbutt"],"picked":"Heavy Blade","floor":35},{"not_picked":["Heavy Blade","Pommel Strike+1"],"picked":"Armaments+1","floor":38},{"not_picked":["Pummel","Sword Boomerang"],"picked":"Battle Trance+1","floor":39},{"not_picked":["Wild Strike+1","Offering+1"],"picked":"True Grit+1","floor":41},{"not_picked":["Body Slam","Battle Trance+1","Sword Boomerang"],"picked":"SKIP","floor":46},{"not_picked":["Body Slam","Battle Trance+1","Sword Boomerang"],"picked":"SKIP","floor":46},{"not_picked":["Anger","Body Slam","Immolate"],"picked":"SKIP","floor":47},{"not_picked":["Seeing Red+1","Anger"],"picked":"Second Wind+1","floor":48}],"player_experience":1295968,"relics_obtained":[{"floor":7,"key":"Pear"},{"floor":9,"key":"Ice Cream"},{"floor":13,"key":"Kunai"},{"floor":24,"key":"Bag of Preparation"},{"floor":26,"key":"Thread and Needle"},{"floor":29,"key":"Regal Pillow"},{"floor":39,"key":"Peace Pipe"},{"floor":41,"key":"Champion Belt"},{"floor":46,"key":"Paper Frog"}],"event_choices":[{"damage_healed":0,"gold_gain":0,"player_choice":"Lose Max HP","damage_taken":0,"relics_obtained":["Golden Idol"],"max_hp_gain":0,"max_hp_loss":6,"event_name":"Golden Idol","floor":3,"gold_loss":0},{"damage_healed":0,"gold_gain":0,"player_choice":"Grow","damage_taken":0,"max_hp_gain":0,"max_hp_loss":0,"event_name":"Living Wall","floor":4,"gold_loss":0,"cards_upgraded":["Bash"]},{"damage_healed":0,"gold_gain":0,"player_choice":"Donut","damage_taken":0,"max_hp_gain":5,"max_hp_loss":0,"event_name":"Big Fish","floor":10,"gold_loss":0},{"damage_healed":0,"gold_gain":0,"player_choice":"Traded Relic","damage_taken":0,"relics_obtained":["Nloth\u0027s Gift"],"max_hp_gain":0,"max_hp_loss":0,"event_name":"N\u0027loth","floor":19,"relics_lost":["Burning Blood"],"gold_loss":0},{"damage_healed":0,"gold_gain":0,"player_choice":"Gave Idol","damage_taken":0,"relics_obtained":["Bloody Idol"],"max_hp_gain":0,"max_hp_loss":0,"event_name":"Forgotten Altar","floor":27,"relics_lost":["Golden Idol"],"gold_loss":0},{"damage_healed":0,"gold_gain":0,"player_choice":"Paid Gold","damage_taken":0,"relics_obtained":["Toxic Egg 2"],"max_hp_gain":0,"max_hp_loss":0,"event_name":"WeMeetAgain","floor":37,"gold_loss":66},{"damage_healed":0,"gold_gain":0,"player_choice":"Fight","damage_taken":0,"max_hp_gain":0,"max_hp_loss":0,"event_name":"Mysterious Sphere","floor":39,"gold_loss":0},{"damage_healed":0,"gold_gain":0,"player_choice":"Fight","damage_taken":0,"max_hp_gain":0,"max_hp_loss":0,"event_name":"MindBloom","floor":41,"gold_loss":0}],"is_beta":false,"boss_relics":[{"not_picked":["White Beast Statue","Philosopher\u0027s Stone"],"picked":"Snecko Eye"},{"not_picked":["Mark of Pain","Busted Crown","Runic Pyramid"]}],"items_purged_floors":[21,30,36],"is_endless":false,"potions_floor_spawned":[1,2,14,20,31,33,39,41,46,47],"killed_by":"Awakened One","ascension_level":20}