{"gold_per_floor":[210,285,301,315,315,315,0,0,0,10,24,56,56,84,84,84],"floor_reached":16,"playtime":855,"items_purged":[],"score":270,"play_id":"92a9d82d-0e91-4d05-8a30-e9a809f9dc76","local_time":"20181116093525","is_ascension_mode":true,"campfire_choices":[{"data":"Bash","floor":6,"key":"SMITH"},{"data":"Shockwave","floor":13,"key":"SMITH"},{"data":"Feel No Pain","floor":15,"key":"SMITH"}],"neow_cost":"NONE","seed_source_timestamp":137325564856908,"circlet_count":0,"master_deck":["AscendersBane","Strike_R","Strike_R","Strike_R","Strike_R","Strike_R","Defend_R","Defend_R+1","Defend_R+1","Defend_R","Bash+1","Spot Weakness","Sword Boomerang","Evolve","Feel No Pain+1","Shockwave+1","Battle Trance","Shrug It Off"],"relics":["Burning Blood","Thread and Needle","Happy Flower","War Paint","Molten Egg 2"],"potions_floor_usage":[16],"damage_taken":[{"damage":5,"enemies":"Small Slimes","floor":1,"turns":4},{"damage":5,"enemies":"2 Louse","floor":3,"turns":3},{"damage":2,"enemies":"Cultist","floor":4,"turns":4},{"damage":2,"enemies":"Looter","floor":10,"turns":3},{"damage":0,"enemies":"2 Fungi Beasts","floor":11,"turns":4},{"damage":7,"enemies":"Gremlin Nob","floor":12,"turns":3},{"damage":0,"enemies":"3 Sentries","floor":14,"turns":6},{"damage":74,"enemies":"Slime Boss","floor":16,"turns":12}],"seed_played":"3448717994378071472","potions_obtained":[{"floor":3,"key":"FearPotion"},{"floor":10,"key":"SmokeBomb"}],"is_trial":false,"path_per_floor":["M","?","M","M","?","R","$","?","T","M","M","E","R","E","R","B"],"character_chosen":"IRONCLAD","items_purchased":["Thread and Needle"],"campfire_rested":0,"item_purchase_floors":[7],"current_hp_per_floor":[69,58,59,63,68,68,68,50,50,54,60,59,59,65,65,0],"gold":84,"neow_bonus":"HUNDRED_GOLD","is_prod":false,"is_daily":false,"chose_seed":false,"campfire_upgraded":3,"win_rate":0,"timestamp":1542378925,"path_taken":["M","?","M","M","?","R","$","?","T","M","M","E","R","E","R","BOSS"],"build_version":"2018-11-15","purchased_purges":0,"victory":false,"max_hp_per_floor":[75,75,75,75,80,80,80,80,80,80,80,80,80,80,80,80],"card_choices":[{"not_picked":["Sword Boomerang","Perfected Strike"],"picked":"Spot Weakness","floor":1},{"not_picked":["True Grit","Hemokinesis"],"picked":"Sword Boomerang","floor":3},{"not_picked":["Anger","Heavy Blade"],"picked":"Evolve","floor":4},{"not_picked":["Power Through","Shrug It Off"],"picked":"Feel No Pain","floor":10},{"not_picked":["Cleave","Headbutt"],"picked":"Shockwave","floor":11},{"not_picked":["Thunderclap","Metallicize"],"picked":"Battle Trance","floor":12},{"not_picked":["Cleave","Evolve"],"picked":"Shrug It Off","floor":14}],"player_experience":969178,"relics_obtained":[{"floor":12,"key":"War Paint"},{"floor":14,"key":"Molten Egg 2"}],"event_choices":[{"damage_healed":0,"gold_gain":75,"player_choice":"Gather Gold","damage_taken":11,"max_hp_gain":0,"max_hp_loss":0,"event_name":"World of Goop","floor":2,"gold_loss":0},{"damage_healed":0,"gold_gain":0,"player_choice":"Donut","damage_taken":0,"max_hp_gain":5,"max_hp_loss":0,"event_name":"Big Fish","floor":5,"gold_loss":0},{"damage_healed":0,"gold_gain":0,"player_choice":"Success","damage_taken":18,"relics_obtained":["Happy Flower"],"max_hp_gain":0,"max_hp_loss":0,"event_name":"Scrap Ooze","floor":8,"gold_loss":0}],"is_beta":true,"boss_relics":[],"items_purged_floors":[],"is_endless":false,"potions_floor_spawned":[3,10],"killed_by":"Slime Boss","ascension_level":20}