{"gold_per_floor":[114,37,37,57,69,69,88,99,99,114,139,156,170,180,180,275,275,292,216,216,206,136,136,168,168],"floor_reached":25,"playtime":1865,"items_purged":[],"score":227,"play_id":"9d2443ed-26dc-4d87-9e14-0f846e547a39","local_time":"20190326111933","is_ascension_mode":false,"campfire_choices":[{"data":"Noxious Fumes","floor":6.0,"key":"SMITH"},{"floor":15.0,"key":"REST"},{"floor":23.0,"key":"REST"}],"neow_cost":"NONE","seed_source_timestamp":0,"circlet_count":0,"master_deck":["Defend_G","Defend_G","Defend_G","Defend_G","Defend_G","Strike_G","Strike_G","Strike_G","Strike_G","Strike_G","Survivor","Neutralize","Deadly Poison","Noxious Fumes+1","Flying Knee","Blade Dance","Well Laid Plans","Eviscerate","Calculated Gamble","Acrobatics","Infinite Blades","Backflip","Blur","A Thousand Cuts","Caltrops","Endless Agony","Enlightenment","Leg Sweep","Poisoned Stab+1"],"special_seed":0,"relics":["Ring of the Snake","NeowsBlessing","Bottled Tornado","Oddly Smooth Stone","WristBlade","Bird Faced Urn"],"potions_floor_usage":[],"damage_taken":[{"damage":0.0,"enemies":"Cultist","floor":1.0,"turns":1.0},{"damage":0.0,"enemies":"Small Slimes","floor":4.0,"turns":1.0},{"damage":0.0,"enemies":"2 Louse","floor":5.0,"turns":1.0},{"damage":0.0,"enemies":"Looter","floor":7.0,"turns":4.0},{"damage":4.0,"enemies":"2 Fungi Beasts","floor":8.0,"turns":3.0},{"damage":0.0,"enemies":"Large Slime","floor":10.0,"turns":5.0},{"damage":28.0,"enemies":"3 Sentries","floor":11.0,"turns":6.0},{"damage":8.0,"enemies":"Exordium Wildlife","floor":12.0,"turns":3.0},{"damage":7.0,"enemies":"Red Slaver","floor":13.0,"turns":4.0},{"damage":17.0,"enemies":"Exordium Thugs","floor":14.0,"turns":5.0},{"damage":9.0,"enemies":"Slime Boss","floor":16.0,"turns":8.0},{"damage":4.0,"enemies":"Shell Parasite","floor":18.0,"turns":5.0},{"damage":22.0,"enemies":"2 Thieves","floor":21.0,"turns":4.0},{"damage":47,"enemies":"Book of Stabbing","floor":24,"turns":10},{"damage":9,"enemies":"Snake Plant","floor":25,"turns":1}],"seed_played":"1343614000716743152","potions_obtained":[{"floor":4.0,"key":"GamblersBrew"},{"floor":5.0,"key":"Energy Potion"},{"floor":8.0,"key":"SteroidPotion"},{"floor":10.0,"key":"Explosive Potion"},{"floor":12.0,"key":"Fire Potion"},{"floor":14.0,"key":"Explosive Potion"},{"floor":24,"key":"AttackPotion"}],"is_trial":false,"path_per_floor":["M","$","?","M","M","R","M","M","T","M","E","M","M","M","R","B",null,"M","$","?","M","$","R","E","M"],"character_chosen":"THE_SILENT","items_purchased":["Noxious Fumes","Endless Agony","Leg Sweep"],"campfire_rested":2,"item_purchase_floors":[2,19,22],"current_hp_per_floor":[70,70,70,70,70,70,70,66,66,66,38,30,23,6,27,18,70,66,66,52,30,30,51,4,0],"gold":168,"neow_bonus":"THREE_ENEMY_KILL","is_prod":false,"is_daily":false,"chose_seed":false,"campfire_upgraded":1,"win_rate":0.0,"timestamp":1553613573,"path_taken":["M","$","?","M","M","R","M","M","T","M","E","M","M","?","R","BOSS","M","$","?","?","$","R","E","M"],"build_version":"2019-01-23","purchased_purges":0,"victory":false,"max_hp_per_floor":[70,70,70,70,70,70,70,70,70,70,70,70,70,70,70,70,70,70,70,70,70,70,70,70,70],"card_choices":[{"not_picked":["Outmaneuver","Deflect"],"picked":"Deadly Poison","floor":1.0},{"not_picked":["Calculated Gamble","Accuracy"],"picked":"Flying Knee","floor":4.0},{"not_picked":["Flying Knee","Quick Slash"],"picked":"Blade Dance","floor":5.0},{"not_picked":["Blade Dance","Dodge and Roll"],"picked":"Well Laid Plans","floor":7.0},{"not_picked":["Underhanded Strike","Prepared"],"picked":"Eviscerate","floor":8.0},{"not_picked":["Sucker Punch","Venomology"],"picked":"Calculated Gamble","floor":10.0},{"not_picked":["Footwork","Heel Hook"],"picked":"Acrobatics","floor":11.0},{"not_picked":["Choke","Acrobatics"],"picked":"Infinite Blades","floor":12.0},{"not_picked":["Calculated Gamble","Dagger Throw"],"picked":"Backflip","floor":13.0},{"not_picked":["Outmaneuver","Underhanded Strike"],"picked":"Blur","floor":14.0},{"not_picked":["After Image","Wraith Form v2"],"picked":"A Thousand Cuts","floor":16.0},{"not_picked":["Poisoned Stab","Dagger Spray"],"picked":"Caltrops","floor":18.0},{"not_picked":["Flechettes","Infinite Blades","Blade Dance"],"picked":"SKIP","floor":21.0},{"not_picked":["Blade Dance+1","Slice"],"picked":"Poisoned Stab+1","floor":24}],"player_experience":35061,"relics_obtained":[{"floor":9.0,"key":"Bottled Tornado"},{"floor":11.0,"key":"Oddly Smooth Stone"},{"floor":24,"key":"Bird Faced Urn"}],"event_choices":[{"damage_healed":0.0,"max_hp_gain":0.0,"max_hp_loss":0.0,"gold_gain":0.0,"event_name":"Purifier","player_choice":"Ignored","floor":3.0,"gold_loss":0.0,"damage_taken":0.0},{"damage_healed":0.0,"max_hp_gain":0.0,"max_hp_loss":0.0,"gold_gain":0.0,"event_name":"Knowing Skull","player_choice":"CARD ","floor":20.0,"potions_obtained":[],"gold_loss":0.0,"damage_taken":14.0,"cards_obtained":["Enlightenment"]}],"is_beta":false,"boss_relics":[{"not_picked":["Runic Pyramid","Philosopher\u0027s Stone"],"picked":"WristBlade"}],"items_purged_floors":[],"is_endless":false,"potions_floor_spawned":[4,5,8,10,12,14,24],"killed_by":"Snake Plant","ascension_level":0}