{"gold_per_floor":[117,81,108,108,121,154,154,182,229,254,55,73,73,88,88,187,187,202,162,181,195,214,214,239,0,0,0,17,50,30,44,44,44],"floor_reached":33,"playtime":1019,"items_purged":[],"score":412,"play_id":"fed9a8e0-a52c-45ac-aa5c-2aa9bb67e1f1","local_time":"20190129225213","is_ascension_mode":true,"campfire_choices":[{"data":"Perfected Strike","floor":7,"key":"SMITH"},{"data":"Feed","floor":15,"key":"SMITH"},{"floor":23,"key":"REST"},{"floor":27,"key":"REST"},{"floor":32,"key":"REST"}],"neow_cost":"NONE","seed_source_timestamp":607596267727890,"circlet_count":0,"master_deck":["Strike_R+1","Strike_R","Strike_R+1","Strike_R","Strike_R","Defend_R","Defend_R","Defend_R","Defend_R","Bash","Perfected Strike+1","Corruption","Headbutt","Cleave","Feed+1","Sword Boomerang","Wild Strike+1","Anger","Reaper+1","Anger+1","Bloodletting+1","Havoc+1","Warcry+1","True Grit","Wild Strike","Evolve+1","Thunderclap+1","Iron Wave","Armaments","Battle Trance","Dropkick+1"],"relics":["Black Blood","Smiling Mask","Happy Flower","Incense Burner","Dream Catcher","Sundial","Pen Nib","Potion Belt","Lee\u0027s Waffle","The Courier","Whetstone"],"potions_floor_usage":[10,10,14,16,21,24,31,33],"damage_taken":[{"damage":1,"enemies":"Cultist","floor":1,"turns":3},{"damage":7,"enemies":"Small Slimes","floor":5,"turns":3},{"damage":31,"enemies":"3 Sentries","floor":6,"turns":12},{"damage":16,"enemies":"Gremlin Nob","floor":8,"turns":4},{"damage":35,"enemies":"Lagavulin","floor":10,"turns":4},{"damage":6,"enemies":"Jaw Worm","floor":12,"turns":5},{"damage":12,"enemies":"Exordium Wildlife","floor":14,"turns":2},{"damage":40,"enemies":"The Guardian","floor":16,"turns":9},{"damage":25,"enemies":"Chosen","floor":18,"turns":5},{"damage":11,"enemies":"Spheric Guardian","floor":20,"turns":3},{"damage":0,"enemies":"Cultist and Chosen","floor":21,"turns":4},{"damage":41,"enemies":"Snake Plant","floor":22,"turns":3},{"damage":76,"enemies":"Slavers","floor":24,"turns":8},{"damage":18,"enemies":"Centurion and Healer","floor":28,"turns":5},{"damage":44,"enemies":"Gremlin Leader","floor":29,"turns":6},{"damage":11,"enemies":"Snecko","floor":31,"turns":4},{"damage":72,"enemies":"Automaton","floor":33,"turns":6}],"seed_played":"-1694217139856668421","potions_obtained":[{"floor":1,"key":"Poison Potion"},{"floor":8,"key":"Poison Potion"},{"floor":10,"key":"FearPotion"},{"floor":12,"key":"Energy Potion"},{"floor":20,"key":"Strength Potion"},{"floor":22,"key":"Block Potion"},{"floor":29,"key":"SteroidPotion"},{"floor":31,"key":"Block Potion"}],"is_trial":false,"path_per_floor":["M","$","T","?","M","E","R","E","T","E","$","M","?","M","R","B",null,"M","?","M","M","M","R","E","?","T","R","M","E","$","M","R","B"],"character_chosen":"IRONCLAD","items_purchased":["Corruption","Lee\u0027s Waffle","Armaments"],"campfire_rested":3,"item_purchase_floors":[2,11,30],"current_hp_per_floor":[77,77,77,74,73,48,48,38,38,9,87,90,90,84,84,50,80,65,65,64,90,59,86,28,28,28,56,52,26,26,25,53,0],"gold":44,"neow_bonus":"RANDOM_COMMON_RELIC","is_prod":false,"is_daily":false,"chose_seed":false,"campfire_upgraded":2,"win_rate":0,"timestamp":1548813133,"path_taken":["M","?","?","?","M","E","R","E","T","E","$","M","?","?","R","BOSS","M","?","?","M","M","R","E","?","T","R","M","E","?","?","R","BOSS"],"build_version":"2019-01-23","purchased_purges":0,"victory":false,"max_hp_per_floor":[80,80,80,80,80,80,80,80,80,80,87,90,90,90,90,90,90,90,90,90,90,90,90,94,94,94,94,94,94,94,94,94,94],"card_choices":[{"not_picked":["Flame Barrier","Twin Strike"],"picked":"Perfected Strike","floor":1},{"not_picked":["Warcry","Searing Blow"],"picked":"Headbutt","floor":5},{"not_picked":["Pummel","Brutality"],"picked":"Cleave","floor":6},{"not_picked":["Warcry","Clothesline"],"picked":"Feed","floor":8},{"not_picked":["Havoc","Dropkick"],"picked":"Sword Boomerang","floor":10},{"not_picked":["Body Slam","Feel No Pain"],"picked":"Wild Strike","floor":12},{"not_picked":["Warcry","Power Through"],"picked":"Anger","floor":14},{"not_picked":["Brutality","Berserk"],"picked":"Reaper","floor":16},{"not_picked":["Clothesline","Dual Wield"],"picked":"Anger+1","floor":18},{"not_picked":["Pommel Strike","Warcry"],"picked":"Bloodletting+1","floor":20},{"not_picked":["Spot Weakness","Sword Boomerang"],"picked":"Havoc+1","floor":21},{"not_picked":["Hemokinesis+1","Brutality"],"picked":"Warcry+1","floor":22},{"not_picked":["Pommel Strike","Sword Boomerang"],"picked":"True Grit","floor":23},{"not_picked":["Dropkick+1","Ghostly Armor"],"picked":"Wild Strike","floor":24},{"not_picked":["Intimidate","Heavy Blade+1"],"picked":"Evolve+1","floor":27},{"not_picked":["Iron Wave","Armaments"],"picked":"Thunderclap+1","floor":28},{"not_picked":["Clash","Bloodletting"],"picked":"Iron Wave","floor":29},{"not_picked":["Evolve","Twin Strike"],"picked":"Battle Trance","floor":31},{"not_picked":["Wild Strike+1","Fiend Fire"],"picked":"Dropkick+1","floor":32}],"player_experience":683465,"relics_obtained":[{"floor":3,"key":"Happy Flower"},{"floor":6,"key":"Dream Catcher"},{"floor":8,"key":"Sundial"},{"floor":9,"key":"Pen Nib"},{"floor":10,"key":"Potion Belt"},{"floor":24,"key":"The Courier"},{"floor":29,"key":"Whetstone"}],"event_choices":[{"damage_healed":0,"gold_gain":0,"player_choice":"Success","damage_taken":3,"relics_obtained":["Incense Burner"],"max_hp_gain":0,"max_hp_loss":0,"event_name":"Scrap Ooze","floor":4,"gold_loss":0},{"damage_healed":0,"gold_gain":0,"player_choice":"Leave","damage_taken":0,"max_hp_gain":0,"max_hp_loss":0,"event_name":"The Cleric","floor":13,"gold_loss":0},{"damage_healed":0,"gold_gain":0,"player_choice":"Upgraded Two","damage_taken":0,"max_hp_gain":0,"max_hp_loss":0,"event_name":"Designer","floor":19,"gold_loss":40,"cards_upgraded":["Strike_R","Strike_R"]},{"damage_healed":0,"gold_gain":0,"player_choice":"Paid Fearfully","damage_taken":0,"max_hp_gain":0,"max_hp_loss":0,"event_name":"Masked Bandits","floor":25,"gold_loss":239}],"is_beta":false,"boss_relics":[{"not_picked":["Fusion Hammer","Snecko Eye"],"picked":"Black Blood"}],"items_purged_floors":[],"is_endless":false,"potions_floor_spawned":[1,8,10,12,20,22,29,31],"killed_by":"Automaton","ascension_level":7}