{"gold_per_floor":[116,116,127,127,35,35,109,109,184,184,184,39,64,42,42,170,170,193,193,234,250,4,4,45,45,97,113,113,113],"floor_reached":29,"playtime":745,"items_purged":["Regret"],"score":341,"play_id":"b996c770-2a35-4d41-b312-93c2ee145a58","local_time":"20190131191502","is_ascension_mode":true,"campfire_choices":[{"data":"Cloak And Dagger","floor":6,"key":"SMITH"},{"floor":8,"key":"REST"},{"data":"Cloak And Dagger","floor":10,"key":"SMITH"},{"data":"Noxious Fumes","floor":15,"key":"SMITH"},{"data":"Apotheosis","floor":23,"key":"SMITH"},{"data":"Accuracy","floor":25,"key":"SMITH"}],"neow_cost":"NONE","seed_source_timestamp":152835646105025,"circlet_count":0,"master_deck":["Defend_G","Defend_G","Defend_G","Defend_G","Defend_G","Strike_G","Strike_G","Strike_G","Strike_G","Survivor","Neutralize","Slice","Backstab+1","Cloak And Dagger+1","Cloak And Dagger+1","Caltrops","PiercingWail","Noxious Fumes+1","Blade Dance","Deflect","Glass Knife","Dash","Acrobatics+1","Blur","Apotheosis+1","Accuracy+1","Noxious Fumes","Blur","Footwork"],"relics":["Ring of the Snake","Golden Idol","Tiny Chest","Gremlin Horn","Omamori","WristBlade","MutagenicStrength","Red Mask","Bottled Tornado"],"potions_floor_usage":[7,24,24,27],"damage_taken":[{"damage":3,"enemies":"2 Louse","floor":1,"turns":3},{"damage":0,"enemies":"Cultist","floor":3,"turns":2},{"damage":26,"enemies":"Lagavulin","floor":7,"turns":6},{"damage":0,"enemies":"Small Slimes","floor":13,"turns":2},{"damage":19,"enemies":"Hexaghost","floor":16,"turns":9},{"damage":12,"enemies":"3 Byrds","floor":18,"turns":4},{"damage":3,"enemies":"Masked Bandits","floor":20,"turns":3},{"damage":6,"enemies":"2 Thieves","floor":21,"turns":3},{"damage":0,"enemies":"Gremlin Leader","floor":24,"turns":6},{"damage":12,"enemies":"Centurion and Healer","floor":27,"turns":5},{"damage":34,"enemies":"Book of Stabbing","floor":29,"turns":4}],"seed_played":"8828739570431644850","potions_obtained":[{"floor":1,"key":"SteroidPotion"},{"floor":18,"key":"Weak Potion"},{"floor":20,"key":"Dexterity Potion"},{"floor":24,"key":"GamblersBrew"}],"is_trial":false,"path_per_floor":["M","?","M","?","$","R","E","R","T","R","?","$","M","$","R","B",null,"M","?","?","M","$","R","E","R","T","M","?","E"],"character_chosen":"THE_SILENT","items_purchased":["Cloak And Dagger","Caltrops","Noxious Fumes","Deflect","Apotheosis","Accuracy"],"campfire_rested":1,"item_purchase_floors":[5,5,12,14,22,22],"current_hp_per_floor":[60,60,60,43,43,43,17,38,38,38,38,38,38,38,38,19,57,45,45,42,36,36,36,36,36,36,24,24,0],"gold":113,"neow_bonus":"THREE_CARDS","is_prod":false,"is_daily":false,"chose_seed":false,"campfire_upgraded":5,"win_rate":0,"timestamp":1548972902,"path_taken":["M","?","?","?","$","R","E","R","T","R","?","$","M","$","R","BOSS","M","?","?","M","?","R","E","R","T","?","?","E"],"build_version":"2019-01-23","purchased_purges":1,"victory":false,"max_hp_per_floor":[70,70,70,70,70,70,70,70,70,70,70,70,70,70,70,70,70,70,70,70,70,70,70,70,70,70,70,70,70],"card_choices":[{"not_picked":["Quick Slash","Escape Plan"],"picked":"Slice","floor":0},{"not_picked":["Dagger Spray","Infinite Blades"],"picked":"Backstab","floor":1},{"not_picked":["Flying Knee","Distraction"],"picked":"Cloak And Dagger","floor":3},{"not_picked":["Sucker Punch","Flechettes"],"picked":"PiercingWail","floor":7},{"not_picked":["Acrobatics","Riddle With Holes"],"picked":"Blade Dance","floor":13},{"not_picked":["Venomology","Malaise"],"picked":"Glass Knife","floor":16},{"not_picked":["Acrobatics","Quick Slash"],"picked":"Dash","floor":18},{"not_picked":["Concentrate","Bane+1"],"picked":"Acrobatics+1","floor":20},{"not_picked":["Flying Knee","Deadly Poison"],"picked":"Blur","floor":21},{"not_picked":["Slice","Bane"],"picked":"Noxious Fumes","floor":24},{"not_picked":["Bouncing Flask","Endless Agony"],"picked":"Blur","floor":27}],"player_experience":698164,"relics_obtained":[{"floor":7,"key":"Tiny Chest"},{"floor":9,"key":"Gremlin Horn"},{"floor":20,"key":"Red Mask"},{"floor":24,"key":"Bottled Tornado"}],"event_choices":[{"damage_healed":0,"gold_gain":0,"player_choice":"Upgraded","damage_taken":0,"max_hp_gain":0,"max_hp_loss":0,"event_name":"Upgrade Shrine","floor":2,"gold_loss":0,"cards_upgraded":["Backstab"]},{"damage_healed":0,"gold_gain":0,"player_choice":"Take Damage","damage_taken":17,"relics_obtained":["Golden Idol"],"max_hp_gain":0,"max_hp_loss":0,"event_name":"Golden Idol","floor":4,"gold_loss":0},{"damage_healed":0,"gold_gain":0,"player_choice":"Box","damage_taken":0,"relics_obtained":["Omamori"],"max_hp_gain":0,"max_hp_loss":0,"event_name":"Big Fish","floor":11,"gold_loss":0,"cards_obtained":["Regret"]},{"damage_healed":0,"gold_gain":0,"player_choice":"Inject Mutagens","damage_taken":0,"relics_obtained":["MutagenicStrength"],"max_hp_gain":0,"max_hp_loss":0,"event_name":"Drug Dealer","floor":19,"gold_loss":0},{"damage_healed":0,"gold_gain":0,"player_choice":"Fought Bandits","damage_taken":0,"max_hp_gain":0,"max_hp_loss":0,"event_name":"Masked Bandits","floor":20,"gold_loss":0},{"damage_healed":0,"gold_gain":0,"cards_transformed":["Strike_G"],"player_choice":"Transformed","damage_taken":0,"max_hp_gain":0,"max_hp_loss":0,"event_name":"Transmorgrifier","floor":28,"gold_loss":0,"cards_obtained":["Footwork"]}],"is_beta":false,"boss_relics":[{"not_picked":["White Beast Statue","Lizard Tail"],"picked":"WristBlade"}],"items_purged_floors":[12],"is_endless":false,"potions_floor_spawned":[1,18,20,24],"killed_by":"Book of Stabbing","ascension_level":6}