{"gold_per_floor":[113,126,12,26,39,39,52,78,104,104,104,114,114,46,46,147,147,167,182,281,89,89,108,108,140,165,165,165,165,165,175,175,272,272,288,302,228,228],"floor_reached":38,"playtime":1412,"items_purged":[],"score":473,"play_id":"b37b8922-297d-4898-b0f9-974237d113c1","local_time":"20181229202119","is_ascension_mode":true,"campfire_choices":[{"floor":6,"key":"REST"},{"floor":13,"key":"REST"},{"floor":15,"key":"REST"},{"data":"Apotheosis","floor":24,"key":"SMITH"},{"floor":27,"key":"REST"},{"floor":30,"key":"REST"},{"floor":32,"key":"REST"}],"neow_cost":"NONE","seed_source_timestamp":690048995460100,"circlet_count":0,"master_deck":["Survivor","Neutralize+1","Noxious Fumes","Dagger Spray","Footwork","Deadly Poison","Flying Knee","Deadly Poison","Deadly Poison","Cloak And Dagger","PiercingWail","Noxious Fumes","Doppelganger","Acrobatics","Well Laid Plans","Apotheosis+1","Concentrate+1","Well Laid Plans","Deflect+1","Envenom","Eviscerate","PiercingWail","All Out Attack","Noxious Fumes","A Thousand Cuts","Footwork","Leg Sweep","Malaise","Slice","Bullet Time","Quick Slash+1","Escape Plan+1","Calculated Gamble"],"relics":["Ring of the Snake","Whetstone","Snake Skull","Matryoshka","Philosopher\u0027s Stone","Regal Pillow","Potion Belt","Lantern","Nilry\u0027s Codex","Pandora\u0027s Box"],"potions_floor_usage":[5,7,25,25,33,38],"damage_taken":[{"damage":9,"enemies":"Cultist","floor":1,"turns":5},{"damage":1,"enemies":"Small Slimes","floor":2,"turns":4},{"damage":5,"enemies":"Jaw Worm","floor":4,"turns":4},{"damage":22,"enemies":"Gremlin Gang","floor":5,"turns":3},{"damage":0,"enemies":"Red Slaver","floor":7,"turns":3},{"damage":22,"enemies":"3 Sentries","floor":8,"turns":6},{"damage":16,"enemies":"2 Fungi Beasts","floor":12,"turns":3},{"damage":16,"enemies":"The Guardian","floor":16,"turns":8},{"damage":2,"enemies":"Chosen","floor":18,"turns":5},{"damage":9,"enemies":"Spheric Guardian","floor":19,"turns":4},{"damage":18,"enemies":"Snecko","floor":23,"turns":4},{"damage":40,"enemies":"Book of Stabbing","floor":25,"turns":7},{"damage":30,"enemies":"Centurion and Healer","floor":31,"turns":5},{"damage":60,"enemies":"Champ","floor":33,"turns":13},{"damage":8,"enemies":"3 Darklings","floor":35,"turns":3},{"damage":50,"enemies":"3 Shapes","floor":36,"turns":4},{"damage":12,"enemies":"3 Darklings","floor":38,"turns":2}],"seed_played":"8716225069799003061","potions_obtained":[{"floor":2,"key":"Fire Potion"},{"floor":4,"key":"Explosive Potion"},{"floor":8,"key":"GamblersBrew"},{"floor":18,"key":"SteroidPotion"},{"floor":25,"key":"Ancient Potion"},{"floor":33,"key":"Poison Potion"}],"is_trial":false,"path_per_floor":["M","M","$","M","M","R","M","E","T","?","T","M","R","$","R","B",null,"M","M","?","$","?","M","R","E","T","R","?","?","R","M","R","B",null,"M","M","$","M"],"character_chosen":"THE_SILENT","items_purchased":["Footwork","Deadly Poison","Noxious Fumes","Apotheosis","Calculated Gamble"],"campfire_rested":6,"item_purchase_floors":[3,3,14,21,37],"current_hp_per_floor":[61,60,60,55,33,54,54,32,32,32,32,16,37,37,58,42,70,68,59,59,59,59,41,41,1,1,37,21,21,57,27,63,3,70,62,12,12,0],"gold":228,"neow_bonus":"UPGRADE_CARD","is_prod":false,"is_daily":false,"chose_seed":false,"campfire_upgraded":1,"win_rate":0,"timestamp":1546125679,"path_taken":["M","M","?","M","M","R","M","E","T","?","?","?","R","?","R","BOSS","M","M","?","$","?","M","R","E","T","R","?","?","R","M","R","BOSS","M","M","$","M"],"build_version":"2018-12-20","purchased_purges":0,"victory":false,"max_hp_per_floor":[70,70,70,70,70,70,70,70,70,70,70,70,70,70,70,70,70,70,70,70,70,70,70,70,70,70,70,70,70,70,70,70,70,70,70,70,70,70],"card_choices":[{"not_picked":["Blade Dance","Outmaneuver"],"picked":"Noxious Fumes","floor":1},{"not_picked":["Sucker Punch","Acrobatics"],"picked":"Dagger Spray","floor":2},{"not_picked":["Reflex","Acrobatics"],"picked":"Flying Knee","floor":4},{"not_picked":["Deflect","Cloak And Dagger"],"picked":"Deadly Poison","floor":5},{"not_picked":["Blur","Dagger Throw"],"picked":"Deadly Poison","floor":7},{"not_picked":["Sucker Punch","Skewer"],"picked":"Cloak And Dagger","floor":8},{"not_picked":["Prepared","Sucker Punch"],"picked":"PiercingWail","floor":12},{"not_picked":["Glass Knife","Night Terror"],"picked":"Doppelganger","floor":16},{"not_picked":["Slice+1","Quick Slash"],"picked":"Acrobatics","floor":18},{"not_picked":["Skewer","Slice"],"picked":"Well Laid Plans","floor":19},{"not_picked":["Accuracy","Flying Knee"],"picked":"Concentrate+1","floor":23},{"not_picked":["Calculated Gamble","Deflect"],"picked":"Well Laid Plans","floor":25},{"not_picked":["Deadly Poison","Predator"],"picked":"Deflect+1","floor":31},{"not_picked":["A Thousand Cuts","Malaise"],"picked":"Envenom","floor":33},{"not_picked":["Prepared","Expertise+1"],"picked":"Quick Slash+1","floor":35},{"not_picked":["Skewer","Slice+1"],"picked":"Escape Plan+1","floor":36}],"player_experience":562546,"relics_obtained":[{"floor":8,"key":"Whetstone"},{"floor":9,"key":"Snake Skull"},{"floor":11,"key":"Matryoshka"},{"floor":25,"key":"Regal Pillow"},{"floor":26,"key":"Potion Belt"},{"floor":26,"key":"Lantern"},{"floor":28,"key":"Nilry\u0027s Codex"}],"event_choices":[{"damage_healed":0,"gold_gain":0,"player_choice":"Ignored","damage_taken":0,"max_hp_gain":0,"max_hp_loss":0,"event_name":"Golden Idol","floor":10,"gold_loss":0},{"damage_healed":0,"gold_gain":99,"player_choice":"Stole From Cult","damage_taken":0,"max_hp_gain":0,"max_hp_loss":0,"event_name":"Nest","floor":20,"gold_loss":0},{"damage_healed":0,"gold_gain":0,"player_choice":"Simplicity","damage_taken":0,"max_hp_gain":0,"max_hp_loss":0,"event_name":"Back to Basics","floor":22,"gold_loss":0,"cards_upgraded":["Defend_G","Defend_G","Defend_G","Defend_G","Defend_G","Strike_G","Strike_G","Strike_G"]},{"damage_healed":0,"gold_gain":0,"player_choice":"Obtained Book","damage_taken":16,"max_hp_gain":0,"max_hp_loss":0,"event_name":"Cursed Tome","floor":28,"gold_loss":0},{"damage_healed":0,"gold_gain":0,"player_choice":"Ignored","damage_taken":0,"max_hp_gain":0,"max_hp_loss":0,"event_name":"Purifier","floor":29,"gold_loss":0}],"is_beta":false,"boss_relics":[{"not_picked":["Orrery","Fusion Hammer"],"picked":"Philosopher\u0027s Stone"},{"not_picked":["Cursed Key","Tiny House"],"picked":"Pandora\u0027s Box"}],"items_purged_floors":[],"is_endless":false,"potions_floor_spawned":[2,4,8,18,25,33],"killed_by":"3 Darklings","ascension_level":4}