{"gold_per_floor":[118,118,136,136,147,147,70,82,161,161,161,175,205,224,224,319,319,316,572,572,572,591,591],"floor_reached":23,"playtime":1311,"items_purged":[],"score":241,"play_id":"94190ab9-1499-45f4-a361-a008b6d4696a","local_time":"20190506163843","is_ascension_mode":false,"campfire_choices":[{"data":"Venomology","floor":6,"key":"SMITH"},{"data":"Finisher","floor":11,"key":"SMITH"},{"floor":15,"key":"REST"}],"neow_cost":"TEN_PERCENT_HP_LOSS","seed_source_timestamp":2169458463318784,"circlet_count":0,"master_deck":["Defend_G","Defend_G","Defend_G","Defend_G","Defend_G","Strike_G","Strike_G","Strike_G","Strike_G","Strike_G","Survivor","Neutralize","Venomology+1","Quick Slash","Sucker Punch","Finisher+1","Well Laid Plans","Leg Sweep","Toxin Wave","Phantasmal Killer","Die Die Die","Calculated Gamble"],"relics":["Ring of the Snake","Question Card","vexMod:DeviousBotling","Onion Ring","GremlinMask","trackpad:BottledTsunami","trackpad:PocketGalaxy","infinitespire:Eraser","vexMod:ThirteenHourStone","hubris:BottledHeart"],"potions_floor_usage":[8,8,13,13,14,14,14,16,16,16,16,18,19,19,19,19,19,19,22,22,22,22,23,23],"damage_taken":[{"damage":0,"enemies":"2 Louse","floor":1,"turns":3},{"damage":3,"enemies":"Jaw Worm","floor":3,"turns":6},{"damage":9,"enemies":"Small Slimes","floor":5,"turns":3},{"damage":0,"enemies":"Red Slaver","floor":8,"turns":1},{"damage":9,"enemies":"Exordium Thugs","floor":12,"turns":4},{"damage":10,"enemies":"3 Sentries","floor":13,"turns":5},{"damage":0,"enemies":"3 Louse","floor":14,"turns":1},{"damage":1,"enemies":"Slime Boss","floor":16,"turns":8},{"damage":0,"enemies":"Chosen","floor":18,"turns":6},{"damage":13,"enemies":"Colosseum Slavers","floor":19,"turns":3},{"damage":9,"enemies":"Colosseum Nobs","floor":19,"turns":4},{"damage":0,"enemies":"2 Thieves","floor":22,"turns":3},{"damage":2,"enemies":"Book of Stabbing","floor":23,"turns":2}],"seed_played":"3470929229097293644","potions_obtained":[{"floor":5,"key":"Adrenaline Potion"},{"floor":12,"key":"SkillPotion"},{"floor":13,"key":"Poison Potion"},{"floor":19,"key":"Block Potion"}],"is_trial":false,"path_per_floor":["M","?","M","T","M","R","$","M","T","?","R","M","E","M","R","B",null,"M","?","?","?","M","E"],"character_chosen":"THE_SILENT","items_purchased":["Well Laid Plans"],"campfire_rested":1,"item_purchase_floors":[7],"current_hp_per_floor":[63,63,60,60,51,51,51,51,51,51,51,42,32,32,50,49,63,63,41,1,1,1,0],"gold":591,"neow_bonus":"THREE_RARE_CARDS","is_prod":false,"is_daily":false,"chose_seed":false,"campfire_upgraded":2,"win_rate":0,"timestamp":1557171523,"path_taken":["M","?","M","?","M","R","?","M","T","?","R","?","E","M","R","BOSS","M","?","?","?","M","E"],"build_version":"2019-01-23","purchased_purges":0,"victory":false,"max_hp_per_floor":[63,63,63,63,63,63,63,63,63,63,63,63,63,63,63,63,63,63,63,1,1,1,1],"card_choices":[{"not_picked":["ReplayTheSpireMod:From All Sides","Atom Bomb"],"picked":"Venomology","floor":0},{"not_picked":["vexMod:VenomSigh","Underhanded Strike"],"picked":"Quick Slash","floor":1},{"not_picked":["Prepared","Flying Knee","Tactician"],"picked":"Sucker Punch","floor":3},{"not_picked":["vexMod:ShadowStrike","Sucker Punch","Outmaneuver"],"picked":"Finisher","floor":5},{"not_picked":["Quick Slash","Outmaneuver","Sneak Up","hubris:SlightOfHand"],"picked":"SKIP","floor":8},{"not_picked":["Flying Knee","Hidden Blade","hubris:SlightOfHand","Deflect"],"picked":"SKIP","floor":12},{"not_picked":["Accuracy","Concentrate","Hidden Blade"],"picked":"Leg Sweep","floor":13},{"not_picked":["Setup","Poisoned Stab","Outmaneuver"],"picked":"Toxin Wave","floor":14},{"not_picked":["Atom Bomb","Die Die Die","Night Terror"],"picked":"Phantasmal Killer","floor":16},{"not_picked":["Outmaneuver","hubris:SlightOfHand+1","Bane","Quick Slash"],"picked":"SKIP","floor":18},{"not_picked":["Bane+1","vexMod:VenomSigh","Dodge and Roll"],"picked":"Die Die Die","floor":19},{"not_picked":["vexMod:PinpointKick","vexMod:VenomSigh+1","Dagger Throw"],"picked":"Calculated Gamble","floor":22}],"player_experience":1300994,"relics_obtained":[{"floor":4,"key":"trackpad:PocketGalaxy"},{"floor":9,"key":"Onion Ring"},{"floor":13,"key":"trackpad:BottledTsunami"},{"floor":19,"key":"infinitespire:Eraser"},{"floor":19,"key":"vexMod:ThirteenHourStone"}],"event_choices":[{"damage_healed":0,"gold_gain":0,"player_choice":"Box","damage_taken":0,"relics_obtained":["Question Card"],"max_hp_gain":0,"max_hp_loss":0,"event_name":"Big Fish","floor":2,"gold_loss":0,"cards_obtained":["Regret"]},{"damage_healed":0,"gold_gain":0,"player_choice":"Trade","damage_taken":0,"relics_obtained":["GremlinMask"],"max_hp_gain":0,"max_hp_loss":0,"event_name":"FaceTrader","floor":10,"gold_loss":0},{"damage_healed":0,"gold_gain":0,"player_choice":"Fight","damage_taken":0,"max_hp_gain":0,"max_hp_loss":0,"event_name":"Colosseum","floor":19,"gold_loss":0},{"damage_healed":0,"gold_gain":0,"player_choice":"Fought Nobs","damage_taken":0,"max_hp_gain":0,"max_hp_loss":0,"event_name":"Colosseum","floor":19,"gold_loss":0}],"is_beta":false,"boss_relics":[{"not_picked":["Pandora\u0027s Box","Abe\u0027s Treasure"],"picked":"vexMod:DeviousBotling"}],"items_purged_floors":[],"is_endless":false,"potions_floor_spawned":[5,12,13,19],"killed_by":"Book of Stabbing","ascension_level":0}