{"gold_per_floor":[115,131,131,5,5,32,44,44,119,133,148,177,192,192,192,291,291,309,324,424,456,81,81,113,113,113,113,113,130,130,142,142,247,247,260,279,298,90,90,90,105,33,88,100,100,100,115,132,132,132],"floor_reached":50,"playtime":2209,"items_purged":["Defend_R","Strike_R"],"score":524,"play_id":"b4627910-9dd9-4997-898a-52acc3afcee5","local_time":"20181117161412","is_ascension_mode":false,"campfire_choices":[{"data":"Demon Form","floor":8,"key":"SMITH"},{"data":"Heavy Blade","floor":15,"key":"SMITH"},{"floor":23,"key":"REST"},{"data":"Whirlwind","floor":25,"key":"SMITH"},{"data":"Headbutt","floor":28,"key":"SMITH"},{"floor":32,"key":"REST"},{"data":"Defend_R","floor":40,"key":"SMITH"},{"floor":45,"key":"REST"},{"floor":49,"key":"REST"}],"neow_cost":"NONE","seed_source_timestamp":204975147988300,"circlet_count":0,"master_deck":["Strike_R","Strike_R","Strike_R","Defend_R+1","Defend_R","Defend_R","Bash+1","Headbutt+1","Shrug It Off+1","Demon Form+1","Cleave","Whirlwind+1","Heavy Blade+1","Rage+1","Shrug It Off+1","True Grit+1","Heavy Blade+1","Immolate","Seeing Red+1","J.A.X.+1","Armaments+1","Immolate+1","Dropkick+1","Disarm+1","Evolve","Seeing Red+1","Havoc+1"],"relics":["Burning Blood","NeowsBlessing","Pen Nib","Pantograph","Toxic Egg 2","Mark of Pain","Champion Belt","Mercury Hourglass","Red Mask","Blood Vial","Molten Egg 2","Busted Crown","Brimstone","Ancient Tea Set"],"potions_floor_usage":[11,16,20,21,21,33,44,47,50],"damage_taken":[{"damage":0,"enemies":"Jaw Worm","floor":1,"turns":1},{"damage":0,"enemies":"2 Louse","floor":2,"turns":1},{"damage":0,"enemies":"3 Sentries","floor":6,"turns":1},{"damage":0,"enemies":"Small Slimes","floor":7,"turns":4},{"damage":1,"enemies":"2 Fungi Beasts","floor":10,"turns":4},{"damage":2,"enemies":"Blue Slaver","floor":11,"turns":3},{"damage":13,"enemies":"Lagavulin","floor":12,"turns":5},{"damage":35,"enemies":"Gremlin Gang","floor":13,"turns":5},{"damage":31,"enemies":"The Guardian","floor":16,"turns":6},{"damage":18,"enemies":"3 Byrds","floor":18,"turns":4},{"damage":0,"enemies":"Chosen","floor":19,"turns":4},{"damage":18,"enemies":"Colosseum Slavers","floor":20,"turns":7},{"damage":30,"enemies":"Colosseum Nobs","floor":20,"turns":4},{"damage":0,"enemies":"Masked Bandits","floor":21,"turns":3},{"damage":16,"enemies":"Gremlin Leader","floor":24,"turns":4},{"damage":19,"enemies":"Sentry and Sphere","floor":29,"turns":4},{"damage":26,"enemies":"Shelled Parasite and Fungi","floor":31,"turns":6},{"damage":61,"enemies":"Automaton","floor":33,"turns":7},{"damage":14,"enemies":"3 Shapes","floor":35,"turns":3},{"damage":6,"enemies":"3 Darklings","floor":36,"turns":3},{"damage":32,"enemies":"Spire Growth","floor":37,"turns":4},{"damage":0,"enemies":"4 Shapes","floor":41,"turns":2},{"damage":32,"enemies":"Writhing Mass","floor":44,"turns":3},{"damage":22,"enemies":"Maw","floor":47,"turns":5},{"damage":6,"enemies":"Jaw Worm Horde","floor":48,"turns":2},{"damage":81,"enemies":"Donu and Deca","floor":50,"turns":4}],"seed_played":"-6177037512810685440","potions_obtained":[{"floor":2,"key":"SkillPotion"},{"floor":6,"key":"SkillPotion"},{"floor":11,"key":"SpeedPotion"},{"floor":16,"key":"GamblersBrew"},{"floor":18,"key":"GamblersBrew"},{"floor":19,"key":"Weak Potion"},{"floor":29,"key":"Swift Potion"},{"floor":33,"key":"Regen Potion"},{"floor":41,"key":"BloodPotion"},{"floor":47,"key":"FearPotion"}],"is_trial":false,"path_per_floor":["M","M","?","$","?","E","M","R","T","M","M","E","M","?","R","B",null,"M","M","?","?","$","R","E","R","T","?","R","M","$","M","R","B",null,"M","M","M","$","?","R","M","$","T","M","R","?","M","M","R","B"],"character_chosen":"IRONCLAD","items_purchased":["Shrug It Off","Immolate","PowerPotion","SkillPotion","Seeing Red+1","Brimstone","Evolve"],"campfire_rested":4,"item_purchase_floors":[4,22,22,22,22,38,42],"current_hp_per_floor":[80,80,73,73,57,63,69,69,69,74,78,71,42,42,42,42,80,68,74,38,44,44,68,58,58,58,58,58,47,47,29,53,25,80,72,74,50,50,50,50,58,58,58,42,66,66,64,66,80,0],"gold":132,"neow_bonus":"THREE_ENEMY_KILL","is_prod":false,"is_daily":false,"chose_seed":false,"campfire_upgraded":5,"win_rate":0,"timestamp":1542467652,"path_taken":["M","M","?","$","?","E","M","R","T","M","M","E","M","?","R","BOSS","M","M","?","?","$","R","E","R","T","?","R","M","?","M","R","BOSS","M","M","?","$","?","R","?","?","T","M","R","?","M","?","R","BOSS"],"build_version":"2018-11-15","purchased_purges":2,"victory":false,"max_hp_per_floor":[80,80,80,80,80,80,80,80,80,80,80,80,80,80,80,80,80,80,80,80,80,80,80,80,80,80,80,80,80,80,80,80,80,80,80,80,80,80,80,80,80,80,80,80,80,80,80,80,80,80],"card_choices":[{"not_picked":["Clash","Thunderclap"],"picked":"Headbutt","floor":1},{"not_picked":["Dual Wield","Ghostly Armor","Carnage"],"picked":"SKIP","floor":2},{"not_picked":["Headbutt","Havoc"],"picked":"Demon Form","floor":6},{"not_picked":["Combust","Carnage","Entrench"],"picked":"SKIP","floor":7},{"not_picked":["Entrench","Feel No Pain"],"picked":"Cleave","floor":10},{"not_picked":["Sword Boomerang","Uppercut"],"picked":"Whirlwind","floor":11},{"not_picked":["Infernal Blade","Rampage"],"picked":"Heavy Blade","floor":12},{"not_picked":["Warcry+1","Second Wind+1"],"picked":"Rage+1","floor":13},{"not_picked":["True Grit+1","Disarm+1"],"picked":"Shrug It Off+1","floor":18},{"not_picked":["Wild Strike+1","Entrench+1"],"picked":"True Grit+1","floor":19},{"not_picked":["Rage+1","Armaments+1"],"picked":"Heavy Blade+1","floor":21},{"not_picked":["Rupture","Perfected Strike","Cleave"],"picked":"SKIP","floor":24},{"not_picked":["Warcry+1","Body Slam+1","Clash+1"],"picked":"SKIP","floor":29},{"not_picked":["Anger+1","Flame Barrier+1"],"picked":"Armaments+1","floor":31},{"not_picked":["Bludgeon+1","Barricade"],"picked":"Immolate+1","floor":33},{"not_picked":["Body Slam+1"],"picked":"SKIP","floor":35},{"not_picked":[],"picked":"Dropkick+1","floor":36},{"not_picked":["Iron Wave+1"],"picked":"SKIP","floor":37},{"not_picked":[],"picked":"Disarm+1","floor":41},{"not_picked":["Anger+1"],"picked":"SKIP","floor":44},{"not_picked":["Body Slam+1"],"picked":"SKIP","floor":47},{"not_picked":["Searing Blow+1"],"picked":"SKIP","floor":48}],"player_experience":212234,"relics_obtained":[{"floor":6,"key":"Pen Nib"},{"floor":9,"key":"Pantograph"},{"floor":12,"key":"Toxic Egg 2"},{"floor":20,"key":"Champion Belt"},{"floor":20,"key":"Mercury Hourglass"},{"floor":21,"key":"Red Mask"},{"floor":24,"key":"Blood Vial"},{"floor":26,"key":"Molten Egg 2"},{"floor":43,"key":"Ancient Tea Set"}],"event_choices":[{"cards_removed":["Strike_R"],"damage_healed":0,"gold_gain":0,"player_choice":"Card Removal","damage_taken":7,"max_hp_gain":0,"max_hp_loss":0,"event_name":"Golden Wing","floor":3,"gold_loss":0},{"damage_healed":0,"gold_gain":0,"player_choice":"Entered Light","damage_taken":16,"max_hp_gain":0,"max_hp_loss":0,"event_name":"Shining Light","floor":5,"gold_loss":0,"cards_upgraded":["Shrug It Off","Bash"]},{"damage_healed":0,"gold_gain":0,"player_choice":"Ignored","damage_taken":0,"max_hp_gain":0,"max_hp_loss":0,"event_name":"Liars Game","floor":14,"gold_loss":0},{"damage_healed":0,"gold_gain":0,"player_choice":"Fight","damage_taken":0,"max_hp_gain":0,"max_hp_loss":0,"event_name":"Colosseum","floor":20,"gold_loss":0},{"damage_healed":0,"gold_gain":0,"player_choice":"Fought Nobs","damage_taken":0,"max_hp_gain":0,"max_hp_loss":0,"event_name":"Colosseum","floor":20,"gold_loss":0},{"damage_healed":0,"gold_gain":0,"player_choice":"Fought Bandits","damage_taken":0,"max_hp_gain":0,"max_hp_loss":0,"event_name":"Masked Bandits","floor":21,"gold_loss":0},{"damage_healed":0,"gold_gain":0,"player_choice":"Obtain J.A.X.","damage_taken":0,"max_hp_gain":0,"max_hp_loss":0,"event_name":"Drug Dealer","floor":27,"gold_loss":0,"cards_obtained":["J.A.X."]},{"damage_healed":0,"gold_gain":0,"player_choice":"Got Potions","damage_taken":0,"max_hp_gain":0,"max_hp_loss":0,"event_name":"Lab","floor":39,"gold_loss":0},{"damage_healed":0,"gold_gain":0,"player_choice":"2 cards matched","damage_taken":0,"max_hp_gain":0,"max_hp_loss":0,"event_name":"Match and Keep!","floor":46,"gold_loss":0,"cards_obtained":["Seeing Red","Havoc"]}],"is_beta":false,"boss_relics":[{"not_picked":["Black Blood","Astrolabe"],"picked":"Mark of Pain"},{"not_picked":["Runic Pyramid","Coffee Dripper"],"picked":"Busted Crown"}],"items_purged_floors":[4,22],"is_endless":false,"potions_floor_spawned":[2,6,11,16,18,19,20,29,31,33,35,41,47],"killed_by":"Donu and Deca","ascension_level":0}