{"gold_per_floor":[111,111,57,57,57,57,83,83,83,83,109,123,137,62,62,139,139,158,73,88,88,88],"floor_reached":22,"playtime":635,"items_purged":[],"score":444,"play_id":"8b739db7-dfd4-4544-b51b-9aea758efa8e","local_time":"20190427214456","is_ascension_mode":true,"campfire_choices":[{"data":"Shockwave","floor":6,"key":"SMITH"},{"data":"Wild Strike","floor":8,"key":"SMITH"},{"data":"Wild Strike","floor":10,"key":"SMITH"},{"data":"Evolve","floor":15,"key":"SMITH"}],"neow_cost":"NONE","seed_source_timestamp":1410856790848906,"circlet_count":0,"master_deck":["AscendersBane","Strike_R","Strike_R","Strike_R","Defend_R","Defend_R","Defend_R","Defend_R","Bash","Shockwave+1","Wild Strike+1","Regret","Wild Strike+1","Flame Barrier","Evolve+1","Carnage","Limit Break","Wild Strike","Thunderclap"],"relics":["Burning Blood","NeowsBlessing","Omamori","Juzu Bracelet","Mango","Oddly Smooth Stone","Mark of Pain","Ornamental Fan"],"potions_floor_usage":[18],"damage_taken":[{"damage":0,"enemies":"Jaw Worm","floor":1,"turns":1},{"damage":0,"enemies":"Gremlin Nob","floor":7,"turns":1},{"damage":0,"enemies":"Lagavulin","floor":11,"turns":1},{"damage":0,"enemies":"2 Louse","floor":12,"turns":2},{"damage":6,"enemies":"Small Slimes","floor":13,"turns":3},{"damage":72,"enemies":"The Guardian","floor":16,"turns":12},{"damage":43,"enemies":"3 Byrds","floor":18,"turns":7},{"damage":24,"enemies":"2 Thieves","floor":20,"turns":4},{"damage":19,"enemies":"Centurion and Healer","floor":22,"turns":3}],"seed_played":"-7520703624990670036","potions_obtained":[{"floor":1,"key":"Fire Potion"},{"floor":11,"key":"SpeedPotion"}],"is_trial":false,"path_per_floor":["M","?","$","?","$","R","E","R","T","R","E","M","M","?","R","B",null,"M","?","M","?","M"],"character_chosen":"IRONCLAD","items_purchased":["Wild Strike"],"campfire_rested":0,"item_purchase_floors":[3],"current_hp_per_floor":[74,67,67,67,67,67,73,73,87,87,89,89,89,89,89,23,73,36,36,18,18,0],"gold":88,"neow_bonus":"THREE_ENEMY_KILL","is_prod":false,"is_daily":false,"chose_seed":false,"campfire_upgraded":4,"win_rate":0,"timestamp":1556412296,"path_taken":["M","?","$","?","?","R","E","R","T","R","E","M","M","?","R","BOSS","M","?","M","?","M"],"build_version":"2019-01-23","purchased_purges":0,"victory":false,"max_hp_per_floor":[75,75,75,75,75,75,75,75,89,89,89,89,89,89,89,89,89,89,89,89,89,89],"card_choices":[{"not_picked":["Clash","Twin Strike"],"picked":"Shockwave","floor":1},{"not_picked":["Searing Blow","Dropkick"],"picked":"Wild Strike","floor":7},{"not_picked":["Twin Strike","Sever Soul"],"picked":"Flame Barrier","floor":11},{"not_picked":["Entrench","Shockwave"],"picked":"Evolve","floor":12},{"not_picked":["Clothesline","Clash"],"picked":"Carnage","floor":13},{"not_picked":["Feed","Brutality"],"picked":"Limit Break","floor":16},{"not_picked":["Searing Blow","Armaments"],"picked":"Wild Strike","floor":18},{"not_picked":["Sentinel","Dual Wield"],"picked":"Thunderclap","floor":20}],"player_experience":1227876,"relics_obtained":[{"floor":7,"key":"Juzu Bracelet"},{"floor":9,"key":"Mango"},{"floor":11,"key":"Oddly Smooth Stone"}],"event_choices":[{"cards_removed":["Strike_R"],"damage_healed":0,"gold_gain":0,"player_choice":"Card Removal","damage_taken":7,"max_hp_gain":0,"max_hp_loss":0,"event_name":"Golden Wing","floor":2,"gold_loss":0},{"damage_healed":0,"gold_gain":0,"player_choice":"Box","damage_taken":0,"relics_obtained":["Omamori"],"max_hp_gain":0,"max_hp_loss":0,"event_name":"Big Fish","floor":4,"gold_loss":0,"cards_obtained":["Regret"]},{"cards_removed":["Strike_R"],"damage_healed":0,"gold_gain":0,"player_choice":"Card Removal","damage_taken":0,"max_hp_gain":0,"max_hp_loss":0,"event_name":"The Cleric","floor":14,"gold_loss":75},{"damage_healed":0,"gold_gain":0,"player_choice":"Obtained Relic","damage_taken":0,"relics_obtained":["Ornamental Fan"],"max_hp_gain":0,"max_hp_loss":0,"event_name":"Addict","floor":19,"gold_loss":85},{"damage_healed":0,"gold_gain":0,"player_choice":"Smashed Altar","damage_taken":0,"max_hp_gain":0,"max_hp_loss":0,"event_name":"Forgotten Altar","floor":21,"gold_loss":0,"cards_obtained":["Decay"]}],"is_beta":false,"boss_relics":[{"not_picked":["Runic Cube","Lizard Tail"],"picked":"Mark of Pain"}],"items_purged_floors":[],"is_endless":false,"potions_floor_spawned":[1,11,16],"killed_by":"Centurion and Healer","ascension_level":17}