{"gold_per_floor":[112,187,187,206,222,222,255,255,255,96,96,109,127,127,127,230,230,242,242,259,259,259,259,276,276,302,318,0,0,13,27,27,27],"floor_reached":33,"playtime":1140,"items_purged":[],"score":420,"play_id":"10546f83-50ae-49e8-a9f7-c1f7275d0c99","local_time":"20190320020406","is_ascension_mode":true,"campfire_choices":[{"floor":6,"key":"REST"},{"floor":8,"key":"REST"},{"data":"Noxious Fumes","floor":11,"key":"SMITH"},{"floor":15,"key":"REST"},{"data":"Night Terror","floor":23,"key":"SMITH"},{"floor":25,"key":"REST"},{"floor":29,"key":"REST"},{"floor":32,"key":"REST"}],"neow_cost":"NONE","seed_source_timestamp":606282555255111,"circlet_count":0,"master_deck":["AscendersBane","Defend_G+1","Defend_G","Defend_G","Defend_G","Defend_G+1","Strike_G","Strike_G","Strike_G","Strike_G","Strike_G","Survivor","Neutralize","Deadly Poison","Poisoned Stab","Infinite Blades","Noxious Fumes+1","Escape Plan","Noxious Fumes","Cloak And Dagger","Night Terror+1","Blur"],"relics":["Ring of the Snake","Boot","Turnip","Mango","Centennial Puzzle","Busted Crown","Nilry\u0027s Codex","FaceOfCleric"],"potions_floor_usage":[7,18,20,24,31],"damage_taken":[{"damage":2,"enemies":"Small Slimes","floor":1,"turns":5},{"damage":0,"enemies":"2 Louse","floor":4,"turns":3},{"damage":3,"enemies":"Jaw Worm","floor":5,"turns":4},{"damage":31,"enemies":"3 Sentries","floor":7,"turns":12},{"damage":18,"enemies":"Gremlin Gang","floor":12,"turns":5},{"damage":0,"enemies":"Looter","floor":13,"turns":4},{"damage":32,"enemies":"Hexaghost","floor":16,"turns":9},{"damage":11,"enemies":"Spheric Guardian","floor":18,"turns":5},{"damage":8,"enemies":"Shell Parasite","floor":20,"turns":6},{"damage":21,"enemies":"Shelled Parasite and Fungi","floor":24,"turns":7},{"damage":50,"enemies":"Chosen and Byrds","floor":27,"turns":6},{"damage":5,"enemies":"Centurion and Healer","floor":30,"turns":6},{"damage":15,"enemies":"Snecko","floor":31,"turns":5},{"damage":80,"enemies":"Collector","floor":33,"turns":7}],"seed_played":"8922196192327082094","potions_obtained":[{"floor":4,"key":"SkillPotion"},{"floor":16,"key":"SkillPotion"},{"floor":18,"key":"Block Potion"},{"floor":20,"key":"Fire Potion"},{"floor":30,"key":"Regen Potion"}],"is_trial":false,"path_per_floor":["M","?","?","M","M","R","E","R","T","$","R","M","M","?","R","B",null,"M","?","M","?","?","R","M","R","T","M","?","R","M","M","R","B"],"character_chosen":"THE_SILENT","items_purchased":["Noxious Fumes","Escape Plan"],"campfire_rested":6,"item_purchase_floors":[10,10],"current_hp_per_floor":[61,50,36,36,33,54,23,44,58,58,58,40,40,28,53,21,68,57,41,33,61,61,61,41,66,66,17,17,42,38,39,65,0],"gold":27,"neow_bonus":"RANDOM_COMMON_RELIC","is_prod":false,"is_daily":false,"chose_seed":false,"campfire_upgraded":2,"win_rate":0,"timestamp":1553058246,"path_taken":["M","?","?","M","M","R","E","R","T","$","R","M","M","?","R","BOSS","M","?","M","?","?","R","M","R","T","?","?","R","M","M","R","BOSS"],"build_version":"2019-01-23","purchased_purges":0,"victory":false,"max_hp_per_floor":[70,70,70,70,70,70,70,70,84,84,84,84,84,84,84,84,84,84,84,84,84,84,84,85,85,85,86,86,86,87,88,88,88],"card_choices":[{"not_picked":["Backflip","Setup"],"picked":"Deadly Poison","floor":1},{"not_picked":["Slice","Expertise"],"picked":"Poisoned Stab","floor":4},{"not_picked":["Slice","Prepared","Heel Hook"],"picked":"SKIP","floor":5},{"not_picked":["Quick Slash","Expertise"],"picked":"Infinite Blades","floor":7},{"not_picked":["Slice","Deflect"],"picked":"Noxious Fumes","floor":12},{"not_picked":["Deadly Poison","Flying Knee"],"picked":"Cloak And Dagger","floor":13},{"not_picked":["Phantasmal Killer","Die Die Die"],"picked":"Night Terror","floor":16},{"not_picked":["Bane"],"picked":"SKIP","floor":18},{"not_picked":[],"picked":"Blur","floor":20},{"not_picked":["Dagger Spray"],"picked":"SKIP","floor":24},{"not_picked":["Quick Slash"],"picked":"SKIP","floor":27},{"not_picked":["Outmaneuver"],"picked":"SKIP","floor":30},{"not_picked":["Blade Dance"],"picked":"SKIP","floor":31}],"player_experience":978724,"relics_obtained":[{"floor":7,"key":"Turnip"},{"floor":9,"key":"Mango"},{"floor":19,"key":"Nilry\u0027s Codex"}],"event_choices":[{"damage_healed":0,"gold_gain":75,"player_choice":"Gather Gold","damage_taken":11,"max_hp_gain":0,"max_hp_loss":0,"event_name":"World of Goop","floor":2,"gold_loss":0},{"damage_healed":0,"gold_gain":0,"player_choice":"Entered Light","damage_taken":14,"max_hp_gain":0,"max_hp_loss":0,"event_name":"Shining Light","floor":3,"gold_loss":0,"cards_upgraded":["Defend_G","Defend_G"]},{"damage_healed":0,"gold_gain":0,"player_choice":"Success","damage_taken":12,"relics_obtained":["Centennial Puzzle"],"max_hp_gain":0,"max_hp_loss":0,"event_name":"Scrap Ooze","floor":14,"gold_loss":0},{"damage_healed":0,"gold_gain":0,"player_choice":"Obtained Book","damage_taken":16,"max_hp_gain":0,"max_hp_loss":0,"event_name":"Cursed Tome","floor":19,"gold_loss":0},{"damage_healed":28,"gold_gain":0,"player_choice":"Heal","damage_taken":0,"max_hp_gain":0,"max_hp_loss":0,"event_name":"The Library","floor":21,"gold_loss":0},{"damage_healed":0,"gold_gain":0,"player_choice":"Trade","damage_taken":0,"relics_obtained":["FaceOfCleric"],"max_hp_gain":0,"max_hp_loss":0,"event_name":"FaceTrader","floor":22,"gold_loss":0},{"damage_healed":0,"gold_gain":0,"player_choice":"Paid Fearfully","damage_taken":0,"max_hp_gain":0,"max_hp_loss":0,"event_name":"Masked Bandits","floor":28,"gold_loss":318}],"is_beta":false,"boss_relics":[{"not_picked":["Cursed Key","Coffee Dripper"],"picked":"Busted Crown"}],"items_purged_floors":[],"is_endless":false,"potions_floor_spawned":[4,16,18,20,30],"killed_by":"Collector","ascension_level":12}