{"path_per_floor":["M","M","M","?","?","R","M","R","T","M","M","$","M","$","R","B",null,"M","?","?","?","M","E","R"],"character_chosen":"DEFECT","items_purchased":["Mind Blast","Seek"],"gold_per_floor":[116,126,136,211,211,211,223,223,223,239,250,146,162,13,13,109,109,127,127,127,127,144,178,178,178],"floor_reached":25,"campfire_rested":3,"playtime":1585,"item_purchase_floors":[12,14],"current_hp_per_floor":[68,68,68,57,57,57,47,67,67,63,48,48,39,39,59,31,68,44,44,44,68,68,5,25,0],"items_purged":[],"gold":178,"score":270,"play_id":"c785817a-f211-42e8-9e1d-c179db2f4b32","local_time":"20180617175439","is_prod":false,"is_daily":false,"chose_seed":false,"is_ascension_mode":true,"campfire_upgraded":1,"win_rate":0,"timestamp":1529268879,"campfire_choices":[{"data":"Purity","floor":6,"key":"SMITH"},{"floor":8,"key":"REST"},{"floor":15,"key":"REST"},{"floor":24,"key":"REST"}],"path_taken":["M","M","M","?","?","R","M","R","T","M","?","?","M","$","R","BOSS","M","?","?","?","M","E","R","E"],"build_version":"2018-06-14v2","seed_source_timestamp":328803152666131,"purchased_purges":0,"victory":false,"master_deck":["Defend_B","Defend_B","Defend_B","Defend_B","Zap","Dualcast","Go for the Eyes","Scrape","Coolheaded","Purity+1","Conserve Battery","Gash","Skim","Mind Blast","Machine Learning","Seek","Echo Form","Bite","Bite","Bite","Bite","Bite","Gash"],"max_hp_per_floor":[68,68,68,68,68,68,68,68,68,68,68,68,68,68,68,68,68,68,68,68,68,68,68,68,68],"relics":["Cracked Core","Unceasing Top","Busted Crown","Centennial Puzzle"],"card_choices":[{"not_picked":["Ball Lightning","Storm"],"picked":"Go for the Eyes","floor":1},{"not_picked":["Lockon","Rebound"],"picked":"Scrape","floor":2},{"not_picked":["Cold Snap","Doom and Gloom"],"picked":"Coolheaded","floor":3},{"not_picked":["Go for the Eyes","Redo"],"picked":"Gash","floor":7},{"not_picked":["Hello World","Rebound"],"picked":"Skim","floor":10},{"not_picked":["Ball Lightning","Storm","Cold Snap"],"picked":"SKIP","floor":11},{"not_picked":["Lockon","Steam"],"picked":"Machine Learning","floor":13},{"not_picked":["Amplify","Electrodynamics"],"picked":"Echo Form","floor":16},{"not_picked":["Lockon+1"],"picked":"SKIP","floor":18},{"not_picked":["Stack"],"picked":"SKIP","floor":22},{"not_picked":[],"picked":"Gash","floor":23}],"player_experience":351286,"potions_floor_usage":[18,23],"damage_taken":[{"damage":0,"enemies":"Small Slimes","floor":1,"turns":2},{"damage":0,"enemies":"2 Louse","floor":2,"turns":2},{"damage":0,"enemies":"Cultist","floor":3,"turns":2},{"damage":10,"enemies":"2 Fungi Beasts","floor":7,"turns":3},{"damage":5,"enemies":"Exordium Wildlife","floor":10,"turns":5},{"damage":17,"enemies":"Exordium Thugs","floor":11,"turns":5},{"damage":11,"enemies":"Looter","floor":13,"turns":3},{"damage":30,"enemies":"Slime Boss","floor":16,"turns":11},{"damage":24,"enemies":"2 Thieves","floor":18,"turns":4},{"damage":1,"enemies":"3 Byrds","floor":22,"turns":6},{"damage":71,"enemies":"Book of Stabbing","floor":23,"turns":7},{"damage":30,"enemies":"Slavers","floor":25,"turns":2}],"relics_obtained":[{"floor":9,"key":"Blood Vial"},{"floor":23,"key":"Centennial Puzzle"}],"event_choices":[{"event_name":"World of Goop","player_choice":"Gather Gold","floor":4,"damage_taken":0},{"event_name":"Match and Keep!","player_choice":"2 cards matched","floor":5,"damage_taken":0},{"event_name":"Drug Dealer","player_choice":"Ignored","floor":19,"damage_taken":0},{"event_name":"Vampires","player_choice":"Became a vampire (Vial)","floor":20,"damage_taken":0},{"event_name":"Wheel of Change","player_choice":"Full Heal","floor":21,"damage_taken":0}],"boss_relics":[{"not_picked":["Inserter","Orrery"],"picked":"Busted Crown"}],"items_purged_floors":[],"is_endless":false,"potions_floor_spawned":[7,13,16],"seed_played":"-8471635422274506778","killed_by":"Slavers","ascension_level":3,"potions_obtained":[{"floor":7,"key":"Strength Potion"},{"floor":13,"key":"SpeedPotion"},{"floor":16,"key":"AttackPotion"}],"is_trial":false}