{"gold_per_floor":[119,44,57,57,57,87,101,121,144,166,77,110,121,136,136,236,236,236,161,13,13,13,13,0,0,0,0,0,0,0,0,0,0,0,0,0,0,0,0,0,0,0,0,0,0,0,0,0,0,0,0,0,0,0,0],"floor_reached":56,"playtime":3233,"items_purged":["Defend_R","Strike_R"],"score":1335,"play_id":"bdb15535-5f83-455d-b649-6288dfc0f637","local_time":"20190212180820","is_ascension_mode":false,"campfire_choices":[{"data":"Whirlwind","floor":15,"key":"SMITH"},{"data":"Double Tap","floor":23,"key":"SMITH"},{"data":"Disarm","floor":29,"key":"SMITH"},{"data":"Spot Weakness","floor":32,"key":"SMITH"},{"data":"True Grit","floor":40,"key":"SMITH"},{"floor":46,"key":"RECALL"},{"data":"Shockwave","floor":49,"key":"SMITH"},{"data":"Shrug It Off","floor":52,"key":"SMITH"}],"neow_cost":"NONE","seed_source_timestamp":717387158751640,"circlet_count":0,"master_deck":["Defend_R","Defend_R","Defend_R","Bash","Shrug It Off+1","Cleave","Double Tap+1","Headbutt","Spot Weakness+1","Shrug It Off","Flash of Steel","Whirlwind+1","Battle Trance+1","Feed","Disarm+1","Clothesline+1","Exhume+1","Shrug It Off","Body Slam+1","Pommel Strike+1","Heavy Blade+1","Metallicize+1","True Grit+1","Feel No Pain+1","Shrug It Off+1","Flame Barrier+1","Shockwave+1","Metallicize"],"relics":["Burning Blood","Centennial Puzzle","Bag of Preparation","Odd Mushroom","Juzu Bracelet","Ectoplasm","Calipers","Meat on the Bone","Anchor","Red Skull","Philosopher\u0027s Stone","MawBank","Ornamental Fan","Dream Catcher","Pocketwatch","War Paint"],"potions_floor_usage":[12,14,16,18,33,55,55,55],"damage_taken":[{"damage":0,"enemies":"Small Slimes","floor":1,"turns":3},{"damage":3,"enemies":"2 Louse","floor":3,"turns":3},{"damage":40,"enemies":"Lagavulin","floor":6,"turns":9},{"damage":0,"enemies":"Cultist","floor":7,"turns":3},{"damage":5,"enemies":"3 Louse","floor":8,"turns":2},{"damage":5,"enemies":"The Mushroom Lair","floor":10,"turns":3},{"damage":9,"enemies":"3 Sentries","floor":12,"turns":3},{"damage":6,"enemies":"Exordium Thugs","floor":13,"turns":3},{"damage":0,"enemies":"Large Slime","floor":14,"turns":6},{"damage":45,"enemies":"The Guardian","floor":16,"turns":14},{"damage":9,"enemies":"Shell Parasite","floor":18,"turns":4},{"damage":12,"enemies":"2 Thieves","floor":24,"turns":3},{"damage":12,"enemies":"Colosseum Slavers","floor":25,"turns":2},{"damage":17,"enemies":"Colosseum Nobs","floor":25,"turns":3},{"damage":16,"enemies":"Sentry and Sphere","floor":28,"turns":4},{"damage":0,"enemies":"Gremlin Leader","floor":31,"turns":5},{"damage":17,"enemies":"Champ","floor":33,"turns":9},{"damage":0,"enemies":"Orb Walker","floor":35,"turns":2},{"damage":0,"enemies":"3 Shapes","floor":36,"turns":2},{"damage":5,"enemies":"Writhing Mass","floor":38,"turns":6},{"damage":0,"enemies":"Maw","floor":39,"turns":8},{"damage":8,"enemies":"Reptomancer","floor":41,"turns":5},{"damage":0,"enemies":"Spire Growth","floor":42,"turns":4},{"damage":0,"enemies":"Nemesis","floor":45,"turns":7},{"damage":2,"enemies":"2 Orb Walkers","floor":47,"turns":4},{"damage":0,"enemies":"4 Shapes","floor":48,"turns":7},{"damage":26,"enemies":"Awakened One","floor":50,"turns":12},{"damage":24,"enemies":"Shield and Spear","floor":54,"turns":7},{"damage":38,"enemies":"The Heart","floor":55,"turns":12}],"seed_played":"3710173874918124265","potions_obtained":[{"floor":6,"key":"FearPotion"},{"floor":8,"key":"Energy Potion"},{"floor":13,"key":"Swift Potion"},{"floor":14,"key":"Fruit Juice"},{"floor":25,"key":"Fire Potion"},{"floor":28,"key":"Strength Potion"},{"floor":33,"key":"Dexterity Potion"},{"floor":35,"key":"EssenceOfSteel"},{"floor":39,"key":"Block Potion"},{"floor":47,"key":"GamblersBrew"}],"is_trial":false,"path_per_floor":["M","$","M","?","?","E","M","M","T","?","$","E","M","M","R","B",null,"M","?","$","?","?","R","M","?","T","?","M","R","$","E","R","B",null,"M","M","?","M","M","R","E","M","T","$","E","R","?","M","R","B",null,"R","$","E","B",null],"character_chosen":"IRONCLAD","items_purchased":["Flash of Steel","Clothesline"],"campfire_rested":0,"item_purchase_floors":[11,20],"current_hp_per_floor":[80,80,80,80,80,46,52,53,53,54,54,51,51,62,62,23,85,82,82,82,82,74,74,71,57,57,62,55,55,55,61,61,62,94,94,97,97,97,100,100,98,100,100,100,100,100,100,106,106,86,106,106,106,91,74],"gold":0,"neow_bonus":"REMOVE_CARD","is_prod":false,"is_daily":false,"chose_seed":false,"campfire_upgraded":7,"win_rate":0,"timestamp":1549994900,"path_taken":["M","$","M","?","?","E","M","?","T","?","$","E","M","M","R","BOSS","M","?","$","?","?","R","M","?","T","?","M","R","$","E","R","BOSS","M","M","?","M","M","R","E","M","T","?","E","R","?","M","R","BOSS","R","$","E","BOSS"],"build_version":"2019-02-06","purchased_purges":2,"victory":true,"max_hp_per_floor":[80,80,80,80,80,80,80,80,80,80,80,80,80,85,85,85,85,85,85,85,85,85,85,88,91,91,91,94,94,94,94,94,94,94,94,97,97,97,100,100,100,100,100,100,100,100,100,106,106,106,106,106,106,109,112],"card_choices":[{"not_picked":["Heavy Blade","Ghostly Armor"],"picked":"Shrug It Off","floor":1},{"not_picked":["Clothesline","True Grit"],"picked":"Cleave","floor":3},{"not_picked":["Bloodletting","Havoc"],"picked":"Double Tap","floor":6},{"not_picked":["Wild Strike","Battle Trance"],"picked":"Headbutt","floor":7},{"not_picked":["Cleave","Iron Wave"],"picked":"Spot Weakness","floor":8},{"not_picked":["Wild Strike","Exhume"],"picked":"Shrug It Off","floor":10},{"not_picked":["Cleave","Searing Blow"],"picked":"Whirlwind","floor":12},{"not_picked":["Blood for Blood","True Grit","Body Slam"],"picked":"SKIP","floor":13},{"not_picked":["Carnage","Clash"],"picked":"Battle Trance","floor":14},{"not_picked":["Brutality","Berserk"],"picked":"Feed","floor":16},{"not_picked":["Hemokinesis","Sentinel"],"picked":"Disarm","floor":18},{"not_picked":["Flex","Iron Wave"],"picked":"Clothesline+1","floor":24},{"not_picked":["Anger","Hemokinesis+1"],"picked":"Exhume","floor":25},{"not_picked":["Burning Pact","Sword Boomerang+1"],"picked":"Shrug It Off","floor":28},{"not_picked":["Spot Weakness","Cleave"],"picked":"Body Slam+1","floor":31},{"not_picked":["Infernal Blade","True Grit"],"picked":"Pommel Strike+1","floor":35},{"not_picked":["Thunderclap","Battle Trance+1"],"picked":"Heavy Blade+1","floor":36},{"not_picked":["Flex+1","Body Slam+1"],"picked":"Metallicize+1","floor":38},{"not_picked":["Rupture","Fire Breathing"],"picked":"True Grit","floor":39},{"not_picked":["Fiend Fire","Havoc+1","Clothesline+1"],"picked":"SKIP","floor":41},{"not_picked":["Thunderclap","True Grit+1"],"picked":"Feel No Pain+1","floor":42},{"not_picked":["Combust","Immolate"],"picked":"Shrug It Off+1","floor":45},{"not_picked":["Rampage","Pommel Strike+1"],"picked":"Flame Barrier+1","floor":47},{"not_picked":["Uppercut","Perfected Strike"],"picked":"Shockwave","floor":48},{"not_picked":["Warcry+1","Dark Embrace"],"picked":"Metallicize","floor":54}],"player_experience":878571,"relics_obtained":[{"floor":6,"key":"Centennial Puzzle"},{"floor":9,"key":"Bag of Preparation"},{"floor":10,"key":"Odd Mushroom"},{"floor":12,"key":"Juzu Bracelet"},{"floor":25,"key":"Calipers"},{"floor":25,"key":"Meat on the Bone"},{"floor":26,"key":"Anchor"},{"floor":31,"key":"Red Skull"},{"floor":41,"key":"Ornamental Fan"},{"floor":45,"key":"Dream Catcher"},{"floor":47,"key":"Pocketwatch"},{"floor":54,"key":"War Paint"}],"event_choices":[{"cards_removed":["Strike_R"],"damage_healed":0,"gold_gain":0,"player_choice":"Forget","damage_taken":0,"max_hp_gain":0,"max_hp_loss":0,"event_name":"Living Wall","floor":4,"gold_loss":0},{"damage_healed":0,"gold_gain":0,"player_choice":"Full Heal","damage_taken":0,"max_hp_gain":0,"max_hp_loss":0,"event_name":"Wheel of Change","floor":5,"gold_loss":0},{"damage_healed":0,"gold_gain":0,"player_choice":"Fought Mushrooms","damage_taken":0,"max_hp_gain":0,"max_hp_loss":0,"event_name":"Mushrooms","floor":10,"gold_loss":0},{"cards_removed":["Strike_R"],"damage_healed":0,"gold_gain":0,"player_choice":"Gave Gold","damage_taken":0,"max_hp_gain":0,"max_hp_loss":0,"event_name":"Beggar","floor":19,"gold_loss":75},{"cards_removed":["Strike_R"],"damage_healed":0,"gold_gain":0,"player_choice":"Elegance","damage_taken":0,"max_hp_gain":0,"max_hp_loss":0,"event_name":"Back to Basics","floor":21,"gold_loss":0},{"damage_healed":0,"gold_gain":0,"player_choice":"Damaged","damage_taken":8,"max_hp_gain":0,"max_hp_loss":0,"event_name":"Wheel of Change","floor":22,"gold_loss":0},{"damage_healed":0,"gold_gain":0,"player_choice":"Fight","damage_taken":0,"max_hp_gain":0,"max_hp_loss":0,"event_name":"Colosseum","floor":25,"gold_loss":0},{"damage_healed":0,"gold_gain":0,"player_choice":"Fought Nobs","damage_taken":0,"max_hp_gain":0,"max_hp_loss":0,"event_name":"Colosseum","floor":25,"gold_loss":0},{"cards_removed":["Clothesline"],"damage_healed":5,"gold_gain":0,"player_choice":"Offered Common","damage_taken":0,"max_hp_gain":0,"max_hp_loss":0,"event_name":"Bonfire Elementals","floor":27,"gold_loss":0},{"cards_removed":["Clothesline"],"damage_healed":5,"gold_gain":0,"player_choice":"Offered Special","damage_taken":0,"max_hp_gain":0,"max_hp_loss":0,"event_name":"Bonfire Elementals","floor":27,"gold_loss":0},{"damage_healed":0,"gold_gain":0,"player_choice":"Gave Potion","damage_taken":0,"relics_obtained":["MawBank"],"max_hp_gain":0,"max_hp_loss":0,"event_name":"WeMeetAgain","floor":37,"gold_loss":0},{"damage_healed":0,"gold_gain":0,"player_choice":"Fight","damage_taken":0,"max_hp_gain":0,"max_hp_loss":0,"event_name":"Mysterious Sphere","floor":47,"gold_loss":0}],"is_beta":true,"boss_relics":[{"not_picked":["Black Star","Calling Bell"],"picked":"Ectoplasm"},{"not_picked":["Velvet Choker","Lizard Tail"],"picked":"Philosopher\u0027s Stone"}],"items_purged_floors":[2,20],"is_endless":false,"potions_floor_spawned":[6,8,13,14,25,25,28,33,35,36,39,41,47,54],"ascension_level":0}