{"gold_per_floor":[111,61,61,61,61,71,87,87,115,115,115,135,153,173,193,193],"floor_reached":16,"playtime":337,"items_purged":[],"score":104,"play_id":"503c7de3-4160-49d4-8c70-184e085b9901","local_time":"20190503181426","is_ascension_mode":false,"campfire_choices":[{"data":"Time Bomb","floor":8,"key":"SMITH"}],"neow_cost":"NONE","seed_source_timestamp":1916961584608170,"circlet_count":0,"master_deck":["Strike_B","Strike_B","Strike_B","Defend_B","Defend_B","Defend_B","Defend_B","Zap","Dualcast","BasicCrystalCard","Time Bomb+1","BasicCrystalCard","vexMod:SharpOrbs","BasicCrystalCard","Chill","Time Bomb"],"relics":["Cracked Core","NeowsBlessing","Carrot","vexMod:RedPlottingStone","trackpad:BottledTsunami"],"potions_floor_usage":[],"damage_taken":[{"damage":0,"enemies":"Small Slimes","floor":1,"turns":1},{"damage":0,"enemies":"Jaw Worm","floor":6,"turns":1},{"damage":0,"enemies":"2 Louse","floor":7,"turns":1},{"damage":26,"enemies":"Lagavulin","floor":9,"turns":5},{"damage":16,"enemies":"Red Slaver","floor":12,"turns":3},{"damage":15,"enemies":"Looter","floor":13,"turns":3},{"damage":7,"enemies":"2 Fungi Beasts","floor":14,"turns":4},{"damage":2,"enemies":"3 Louse","floor":15,"turns":4},{"damage":11,"enemies":"Exordium Wildlife","floor":16,"turns":1}],"seed_played":"-3770504923829525521","potions_obtained":[{"floor":9,"key":"SteroidPotion"},{"floor":13,"key":"Strength Potion"},{"floor":14,"key":"FocusPotion"}],"is_trial":false,"path_per_floor":["M","?","$","PTL","PTL","M","M","R","E","?","T","M","M","M","M","M"],"character_chosen":"DEFECT","items_purchased":[],"campfire_rested":0,"item_purchase_floors":[],"current_hp_per_floor":[75,75,75,75,75,75,75,75,49,49,49,33,18,11,9,0],"gold":193,"neow_bonus":"THREE_ENEMY_KILL","is_prod":false,"is_daily":false,"chose_seed":false,"campfire_upgraded":1,"win_rate":0,"timestamp":1556918066,"path_taken":["M","?","$","PTL","PTL","M","M","R","E","?","T","M","M","M","M","M"],"build_version":"2019-01-23","purchased_purges":0,"victory":false,"max_hp_per_floor":[75,75,75,75,75,75,75,75,75,75,75,75,75,75,75,75],"card_choices":[{"not_picked":["Coolheaded","Panic Button"],"picked":"BasicCrystalCard","floor":1},{"not_picked":["Force Field","Beam Cell"],"picked":"Time Bomb","floor":6},{"not_picked":["Force Field","Leap"],"picked":"BasicCrystalCard","floor":7},{"not_picked":["Blizzard","Cold Snap"],"picked":"vexMod:SharpOrbs","floor":9},{"not_picked":["ReplayTheSpireMod:Repulse","Compile Driver"],"picked":"BasicCrystalCard","floor":12},{"not_picked":["All For One","FTL"],"picked":"Chill","floor":13},{"not_picked":["Sunder","hubris:Ukulele","Hello World"],"picked":"SKIP","floor":14},{"not_picked":["Go for the Eyes","Compile Driver"],"picked":"Time Bomb","floor":15}],"player_experience":1286741,"relics_obtained":[{"floor":9,"key":"Carrot"},{"floor":10,"key":"vexMod:RedPlottingStone"},{"floor":11,"key":"trackpad:BottledTsunami"}],"event_choices":[{"cards_removed":["Strike_B"],"damage_healed":0,"gold_gain":0,"player_choice":"Card Removal","damage_taken":0,"max_hp_gain":0,"max_hp_loss":0,"event_name":"The Cleric","floor":2,"gold_loss":50}],"is_beta":false,"boss_relics":[],"items_purged_floors":[],"is_endless":false,"potions_floor_spawned":[9,13,14,15],"killed_by":"Exordium Wildlife","ascension_level":0}