{"gold_per_floor":[13,13,13,88,105,105,136,151,151,165,165,185,212,212,212,312,312,326,27,38,38,51,51,66,91,159,159,220,34,59,59,59,163,163,177,196,17,29,29,29,58,58,58,76,106,120,120,136,136,136,136,136,36,62,62],"floor_reached":55,"playtime":2762,"items_purged":["Strike_R","Strike_R","Strike_R"],"score":845,"play_id":"1e89655b-66d4-4cc5-a10f-868ef37cd32b","local_time":"20190508225457","is_ascension_mode":false,"campfire_choices":[{"data":"True Grit","floor":6,"key":"SMITH"},{"data":"Juggernaut","floor":15,"key":"SMITH"},{"data":"Feed","floor":23,"key":"SMITH"},{"data":"Combust","floor":27,"key":"SMITH"},{"data":"Flame Barrier","floor":32,"key":"SMITH"},{"data":"Evolve","floor":40,"key":"SMITH"},{"data":"Bash","floor":42,"key":"SMITH"},{"data":"Battle Trance","floor":47,"key":"SMITH"},{"floor":49,"key":"RECALL"},{"data":"Burning Pact","floor":52,"key":"SMITH"}],"neow_cost":"NO_GOLD","seed_source_timestamp":904392172429039,"circlet_count":0,"master_deck":["Strike_R+1","Defend_R","Defend_R","Defend_R","Defend_R","Bash+1","Juggernaut+1","True Grit+1","Combust+1","Clothesline+1","Spot Weakness+1","Feed+1","Shrug It Off","Evolve+1","Reaper","Seeing Red+1","Reaper","Flame Barrier+1","Battle Trance+1","Shrug It Off","Burning Pact+1","Battle Trance+1"],"relics":["Burning Blood","Thread and Needle","Matryoshka","Letter Opener","PreservedInsect","Pear","Busted Crown","Magic Flower","Bottled Tornado","Omamori","The Courier","Tiny Chest","Centennial Puzzle","Singing Bowl","Black Star","Strawberry","Dead Branch","Question Card","Torii","Bag of Preparation","Kunai"],"potions_floor_usage":[13,16,33,33,46,48,55,55,55],"damage_taken":[{"damage":3,"enemies":"Jaw Worm","floor":1,"turns":5},{"damage":0,"enemies":"2 Louse","floor":5,"turns":3},{"damage":20,"enemies":"Lagavulin","floor":7,"turns":7},{"damage":2,"enemies":"Small Slimes","floor":8,"turns":4},{"damage":0,"enemies":"Red Slaver","floor":10,"turns":3},{"damage":10,"enemies":"Exordium Thugs","floor":12,"turns":4},{"damage":5,"enemies":"3 Sentries","floor":13,"turns":5},{"damage":31,"enemies":"Slime Boss","floor":16,"turns":8},{"damage":1,"enemies":"Chosen","floor":18,"turns":4},{"damage":27,"enemies":"2 Thieves","floor":20,"turns":3},{"damage":14,"enemies":"Snake Plant","floor":22,"turns":5},{"damage":21,"enemies":"3 Cultists","floor":24,"turns":5},{"damage":34,"enemies":"Gremlin Leader","floor":25,"turns":8},{"damage":28,"enemies":"Slavers","floor":28,"turns":4},{"damage":4,"enemies":"Gremlin Leader","floor":30,"turns":6},{"damage":44,"enemies":"Collector","floor":33,"turns":8},{"damage":10,"enemies":"3 Darklings","floor":35,"turns":4},{"damage":0,"enemies":"Orb Walker","floor":36,"turns":3},{"damage":10,"enemies":"Jaw Worm Horde","floor":38,"turns":4},{"damage":56,"enemies":"Giant Head","floor":41,"turns":9},{"damage":6,"enemies":"Spire Growth","floor":44,"turns":6},{"damage":34,"enemies":"Reptomancer","floor":45,"turns":6},{"damage":6,"enemies":"Maw","floor":46,"turns":7},{"damage":1,"enemies":"Transient","floor":48,"turns":5},{"damage":72,"enemies":"Donu and Deca","floor":50,"turns":9},{"damage":69,"enemies":"Shield and Spear","floor":54,"turns":6},{"damage":131,"enemies":"The Heart","floor":55,"turns":11}],"seed_played":"6590878620009566851","potions_obtained":[{"floor":8,"key":"Block Potion"},{"floor":10,"key":"PowerPotion"},{"floor":13,"key":"Ancient Potion"},{"floor":16,"key":"Weak Potion"},{"floor":28,"key":"Energy Potion"},{"floor":30,"key":"SteroidPotion"},{"floor":33,"key":"GamblersBrew"},{"floor":36,"key":"Dexterity Potion"},{"floor":46,"key":"Fire Potion"},{"floor":54,"key":"Poison Potion"}],"is_trial":false,"path_per_floor":["M","?","?","?","M","R","E","M","T","M","?","M","E","T","R","B",null,"M","$","M","?","M","R","M","E","T","R","E","$","E","?","R","B",null,"M","M","$","M","?","R","E","R","T","M","E","M","R","M","R","B",null,"R","$","E","B"],"character_chosen":"IRONCLAD","items_purchased":["Magic Flower","Centennial Puzzle","Battle Trance","Shrug It Off"],"campfire_rested":0,"item_purchase_floors":[19,29,37,37],"current_hp_per_floor":[80,80,55,44,50,50,36,40,40,46,30,29,33,43,43,18,96,99,99,101,101,99,99,99,82,82,82,93,93,108,108,108,86,114,120,122,122,128,128,128,132,132,132,143,143,151,151,151,151,144,151,151,151,121,0],"gold":62,"neow_bonus":"THREE_RARE_CARDS","is_prod":false,"is_daily":false,"chose_seed":false,"campfire_upgraded":9,"win_rate":0,"timestamp":1557352497,"path_taken":["M","?","?","?","M","R","E","M","T","M","?","M","E","?","R","BOSS","M","$","M","?","M","R","M","E","T","R","E","$","E","?","R","BOSS","M","M","$","M","?","R","E","R","T","M","E","M","R","M","R","BOSS","R","$","E","BOSS"],"build_version":"2019-05-07","purchased_purges":3,"victory":false,"max_hp_per_floor":[80,80,80,80,80,80,80,80,80,80,80,83,86,96,96,96,96,99,99,102,102,102,102,106,106,106,106,106,106,108,108,108,114,114,120,122,122,128,128,128,141,141,141,147,149,151,151,151,151,151,151,151,151,155,155],"card_choices":[{"not_picked":["Bludgeon","Limit Break"],"picked":"Juggernaut","floor":0},{"not_picked":["Perfected Strike","Intimidate"],"picked":"True Grit","floor":1},{"not_picked":["Headbutt","Sentinel"],"picked":"Combust","floor":5},{"not_picked":["Clash","Flame Barrier"],"picked":"Clothesline","floor":7},{"not_picked":["True Grit","Perfected Strike"],"picked":"Spot Weakness","floor":8},{"not_picked":["Rampage","Battle Trance"],"picked":"Feed","floor":10},{"not_picked":["Pommel Strike","Iron Wave"],"picked":"Shrug It Off","floor":12},{"not_picked":["Sword Boomerang","Burning Pact"],"picked":"Evolve","floor":13},{"not_picked":["Bludgeon","Dark Embrace"],"picked":"Reaper","floor":16},{"not_picked":["Clothesline"],"picked":"SKIP","floor":18},{"not_picked":["Flex"],"picked":"SKIP","floor":20},{"not_picked":["Heavy Blade"],"picked":"SKIP","floor":22},{"not_picked":[],"picked":"Seeing Red+1","floor":24},{"not_picked":[],"picked":"Reaper","floor":25},{"not_picked":[],"picked":"Flame Barrier","floor":28},{"not_picked":["Perfected Strike"],"picked":"Singing Bowl","floor":30},{"not_picked":["Reaper"],"picked":"Singing Bowl","floor":33},{"not_picked":["Wild Strike"],"picked":"Singing Bowl","floor":35},{"not_picked":["Headbutt"],"picked":"Singing Bowl","floor":36},{"not_picked":["Pommel Strike"],"picked":"Singing Bowl","floor":38},{"not_picked":["Combust"],"picked":"Singing Bowl","floor":41},{"not_picked":["Inflame"],"picked":"Singing Bowl","floor":44},{"not_picked":["Wild Strike"],"picked":"Singing Bowl","floor":45},{"not_picked":["Clash+1","Armaments+1"],"picked":"Singing Bowl","floor":46},{"not_picked":["Seeing Red+1"],"picked":"Burning Pact","floor":48},{"not_picked":["Havoc"],"picked":"Battle Trance+1","floor":54}],"player_experience":1355929,"relics_obtained":[{"floor":9,"key":"Matryoshka"},{"floor":13,"key":"Letter Opener"},{"floor":14,"key":"PreservedInsect"},{"floor":14,"key":"Pear"},{"floor":25,"key":"Bottled Tornado"},{"floor":26,"key":"Omamori"},{"floor":26,"key":"The Courier"},{"floor":28,"key":"Tiny Chest"},{"floor":30,"key":"Singing Bowl"},{"floor":41,"key":"Strawberry"},{"floor":41,"key":"Dead Branch"},{"floor":45,"key":"Question Card"},{"floor":45,"key":"Torii"},{"floor":54,"key":"Bag of Preparation"},{"floor":54,"key":"Kunai"}],"event_choices":[{"damage_healed":0,"gold_gain":0,"player_choice":"Leave","damage_taken":0,"max_hp_gain":0,"max_hp_loss":0,"event_name":"The Cleric","floor":2,"gold_loss":0},{"damage_healed":0,"gold_gain":0,"player_choice":"Success","damage_taken":25,"relics_obtained":["Thread and Needle"],"max_hp_gain":0,"max_hp_loss":0,"event_name":"Scrap Ooze","floor":3,"gold_loss":0},{"damage_healed":0,"gold_gain":75,"player_choice":"Gather Gold","damage_taken":11,"max_hp_gain":0,"max_hp_loss":0,"event_name":"World of Goop","floor":4,"gold_loss":0},{"damage_healed":0,"gold_gain":0,"player_choice":"Entered Light","damage_taken":16,"max_hp_gain":0,"max_hp_loss":0,"event_name":"Shining Light","floor":11,"gold_loss":0,"cards_upgraded":["Strike_R","Spot Weakness"]},{"cards_removed":["Strike_R"],"damage_healed":0,"gold_gain":0,"player_choice":"Elegance","damage_taken":0,"max_hp_gain":0,"max_hp_loss":0,"event_name":"Back to Basics","floor":21,"gold_loss":0},{"damage_healed":0,"gold_gain":0,"player_choice":"Ignored","damage_taken":0,"max_hp_gain":0,"max_hp_loss":0,"event_name":"Beggar","floor":31,"gold_loss":0},{"damage_healed":0,"gold_gain":0,"player_choice":"Forge","damage_taken":0,"max_hp_gain":0,"max_hp_loss":0,"event_name":"Accursed Blacksmith","floor":39,"gold_loss":0,"cards_upgraded":["Clothesline"]}],"is_beta":true,"boss_relics":[{"not_picked":["White Beast Statue","Philosopher\u0027s Stone"],"picked":"Busted Crown"},{"not_picked":["Pandora\u0027s Box","Snecko Eye"],"picked":"Black Star"}],"items_purged_floors":[29,37,53],"is_endless":false,"potions_floor_spawned":[8,10,13,16,28,30,33,36,44,46,54],"killed_by":"The Heart","ascension_level":0}