{"path_per_floor":["M","M","?","M","M","M","M","R","T","R","E","?","M","?","R","B",null,"M","M","M","M","$","E","R"],"character_chosen":"DEFECT","items_purchased":["Double Energy","BootSequence","Kunai"],"gold_per_floor":[109,121,121,121,141,159,174,174,174,174,200,200,218,218,218,316,316,329,341,360,371,0,33,33,33],"floor_reached":25,"campfire_rested":3,"playtime":1753,"item_purchase_floors":[22,22,22],"current_hp_per_floor":[74,72,72,67,40,36,29,51,51,51,36,36,34,61,82,43,82,65,52,34,6,6,8,32,0],"items_purged":[],"gold":33,"score":272,"play_id":"09cf8755-1f99-47bb-9bb6-a943e87e02d8","local_time":"20180620031932","is_prod":false,"is_daily":false,"chose_seed":false,"is_ascension_mode":true,"campfire_upgraded":1,"win_rate":0,"timestamp":1529475572,"campfire_choices":[{"floor":8,"key":"REST"},{"data":"Double Energy","floor":10,"key":"SMITH"},{"floor":15,"key":"REST"},{"floor":24,"key":"REST"}],"path_taken":["M","M","?","M","M","M","M","R","T","R","E","?","M","?","R","BOSS","M","M","M","M","$","E","R","E"],"build_version":"2018-06-14v2","seed_source_timestamp":535344149073928,"purchased_purges":0,"victory":false,"master_deck":["Strike_B","Strike_B","Strike_B","Strike_B","Defend_B","Defend_B","Defend_B","Defend_B","Zap","Dualcast","Echo Form","FTL","Double Energy+1","Melter","Chaos","Go for the Eyes","Go for the Eyes","Reboot","Darkness","Amplify","Ball Lightning+1","Chill","Darkness+1","White Noise","Double Energy","BootSequence","Genetic Algorithm"],"max_hp_per_floor":[75,75,75,75,75,75,75,75,75,75,82,82,82,82,82,82,82,82,82,82,82,82,82,82,82],"relics":["Cracked Core","Pen Nib","Strawberry","Runic Dome","Kunai","Bag of Preparation"],"card_choices":[{"not_picked":["Sweeping Beam","Leap"],"picked":"FTL","floor":1},{"not_picked":["Auto Shields","Barrage"],"picked":"Double Energy","floor":2},{"not_picked":["Rebound","Streamline"],"picked":"Melter","floor":4},{"not_picked":["Streamline","Steam"],"picked":"Chaos","floor":5},{"not_picked":["Compile Driver","Redo"],"picked":"Go for the Eyes","floor":6},{"not_picked":["Doom and Gloom","Conserve Battery"],"picked":"Go for the Eyes","floor":7},{"not_picked":["Undo","Ball Lightning"],"picked":"Reboot","floor":11},{"not_picked":["Beam Cell","Reprogram"],"picked":"Darkness","floor":13},{"not_picked":["Rainbow","Core Surge"],"picked":"Amplify","floor":16},{"not_picked":["Sunder","Coolheaded"],"picked":"Ball Lightning+1","floor":18},{"not_picked":["Leap","Streamline"],"picked":"Chill","floor":19},{"not_picked":["Cold Snap","Static Discharge"],"picked":"Darkness+1","floor":20},{"not_picked":["Turbo","Leap"],"picked":"White Noise","floor":21},{"not_picked":["Streamline","Sweeping Beam"],"picked":"Genetic Algorithm","floor":23}],"player_experience":373691,"potions_floor_usage":[6,11,18,18,19,23,23],"damage_taken":[{"damage":1,"enemies":"Cultist","floor":1,"turns":4},{"damage":2,"enemies":"Jaw Worm","floor":2,"turns":3},{"damage":5,"enemies":"2 Louse","floor":4,"turns":2},{"damage":27,"enemies":"Lots of Slimes","floor":5,"turns":4},{"damage":4,"enemies":"Blue Slaver","floor":6,"turns":3},{"damage":7,"enemies":"2 Fungi Beasts","floor":7,"turns":3},{"damage":22,"enemies":"3 Sentries","floor":11,"turns":5},{"damage":2,"enemies":"Looter","floor":13,"turns":4},{"damage":39,"enemies":"Hexaghost","floor":16,"turns":8},{"damage":17,"enemies":"3 Byrds","floor":18,"turns":4},{"damage":13,"enemies":"Chosen","floor":19,"turns":5},{"damage":18,"enemies":"Snake Plant","floor":20,"turns":4},{"damage":28,"enemies":"Chosen and Byrds","floor":21,"turns":5},{"damage":5,"enemies":"Gremlin Leader","floor":23,"turns":7},{"damage":35,"enemies":"Slavers","floor":25,"turns":3}],"relics_obtained":[{"floor":9,"key":"Pen Nib"},{"floor":11,"key":"Strawberry"},{"floor":23,"key":"Bag of Preparation"}],"event_choices":[{"event_name":"Golden Wing","player_choice":"Ignored","floor":3,"damage_taken":0},{"event_name":"Golden Idol","player_choice":"Ignored","floor":12,"damage_taken":0},{"event_name":"Big Fish","player_choice":"Banana","floor":14,"damage_taken":0}],"boss_relics":[{"not_picked":["Calling Bell","Eternal Feather"],"picked":"Runic Dome"}],"items_purged_floors":[],"is_endless":false,"potions_floor_spawned":[1,2,5,7,13,16,19,20],"seed_played":"-318146010922463208","killed_by":"Slavers","ascension_level":4,"potions_obtained":[{"floor":1,"key":"FocusPotion"},{"floor":2,"key":"Weak Potion"},{"floor":5,"key":"Energy Potion"},{"floor":7,"key":"Fire Potion"},{"floor":13,"key":"GamblersBrew"},{"floor":19,"key":"Strength Potion"},{"floor":20,"key":"FocusPotion"}],"is_trial":false}