{"gold_per_floor":[119,134,154,165,189,189,219,236,236,266,281,246,246,262,262,333,333,345,361,276,347,307,307,336,336,336,348,348,348,134,0,0,72,72,91,110,110,110,121,121,45,45,45,59,59,0,30,42,42,42],"floor_reached":50,"playtime":1371,"items_purged":[],"score":943,"play_id":"2dfb5d64-8387-45db-be11-af10f8890159","local_time":"20190330204913","is_ascension_mode":true,"campfire_choices":[{"data":"Armaments","floor":6,"key":"SMITH"},{"floor":15,"key":"REST"},{"data":"Havoc","floor":23,"key":"SMITH"},{"data":"Havoc","floor":25,"key":"SMITH"},{"data":"Corruption","floor":29,"key":"SMITH"},{"floor":32,"key":"REST"},{"data":"Mayhem","floor":40,"key":"SMITH"},{"data":"Feel No Pain","floor":42,"key":"SMITH"},{"floor":49,"key":"RECALL"}],"neow_cost":"NONE","seed_source_timestamp":851629046233846,"circlet_count":0,"master_deck":["AscendersBane","Strike_R+1","Strike_R+1","Strike_R+1","Defend_R+1","Defend_R+1","Defend_R+1","Defend_R+1","Bash","Bludgeon","Clash","Burning Pact","Armaments+1","Battle Trance","Clothesline","Cleave","Havoc+1","Metallicize","Havoc+1","Feed","Inflame","Havoc","Havoc","Corruption+1","Mayhem+1","Armaments","Offering","Madness","Madness","Feel No Pain+1","Metallicize","Burning Pact","Sentinel"],"relics":["Burning Blood","Bag of Marbles","Boot","Charon\u0027s Ashes","Paper Frog","Empty Cage","Bag of Preparation","Mummified Hand","Vajra","Busted Crown","Calipers","Red Mask","Gremlin Horn"],"potions_floor_usage":[4,10,13,16,24,24,33,47,47],"damage_taken":[{"damage":0,"enemies":"Cultist","floor":1,"turns":2},{"damage":2,"enemies":"2 Louse","floor":2,"turns":4},{"damage":2,"enemies":"Jaw Worm","floor":3,"turns":3},{"damage":6,"enemies":"3 Louse","floor":4,"turns":3},{"damage":16,"enemies":"Gremlin Nob","floor":7,"turns":3},{"damage":28,"enemies":"Lots of Slimes","floor":8,"turns":5},{"damage":25,"enemies":"3 Sentries","floor":10,"turns":5},{"damage":0,"enemies":"Looter","floor":11,"turns":1},{"damage":15,"enemies":"Exordium Wildlife","floor":14,"turns":3},{"damage":28,"enemies":"Slime Boss","floor":16,"turns":10},{"damage":17,"enemies":"2 Thieves","floor":18,"turns":3},{"damage":16,"enemies":"Spheric Guardian","floor":19,"turns":4},{"damage":25,"enemies":"Book of Stabbing","floor":24,"turns":4},{"damage":2,"enemies":"3 Cultists","floor":27,"turns":3},{"damage":72,"enemies":"Champ","floor":33,"turns":10},{"damage":14,"enemies":"3 Shapes","floor":35,"turns":2},{"damage":0,"enemies":"Orb Walker","floor":36,"turns":2},{"damage":12,"enemies":"4 Shapes","floor":39,"turns":2},{"damage":16,"enemies":"Transient","floor":44,"turns":5},{"damage":6,"enemies":"Reptomancer","floor":47,"turns":2},{"damage":1,"enemies":"Writhing Mass","floor":48,"turns":3},{"damage":62,"enemies":"Time Eater","floor":50,"turns":5}],"seed_played":"-4711467665351754782","potions_obtained":[{"floor":2,"key":"Fire Potion"},{"floor":4,"key":"Strength Potion"},{"floor":8,"key":"Swift Potion"},{"floor":10,"key":"EssenceOfSteel"},{"floor":13,"key":"Fruit Juice"},{"floor":13,"key":"Weak Potion"},{"floor":19,"key":"Fire Potion"},{"floor":27,"key":"Block Potion"},{"floor":36,"key":"AttackPotion"},{"floor":39,"key":"Dexterity Potion"}],"is_trial":false,"path_per_floor":["M","M","M","M","T","R","E","M","T","E","M","?","?","M","R","B",null,"M","M","?","T","?","R","E","R","T","M","?","R","$","?","R","B",null,"M","M","?","?","M","R","$","R","T","M","$","?","E","M","R","B"],"character_chosen":"IRONCLAD","items_purchased":["Mayhem","Armaments","Feel No Pain"],"campfire_rested":2,"item_purchase_floors":[30,30,41],"current_hp_per_floor":[74,75,75,75,75,75,65,43,43,24,30,48,53,44,68,46,72,64,58,58,58,58,58,39,39,39,46,46,46,46,46,73,7,69,61,67,56,56,53,53,53,53,53,43,43,43,43,48,48,0],"gold":42,"neow_bonus":"ONE_RANDOM_RARE_CARD","is_prod":false,"is_daily":false,"chose_seed":false,"campfire_upgraded":6,"win_rate":0,"timestamp":1553989753,"path_taken":["M","?","M","M","?","R","E","M","T","E","?","?","?","?","R","BOSS","M","M","?","?","?","R","E","R","T","?","?","R","$","?","R","BOSS","M","M","?","?","M","R","$","R","T","M","$","?","E","M","R","BOSS"],"build_version":"2019-01-23","purchased_purges":0,"victory":false,"max_hp_per_floor":[75,75,75,75,75,75,75,75,75,75,75,75,80,80,80,80,80,83,87,87,87,87,87,87,87,87,90,90,90,90,90,90,90,90,90,90,90,90,93,93,93,93,93,93,93,93,93,93,93,93],"card_choices":[{"not_picked":["Corruption","Reckless Charge"],"picked":"Clash","floor":1},{"not_picked":["Twin Strike","Sentinel"],"picked":"Burning Pact","floor":2},{"not_picked":["Pommel Strike","Flame Barrier"],"picked":"Armaments","floor":3},{"not_picked":["Body Slam","Dropkick"],"picked":"Battle Trance","floor":4},{"not_picked":["Flex","Perfected Strike"],"picked":"Clothesline","floor":7},{"not_picked":["Clothesline","Power Through"],"picked":"Cleave","floor":8},{"not_picked":["Intimidate","Bludgeon"],"picked":"Havoc","floor":10},{"not_picked":["True Grit","Flex"],"picked":"Metallicize","floor":11},{"not_picked":["Power Through","Infernal Blade"],"picked":"Havoc","floor":14},{"not_picked":["Dark Embrace","Berserk"],"picked":"Feed","floor":16},{"not_picked":["Sword Boomerang","Anger"],"picked":"Inflame","floor":18},{"not_picked":["True Grit","Dual Wield"],"picked":"Havoc","floor":19},{"not_picked":["Sever Soul","Twin Strike"],"picked":"Havoc","floor":24},{"not_picked":["Flex","True Grit+1"],"picked":"Corruption","floor":27},{"not_picked":["Immolate","Juggernaut"],"picked":"Offering","floor":33},{"not_picked":["Headbutt+1"],"picked":"SKIP","floor":35},{"not_picked":["Twin Strike+1"],"picked":"SKIP","floor":36},{"not_picked":["Pummel"],"picked":"SKIP","floor":39},{"not_picked":[],"picked":"Metallicize","floor":44},{"not_picked":[],"picked":"Burning Pact","floor":47},{"not_picked":[],"picked":"Sentinel","floor":48}],"player_experience":1015834,"relics_obtained":[{"floor":5,"key":"Bag of Marbles"},{"floor":7,"key":"Boot"},{"floor":9,"key":"Charon\u0027s Ashes"},{"floor":10,"key":"Paper Frog"},{"floor":21,"key":"Mummified Hand"},{"floor":24,"key":"Vajra"},{"floor":43,"key":"Calipers"},{"floor":47,"key":"Gremlin Horn"}],"event_choices":[{"damage_healed":18,"gold_gain":0,"player_choice":"Healed","damage_taken":0,"max_hp_gain":0,"max_hp_loss":0,"event_name":"The Cleric","floor":12,"gold_loss":35},{"damage_healed":0,"gold_gain":0,"player_choice":"Got Potions","damage_taken":0,"max_hp_gain":0,"max_hp_loss":0,"event_name":"Lab","floor":13,"gold_loss":0},{"damage_healed":0,"gold_gain":0,"player_choice":"Obtained Relic","damage_taken":0,"relics_obtained":["Bag of Preparation"],"max_hp_gain":0,"max_hp_loss":0,"event_name":"Addict","floor":20,"gold_loss":85},{"damage_healed":0,"gold_gain":0,"player_choice":"Bought 3 Potions","damage_taken":0,"max_hp_gain":0,"max_hp_loss":0,"event_name":"The Woman in Blue","floor":22,"gold_loss":0},{"damage_healed":0,"gold_gain":0,"player_choice":"Simplicity","damage_taken":0,"max_hp_gain":0,"max_hp_loss":0,"event_name":"Back to Basics","floor":28,"gold_loss":0,"cards_upgraded":["Strike_R","Strike_R","Strike_R","Defend_R","Defend_R","Defend_R","Defend_R"]},{"damage_healed":0,"gold_gain":0,"player_choice":"Paid Fearfully","damage_taken":0,"max_hp_gain":0,"max_hp_loss":0,"event_name":"Masked Bandits","floor":31,"gold_loss":134},{"damage_healed":0,"gold_gain":0,"player_choice":"Embrace Madness","damage_taken":11,"max_hp_gain":0,"max_hp_loss":0,"event_name":"Winding Halls","floor":37,"gold_loss":0,"cards_obtained":["Madness","Madness"]},{"damage_healed":0,"gold_gain":0,"player_choice":"Memory 1","damage_taken":0,"max_hp_gain":0,"max_hp_loss":0,"event_name":"SensoryStone","floor":38,"gold_loss":0},{"damage_healed":0,"gold_gain":0,"player_choice":"Paid","damage_taken":0,"relics_obtained":["Red Mask"],"max_hp_gain":0,"max_hp_loss":0,"event_name":"Tomb of Lord Red Mask","floor":46,"gold_loss":59}],"is_beta":false,"boss_relics":[{"not_picked":["Coffee Dripper","Pandora\u0027s Box"],"picked":"Empty Cage"},{"not_picked":["White Beast Statue","Runic Dome"],"picked":"Busted Crown"}],"items_purged_floors":[],"is_endless":false,"potions_floor_spawned":[2,4,8,10,11,19,27,36,39],"killed_by":"Time Eater","ascension_level":14}