{"gold_per_floor":[110,129,144,75,150,150,325,350,374,75,86,86,113,113,113,213,213,225,225,225,150,162,162,162],"floor_reached":24,"playtime":1167,"items_purged":[],"score":212,"play_id":"0a9a633f-11bc-4b30-99db-703c6d45bc63","local_time":"20181223021733","is_ascension_mode":true,"campfire_choices":[{"data":"Echo Form","floor":6,"key":"SMITH"},{"floor":12,"key":"REST"},{"floor":15,"key":"REST"},{"floor":23,"key":"REST"}],"neow_cost":"NONE","seed_source_timestamp":106810021708726,"circlet_count":0,"master_deck":["Strike_B","Strike_B","Strike_B","Strike_B","Defend_B","Defend_B","Defend_B","Defend_B","Zap","Dualcast","Echo Form+1","Darkness","Sweeping Beam","Defragment","FTL","Doubt","Reinforced Body","Echo Form+1","Gash","Conserve Battery","Creative AI","Turbo+1","Stack+1","Double Energy+1","Leap+1","Chaos+1","Turbo+1","Double Energy+1","Reinforced Body+1"],"relics":["Cracked Core","Art of War","MawBank","DollysMirror","Tiny Chest","Mango","Toxic Egg 2","Orrery","Smiling Mask"],"potions_floor_usage":[13,13],"damage_taken":[{"damage":4,"enemies":"Cultist","floor":1,"turns":5},{"damage":8,"enemies":"Small Slimes","floor":2,"turns":3},{"damage":1,"enemies":"Jaw Worm","floor":3,"turns":3},{"damage":28,"enemies":"Gremlin Nob","floor":8,"turns":4},{"damage":15,"enemies":"Looter","floor":11,"turns":3},{"damage":27,"enemies":"3 Sentries","floor":13,"turns":5},{"damage":25,"enemies":"The Guardian","floor":16,"turns":9},{"damage":11,"enemies":"Chosen","floor":18,"turns":6},{"damage":22,"enemies":"2 Thieves","floor":21,"turns":5},{"damage":29,"enemies":"Snake Plant","floor":22,"turns":5},{"damage":58,"enemies":"Cultist and Chosen","floor":24,"turns":6}],"seed_played":"-5939634074188563812","potions_obtained":[{"floor":3,"key":"Dexterity Potion"},{"floor":11,"key":"Strength Potion"},{"floor":16,"key":"SpeedPotion"}],"is_trial":false,"path_per_floor":["M","M","M","$","?","R","?","E","T","$","M","R","E","T","R","B",null,"M","?","?","M","M","R","M"],"character_chosen":"DEFECT","items_purchased":["FTL","DollysMirror","Tiny Chest"],"campfire_rested":3,"item_purchase_floors":[4,10,10],"current_hp_per_floor":[71,63,62,62,51,51,51,23,23,23,8,30,17,17,43,18,89,78,78,78,56,27,53,0],"gold":162,"neow_bonus":"ONE_RANDOM_RARE_CARD","is_prod":false,"is_daily":false,"chose_seed":false,"campfire_upgraded":1,"win_rate":0,"timestamp":1545542253,"path_taken":["M","M","M","$","?","R","?","E","T","?","M","R","E","?","R","BOSS","M","?","?","M","M","R","M"],"build_version":"2018-12-20","purchased_purges":0,"victory":false,"max_hp_per_floor":[75,75,75,75,75,75,75,75,75,75,75,75,89,89,89,89,89,89,89,89,89,89,89,89],"card_choices":[{"not_picked":["Hologram","Compile Driver"],"picked":"Darkness","floor":1},{"not_picked":["Reinforced Body","FTL"],"picked":"Sweeping Beam","floor":2},{"not_picked":["Leap","Compile Driver"],"picked":"Defragment","floor":3},{"not_picked":["Recycle","Stack"],"picked":"Reinforced Body","floor":8},{"not_picked":["Fusion","Consume"],"picked":"Gash","floor":11},{"not_picked":["Hologram","Tempest"],"picked":"Conserve Battery","floor":13},{"not_picked":["Reboot+1","Meteor Strike"],"picked":"Creative AI","floor":16},{"not_picked":["Ball Lightning","Tempest+1"],"picked":"Turbo+1","floor":17},{"not_picked":["Reprogram+1","Sweeping Beam"],"picked":"Stack+1","floor":17},{"not_picked":["Beam Cell","Redo+1"],"picked":"Double Energy+1","floor":17},{"not_picked":["Streamline","Coolheaded+1"],"picked":"Leap+1","floor":17},{"not_picked":["Compile Driver","Beam Cell"],"picked":"Chaos+1","floor":17},{"not_picked":["Undo+1","Cold Snap"],"picked":"Turbo+1","floor":18},{"not_picked":["Undo+1","Gash"],"picked":"Double Energy+1","floor":21},{"not_picked":["Beam Cell+1","Blizzard"],"picked":"Reinforced Body+1","floor":22}],"player_experience":528986,"relics_obtained":[{"floor":8,"key":"Art of War"},{"floor":9,"key":"MawBank"},{"floor":13,"key":"Mango"},{"floor":14,"key":"Toxic Egg 2"}],"event_choices":[{"damage_healed":0,"gold_gain":75,"player_choice":"Gather Gold","damage_taken":11,"max_hp_gain":0,"max_hp_loss":0,"event_name":"World of Goop","floor":5,"gold_loss":0},{"damage_healed":0,"gold_gain":175,"player_choice":"AGREE","damage_taken":0,"max_hp_gain":0,"max_hp_loss":0,"event_name":"Liars Game","floor":7,"gold_loss":0,"cards_obtained":["Doubt"]},{"damage_healed":0,"gold_gain":0,"player_choice":"Ignored","damage_taken":0,"max_hp_gain":0,"max_hp_loss":0,"event_name":"Ghosts","floor":19,"gold_loss":0},{"damage_healed":0,"gold_gain":0,"player_choice":"Opened","damage_taken":0,"relics_obtained":["Smiling Mask"],"max_hp_gain":0,"max_hp_loss":0,"event_name":"The Mausoleum","floor":20,"gold_loss":0}],"is_beta":false,"boss_relics":[{"not_picked":["Astrolabe","Lizard Tail"],"picked":"Orrery"}],"items_purged_floors":[],"is_endless":false,"potions_floor_spawned":[3,11,16],"killed_by":"Cultist and Chosen","ascension_level":1}