{"gold_per_floor":[117,134,134,36,111,111,142,158,181,215,234,307,307,325,325,455,455,478,502,516,11,11,44,63,63,119,144,162,162,203,256,256,381,381,405,463,14,347,447,447,479,491,491,510,542,542,567,581,581,581,581,581,102,135,135],"floor_reached":56,"playtime":3684,"items_purged":["Strike_B","Strike_B","Strike_B"],"score":1390,"play_id":"afdbefa7-c9fe-480e-a77b-6e9f6b51a483","local_time":"20190506211456","is_ascension_mode":false,"campfire_choices":[{"data":"Doom and Gloom","floor":6,"key":"SMITH"},{"data":"Defragment","floor":15,"key":"SMITH"},{"data":"Buffer","floor":25,"key":"SMITH"},{"data":"Capacitor","floor":29,"key":"SMITH"},{"data":"Electrodynamics","floor":32,"key":"SMITH"},{"floor":40,"key":"RECALL"},{"floor":49,"key":"REST"},{"floor":52,"key":"REST"}],"neow_cost":"NONE","seed_source_timestamp":724656012387039,"circlet_count":0,"master_deck":["Defend_B","Defend_B","Defend_B","Zap","Dualcast","Doom and Gloom+1","Reinforced Body","Ball Lightning","Auto Shields","Sweeping Beam","Defragment+1","Conserve Battery","Buffer+1","Electrodynamics+1","Coolheaded+1","Capacitor+1","Conserve Battery","Self Repair+1","Core Surge","Fusion","Coolheaded+1","Echo Form+1","Consume","Conserve Battery+1","Loop+1","Capacitor+1","Hologram+1"],"relics":["Cracked Core","Omamori","Bag of Marbles","Ice Cream","The Courier","Snecko Eye","Art of War","Frozen Egg 2","Question Card","Tiny Chest","Red Mask","Fusion Hammer","WingedGreaves","Bottled Tornado","Potion Belt","FossilizedHelix","Anchor","DataDisk","Bottled Lightning","FaceOfCleric","StoneCalendar","Cables","Strawberry","Dodecahedron"],"potions_floor_usage":[12,16,19,20,23,33,55,55,55,55,55,55,55,55,55],"damage_taken":[{"damage":2,"enemies":"Jaw Worm","floor":1,"turns":4},{"damage":0,"enemies":"2 Louse","floor":2,"turns":2},{"damage":6,"enemies":"Lagavulin","floor":7,"turns":10},{"damage":0,"enemies":"Small Slimes","floor":8,"turns":1},{"damage":13,"enemies":"3 Sentries","floor":10,"turns":6},{"damage":0,"enemies":"Red Slaver","floor":11,"turns":3},{"damage":0,"enemies":"3 Sentries","floor":12,"turns":6},{"damage":0,"enemies":"Gremlin Gang","floor":14,"turns":1},{"damage":17,"enemies":"Slime Boss","floor":16,"turns":8},{"damage":4,"enemies":"2 Thieves","floor":18,"turns":4},{"damage":9,"enemies":"3 Byrds","floor":19,"turns":3},{"damage":17,"enemies":"Snake Plant","floor":20,"turns":4},{"damage":7,"enemies":"Book of Stabbing","floor":23,"turns":4},{"damage":6,"enemies":"Shelled Parasite and Fungi","floor":24,"turns":6},{"damage":2,"enemies":"Centurion and Healer","floor":27,"turns":3},{"damage":10,"enemies":"Cultist and Chosen","floor":28,"turns":4},{"damage":19,"enemies":"Masked Bandits","floor":30,"turns":4},{"damage":2,"enemies":"Champ","floor":33,"turns":16},{"damage":2,"enemies":"Orb Walker","floor":35,"turns":3},{"damage":11,"enemies":"2 Orb Walkers","floor":36,"turns":4},{"damage":0,"enemies":"Mind Bloom Boss Battle","floor":39,"turns":4},{"damage":0,"enemies":"Reptomancer","floor":41,"turns":5},{"damage":0,"enemies":"3 Shapes","floor":42,"turns":4},{"damage":0,"enemies":"Maw","floor":44,"turns":8},{"damage":0,"enemies":"Nemesis","floor":45,"turns":7},{"damage":14,"enemies":"Reptomancer","floor":47,"turns":5},{"damage":0,"enemies":"Transient","floor":48,"turns":5},{"damage":0,"enemies":"Time Eater","floor":50,"turns":17},{"damage":0,"enemies":"Shield and Spear","floor":54,"turns":5},{"damage":2,"enemies":"The Heart","floor":55,"turns":7}],"seed_played":"-7146627030300522527","potions_obtained":[{"floor":10,"key":"Dexterity Potion"},{"floor":11,"key":"LiquidBronze"},{"floor":12,"key":"Regen Potion"},{"floor":18,"key":"Strength Potion"},{"floor":19,"key":"Fruit Juice"},{"floor":24,"key":"FearPotion"},{"floor":30,"key":"Energy Potion"},{"floor":36,"key":"AttackPotion"}],"is_trial":false,"path_per_floor":["M","M","?","$","?","R","E","M","T","E","M","?","?","M","R","B",null,"M","M","M","$","?","E","M","R","T","M","M","R","?","T","R","B",null,"M","?","$","?","?","R","E","M","T","M","E","?","E","M","R","B",null,"R","$","E","B",null],"character_chosen":"DEFECT","items_purchased":["Ball Lightning","Art of War","Frozen Egg 2","Self Repair+1","Weak Potion","Bottled Tornado","Potion Belt","FocusPotion","EntropicBrew","Capacitor+1","Cables","Strawberry"],"campfire_rested":2,"item_purchase_floors":[4,21,21,21,21,37,37,37,37,53,53,53],"current_hp_per_floor":[73,73,55,55,44,44,38,38,38,25,25,25,25,25,25,20,75,71,67,50,50,50,53,57,57,57,65,65,65,56,56,56,64,80,78,77,77,77,80,80,80,80,80,80,80,80,81,82,82,83,83,83,90,91,92],"gold":135,"neow_bonus":"REMOVE_CARD","is_prod":false,"is_daily":false,"chose_seed":false,"campfire_upgraded":5,"win_rate":0,"timestamp":1557173696,"path_taken":["M","M","?","$","?","R","E","M","T","E","M","?","?","M","R","BOSS","M","?","M","$","?","E","M","R","T","?","M","R","?","?","R","BOSS","M","?","$","?","?","R","E","M","T","M","E","?","E","?","R","BOSS","R","$","E","BOSS"],"build_version":"2019-04-23","purchased_purges":3,"victory":true,"max_hp_per_floor":[75,75,75,75,75,75,75,75,75,75,75,75,75,75,75,75,75,75,80,80,80,80,80,80,80,80,80,80,80,80,80,80,80,80,80,80,80,80,80,80,80,80,80,80,80,80,81,82,82,83,83,83,90,91,92],"card_choices":[{"not_picked":["Conserve Battery","Glacier"],"picked":"Doom and Gloom","floor":1},{"not_picked":["Gash","Stack"],"picked":"Reinforced Body","floor":2},{"not_picked":["Beam Cell","Gash"],"picked":"Auto Shields","floor":7},{"not_picked":["Scrape","Rip and Tear"],"picked":"Sweeping Beam","floor":8},{"not_picked":["Cold Snap","Doom and Gloom","Stack"],"picked":"SKIP","floor":10},{"not_picked":["Ball Lightning","Beam Cell"],"picked":"Defragment","floor":11},{"not_picked":["Hologram","Rip and Tear"],"picked":"Conserve Battery","floor":12},{"not_picked":["Storm","Beam Cell"],"picked":"Buffer","floor":14},{"not_picked":["Hyperbeam","Seek"],"picked":"Electrodynamics","floor":16},{"not_picked":["Conserve Battery","Barrage"],"picked":"Coolheaded+1","floor":18},{"not_picked":["Streamline","Force Field"],"picked":"Capacitor","floor":19},{"not_picked":["Loop","Turbo"],"picked":"Conserve Battery","floor":20},{"not_picked":["Beam Cell","Heatsinks+1"],"picked":"Fusion","floor":23},{"not_picked":["Undo","Streamline","White Noise","Steam Power+1"],"picked":"SKIP","floor":24},{"not_picked":["Melter","Leap+1","Ball Lightning","Skim"],"picked":"SKIP","floor":27},{"not_picked":["Cold Snap+1","Aggregate","Chaos","Doom and Gloom"],"picked":"SKIP","floor":28},{"not_picked":["Reboot","Ball Lightning","Reinforced Body"],"picked":"Coolheaded+1","floor":30},{"not_picked":["Biased Cognition+1","Creative AI+1","Buffer+1"],"picked":"Echo Form+1","floor":33},{"not_picked":["Steam+1","Coolheaded","Beam Cell+1","Rebound"],"picked":"SKIP","floor":35},{"not_picked":["Coolheaded","Fusion","Blizzard+1"],"picked":"Consume","floor":36},{"not_picked":["Rebound","Gash+1","Go for the Eyes"],"picked":"Conserve Battery+1","floor":39},{"not_picked":["Streamline","Rebound+1","Sweeping Beam","Reinforced Body"],"picked":"SKIP","floor":41},{"not_picked":["Conserve Battery","Go for the Eyes","Beam Cell+1"],"picked":"Loop+1","floor":42},{"not_picked":["Cold Snap+1","Scrape","Streamline+1","Rebound+1"],"picked":"SKIP","floor":44},{"not_picked":["FTL+1","Cold Snap","Melter+1","Go for the Eyes+1"],"picked":"SKIP","floor":45},{"not_picked":["Electrodynamics+1","Steam Power","Streamline+1","Steam+1"],"picked":"SKIP","floor":47},{"not_picked":["Redo+1","Turbo","Steam Power+1","Reprogram"],"picked":"SKIP","floor":48},{"not_picked":["Hello World+1","Aggregate+1","Recycle+1"],"picked":"Hologram+1","floor":54}],"player_experience":1342959,"relics_obtained":[{"floor":7,"key":"Omamori"},{"floor":9,"key":"Bag of Marbles"},{"floor":10,"key":"Ice Cream"},{"floor":12,"key":"The Courier"},{"floor":23,"key":"Question Card"},{"floor":26,"key":"Tiny Chest"},{"floor":30,"key":"Red Mask"},{"floor":36,"key":"WingedGreaves"},{"floor":39,"key":"FossilizedHelix"},{"floor":41,"key":"Anchor"},{"floor":43,"key":"DataDisk"},{"floor":45,"key":"Bottled Lightning"},{"floor":47,"key":"StoneCalendar"},{"floor":54,"key":"Dodecahedron"}],"event_choices":[{"damage_healed":0,"gold_gain":0,"player_choice":"Take Damage","damage_taken":18,"relics_obtained":["Golden Idol"],"max_hp_gain":0,"max_hp_loss":0,"event_name":"Golden Idol","floor":3,"gold_loss":0},{"damage_healed":0,"gold_gain":75,"player_choice":"Gather Gold","damage_taken":11,"max_hp_gain":0,"max_hp_loss":0,"event_name":"World of Goop","floor":5,"gold_loss":0},{"damage_healed":0,"gold_gain":30,"player_choice":"Searched \u00273\u0027 times","damage_taken":0,"max_hp_gain":0,"max_hp_loss":0,"event_name":"Dead Adventurer","floor":12,"gold_loss":0},{"cards_removed":["Defend_B"],"damage_healed":0,"gold_gain":0,"player_choice":"Purged","damage_taken":0,"max_hp_gain":0,"max_hp_loss":0,"event_name":"Purifier","floor":13,"gold_loss":0},{"damage_healed":0,"gold_gain":0,"player_choice":"1 cards matched","damage_taken":0,"max_hp_gain":0,"max_hp_loss":0,"event_name":"Match and Keep!","floor":22,"gold_loss":0,"cards_obtained":["Core Surge"]},{"damage_healed":0,"gold_gain":0,"player_choice":"Fought Bandits","damage_taken":0,"max_hp_gain":0,"max_hp_loss":0,"event_name":"Masked Bandits","floor":30,"gold_loss":0},{"damage_healed":0,"gold_gain":0,"player_choice":"Fight","damage_taken":0,"max_hp_gain":0,"max_hp_loss":0,"event_name":"Mysterious Sphere","floor":36,"gold_loss":0},{"damage_healed":0,"gold_gain":333,"player_choice":"Gave Idol","damage_taken":0,"max_hp_gain":0,"max_hp_loss":0,"event_name":"The Moai Head","floor":38,"relics_lost":["Golden Idol"],"gold_loss":0},{"damage_healed":0,"gold_gain":0,"player_choice":"Fight","damage_taken":0,"max_hp_gain":0,"max_hp_loss":0,"event_name":"MindBloom","floor":39,"gold_loss":0},{"damage_healed":0,"gold_gain":0,"player_choice":"Trade","damage_taken":0,"relics_obtained":["FaceOfCleric"],"max_hp_gain":0,"max_hp_loss":0,"event_name":"FaceTrader","floor":46,"gold_loss":0}],"is_beta":true,"boss_relics":[{"not_picked":["Sozu","Coffee Dripper"],"picked":"Snecko Eye"},{"not_picked":["Astrolabe","Pandora\u0027s Box"],"picked":"Fusion Hammer"}],"items_purged_floors":[4,21,53],"is_endless":false,"potions_floor_spawned":[10,11,12,18,19,24,30,36,41,48],"ascension_level":0}