{"gold_per_floor":[111,111,123,142,142,142,155,155,155,182,182,196,210,235,235,338,338,354,354,368,36,54,54,54,54,77,77,97,97,115,149,149,249,249,265,265,8,55,73,73,91,91],"floor_reached":42,"playtime":4460,"items_purged":["Decay","Writhe"],"score":649,"play_id":"02286a42-65e2-4897-be98-93107b1b8229","local_time":"20190214225009","is_ascension_mode":true,"campfire_choices":[{"data":"Armaments","floor":6,"key":"SMITH"},{"data":"Heavy Blade","floor":8,"key":"SMITH"},{"data":"Flex","floor":11,"key":"SMITH"},{"floor":15,"key":"REST"},{"data":"Heavy Blade","floor":23,"key":"SMITH"},{"data":"Spot Weakness","floor":25,"key":"SMITH"},{"data":"Flex","floor":29,"key":"SMITH"},{"floor":32,"key":"REST"},{"floor":40,"key":"RECALL"}],"neow_cost":"NONE","seed_source_timestamp":29230709175847,"circlet_count":0,"master_deck":["Strike_R","Strike_R","Strike_R","Strike_R","Defend_R","Defend_R","Defend_R","Defend_R","Bash","Armaments+1","Anger","Heavy Blade+1","Flame Barrier","Flex+1","Spot Weakness+1","Rage","Pommel Strike","Feed","Inflame+1","Body Slam+1","Heavy Blade+1","Flex+1","Secret Weapon","Clothesline+1","Iron Wave","Bash","Shrug It Off","Disarm+1","Demon Form","Inflame","Spot Weakness","Headbutt+1","Seeing Red+1"],"relics":["Burning Blood","Darkstone Periapt","Blue Candle","Vajra","Mercury Hourglass","Runic Pyramid","Lantern","PreservedInsect","Philosopher\u0027s Stone","Turnip"],"potions_floor_usage":[7,14,16,33,33,33,35,41],"damage_taken":[{"damage":9,"enemies":"2 Louse","floor":1,"turns":3},{"damage":1,"enemies":"Cultist","floor":3,"turns":3},{"damage":4,"enemies":"Jaw Worm","floor":4,"turns":3},{"damage":29,"enemies":"Exordium Thugs","floor":7,"turns":7},{"damage":25,"enemies":"Gremlin Nob","floor":10,"turns":4},{"damage":4,"enemies":"Looter","floor":12,"turns":4},{"damage":0,"enemies":"Blue Slaver","floor":13,"turns":2},{"damage":22,"enemies":"Lagavulin","floor":14,"turns":5},{"damage":48,"enemies":"Hexaghost","floor":16,"turns":9},{"damage":0,"enemies":"Spheric Guardian","floor":18,"turns":3},{"damage":9,"enemies":"Chosen","floor":20,"turns":3},{"damage":26,"enemies":"Centurion and Healer","floor":22,"turns":3},{"damage":0,"enemies":"Snake Plant","floor":28,"turns":1},{"damage":8,"enemies":"Cultist and Chosen","floor":30,"turns":4},{"damage":43,"enemies":"Slavers","floor":31,"turns":5},{"damage":73,"enemies":"Collector","floor":33,"turns":8},{"damage":16,"enemies":"3 Darklings","floor":35,"turns":3},{"damage":45,"enemies":"2 Orb Walkers","floor":38,"turns":5},{"damage":21,"enemies":"Orb Walker","floor":39,"turns":3},{"damage":28,"enemies":"3 Darklings","floor":41,"turns":4},{"damage":61,"enemies":"Writhing Mass","floor":42,"turns":2}],"seed_played":"6560553245302911943","potions_obtained":[{"floor":3,"key":"SteroidPotion"},{"floor":7,"key":"Fire Potion"},{"floor":14,"key":"Strength Potion"},{"floor":16,"key":"GamblersBrew"},{"floor":20,"key":"SkillPotion"},{"floor":30,"key":"SkillPotion"},{"floor":33,"key":"SpeedPotion"},{"floor":35,"key":"Fruit Juice"}],"is_trial":false,"path_per_floor":["M","?","M","M","?","R","M","R","T","E","R","M","M","E","R","B",null,"M","?","M","$","M","R","$","R","T","?","M","R","M","E","R","B",null,"M","?","$","?","M","R","M","M"],"character_chosen":"IRONCLAD","items_purchased":["Heavy Blade","Flex","Secret Weapon","Inflame","Spot Weakness"],"campfire_rested":2,"item_purchase_floors":[21,21,21,37,37],"current_hp_per_floor":[77,77,82,84,77,77,54,54,54,35,35,37,43,27,53,11,69,78,84,84,84,67,67,67,67,67,67,73,73,75,41,74,7,84,82,118,118,82,71,71,49,0],"gold":91,"neow_bonus":"TEN_PERCENT_HP_BONUS","is_prod":false,"is_daily":false,"chose_seed":false,"campfire_upgraded":6,"win_rate":0,"timestamp":1550195409,"path_taken":["M","?","?","M","?","R","M","R","T","E","R","M","M","E","R","BOSS","M","?","M","$","M","R","$","R","T","?","M","R","?","E","R","BOSS","M","?","$","?","M","R","M","M"],"build_version":"2019-01-23","purchased_purges":2,"victory":false,"max_hp_per_floor":[88,88,88,88,88,88,88,88,88,88,88,88,88,88,88,88,88,91,97,100,100,103,103,103,103,103,103,103,103,107,110,110,110,110,118,124,124,127,131,131,131,131],"card_choices":[{"not_picked":["Havoc","Cleave"],"picked":"Armaments","floor":1},{"not_picked":["Twin Strike","Blood for Blood"],"picked":"Anger","floor":3},{"not_picked":["Heavy Blade","Clash","Body Slam"],"picked":"SKIP","floor":4},{"not_picked":["Clash","Body Slam"],"picked":"Heavy Blade","floor":4},{"not_picked":["Sword Boomerang","Body Slam"],"picked":"Flame Barrier","floor":7},{"not_picked":["True Grit","Ghostly Armor"],"picked":"Flex","floor":10},{"not_picked":["Heavy Blade","Uppercut"],"picked":"Spot Weakness","floor":12},{"not_picked":["Immolate","Thunderclap"],"picked":"Rage","floor":13},{"not_picked":["Iron Wave","Cleave"],"picked":"Pommel Strike","floor":14},{"not_picked":["Exhume","Barricade"],"picked":"Feed","floor":16},{"not_picked":["Entrench+1","Infernal Blade"],"picked":"Inflame+1","floor":18},{"not_picked":["Iron Wave","Headbutt"],"picked":"Body Slam+1","floor":20},{"not_picked":["Flame Barrier","Blood for Blood"],"picked":"Clothesline+1","floor":22},{"not_picked":["Iron Wave+1","Warcry","Thunderclap"],"picked":"SKIP","floor":28},{"not_picked":["Searing Blow","Havoc"],"picked":"Shrug It Off","floor":30},{"not_picked":["Whirlwind","Burning Pact+1"],"picked":"Disarm+1","floor":31},{"not_picked":["Impervious","Exhume"],"picked":"Demon Form","floor":33},{"not_picked":["True Grit","Rampage+1","Clash+1"],"picked":"SKIP","floor":35},{"not_picked":["Wild Strike+1","Reckless Charge"],"picked":"Headbutt+1","floor":38},{"not_picked":["Cleave","Evolve+1"],"picked":"Seeing Red+1","floor":39},{"not_picked":["Thunderclap+1","Twin Strike+1","Warcry"],"picked":"SKIP","floor":41}],"player_experience":761915,"relics_obtained":[{"floor":9,"key":"Blue Candle"},{"floor":10,"key":"Vajra"},{"floor":14,"key":"Mercury Hourglass"},{"floor":26,"key":"Lantern"},{"floor":31,"key":"PreservedInsect"},{"floor":38,"key":"Turnip"}],"event_choices":[{"cards_removed":["Strike_R"],"damage_healed":0,"gold_gain":0,"player_choice":"Purged","damage_taken":0,"max_hp_gain":0,"max_hp_loss":0,"event_name":"Purifier","floor":2,"gold_loss":0},{"damage_healed":0,"gold_gain":0,"player_choice":"Success","damage_taken":7,"relics_obtained":["Darkstone Periapt"],"max_hp_gain":0,"max_hp_loss":0,"event_name":"Scrap Ooze","floor":5,"gold_loss":0},{"damage_healed":0,"gold_gain":0,"player_choice":"Smashed Altar","damage_taken":0,"max_hp_gain":0,"max_hp_loss":0,"event_name":"Forgotten Altar","floor":19,"gold_loss":0,"cards_obtained":["Decay"]},{"damage_healed":0,"gold_gain":0,"player_choice":"2 cards matched","damage_taken":0,"max_hp_gain":0,"max_hp_loss":0,"event_name":"Match and Keep!","floor":27,"gold_loss":0,"cards_obtained":["Iron Wave","Bash"]},{"damage_healed":30,"gold_gain":0,"player_choice":"Writhe","damage_taken":0,"max_hp_gain":0,"max_hp_loss":0,"event_name":"Winding Halls","floor":36,"gold_loss":0,"cards_obtained":["Writhe"]},{"damage_healed":0,"gold_gain":0,"player_choice":"Fight","damage_taken":0,"max_hp_gain":0,"max_hp_loss":0,"event_name":"Mysterious Sphere","floor":38,"gold_loss":0}],"is_beta":false,"boss_relics":[{"not_picked":["Velvet Choker","White Beast Statue"],"picked":"Runic Pyramid"},{"not_picked":["Empty Cage","Coffee Dripper"],"picked":"Philosopher\u0027s Stone"}],"items_purged_floors":[21,37],"is_endless":false,"potions_floor_spawned":[3,7,14,16,20,30,33,35],"killed_by":"Writhing Mass","ascension_level":8}