{"gold_per_floor":[118,43,55,55,66,100,111,111,134,154,165,180,207,157,157,252,252,264,164,164,179,129,129,141,141,141,14,49,61,61,72,72,170,170,187,99,114,132,155,185,185,201,201,201,216,231,266,266,266,266,266,266,5,39,39],"floor_reached":56,"playtime":2826,"items_purged":["Strike_R","Strike_R","Strike_R","Defend_R"],"score":1191,"play_id":"7c15357e-5ac1-4bae-a060-5cb1d6974c32","local_time":"20190307133155","is_ascension_mode":false,"campfire_choices":[{"data":"Shockwave","floor":8,"key":"SMITH"},{"data":"Rampage","floor":15,"key":"SMITH"},{"data":"Armaments","floor":23,"key":"SMITH"},{"data":"Pommel Strike","floor":25,"key":"SMITH"},{"floor":32,"key":"REST"},{"data":"True Grit","floor":41,"key":"SMITH"},{"floor":44,"key":"REST"},{"floor":49,"key":"RECALL"},{"data":"Fiend Fire","floor":52,"key":"SMITH"}],"neow_cost":"NONE","seed_source_timestamp":647458303732488,"circlet_count":0,"master_deck":["Defend_R","Defend_R","Bash","Thunderclap","Rampage+1","Shockwave+1","Shrug It Off","Sword Boomerang","Impervious","Feel No Pain","Pommel Strike+1","Brutality","Bloodletting+1","Armaments+1","Shrug It Off","Pommel Strike","Headbutt","Inflame+1","True Grit+1","Fiend Fire+1","Metallicize","True Grit+1","Shockwave+1","Heavy Blade+1","Bludgeon","Flame Barrier+1","Heavy Blade","Shrug It Off+1"],"relics":["Burning Blood","Smiling Mask","Red Skull","Potion Belt","Philosopher\u0027s Stone","Sundial","Ancient Tea Set","FaceOfCleric","Snecko Eye","Anchor","Blood Vial","Centennial Puzzle","Orichalcum","Mummified Hand","Bottled Tornado"],"potions_floor_usage":[12,13,16,21,29,33,33,40,50,50,54,55,55,55],"damage_taken":[{"damage":5,"enemies":"2 Louse","floor":1,"turns":2},{"damage":6,"enemies":"Cultist","floor":3,"turns":3},{"damage":2,"enemies":"Small Slimes","floor":5,"turns":3},{"damage":28,"enemies":"Lagavulin","floor":6,"turns":8},{"damage":4,"enemies":"Exordium Thugs","floor":7,"turns":3},{"damage":3,"enemies":"Exordium Wildlife","floor":10,"turns":4},{"damage":0,"enemies":"3 Louse","floor":11,"turns":4},{"damage":0,"enemies":"Gremlin Gang","floor":12,"turns":3},{"damage":19,"enemies":"3 Sentries","floor":13,"turns":6},{"damage":38,"enemies":"Hexaghost","floor":16,"turns":9},{"damage":10,"enemies":"Shell Parasite","floor":18,"turns":4},{"damage":17,"enemies":"2 Thieves","floor":21,"turns":4},{"damage":13,"enemies":"Snecko","floor":24,"turns":7},{"damage":42,"enemies":"Book of Stabbing","floor":28,"turns":6},{"damage":5,"enemies":"Snake Plant","floor":29,"turns":3},{"damage":10,"enemies":"Shelled Parasite and Fungi","floor":31,"turns":5},{"damage":21,"enemies":"Collector","floor":33,"turns":6},{"damage":16,"enemies":"Orb Walker","floor":35,"turns":4},{"damage":0,"enemies":"3 Shapes","floor":37,"turns":3},{"damage":4,"enemies":"Writhing Mass","floor":38,"turns":6},{"damage":50,"enemies":"Nemesis","floor":40,"turns":9},{"damage":14,"enemies":"Jaw Worm Horde","floor":42,"turns":4},{"damage":11,"enemies":"Maw","floor":45,"turns":6},{"damage":3,"enemies":"Sphere and 2 Shapes","floor":46,"turns":5},{"damage":10,"enemies":"Giant Head","floor":47,"turns":6},{"damage":17,"enemies":"Time Eater","floor":50,"turns":7},{"damage":33,"enemies":"Shield and Spear","floor":54,"turns":7},{"damage":65,"enemies":"The Heart","floor":55,"turns":8}],"seed_played":"-2550490679405863025","potions_obtained":[{"floor":3,"key":"Weak Potion"},{"floor":5,"key":"SteroidPotion"},{"floor":6,"key":"Explosive Potion"},{"floor":12,"key":"Poison Potion"},{"floor":16,"key":"SteroidPotion"},{"floor":21,"key":"Weak Potion"},{"floor":28,"key":"Strength Potion"},{"floor":29,"key":"PowerPotion"},{"floor":33,"key":"SteroidPotion"},{"floor":38,"key":"Regen Potion"},{"floor":42,"key":"Weak Potion"},{"floor":45,"key":"Energy Potion"},{"floor":47,"key":"Strength Potion"},{"floor":54,"key":"EssenceOfSteel"}],"is_trial":false,"path_per_floor":["M","$","M","?","M","E","M","R","T","M","M","M","E","?","R","B",null,"M","$","?","M","$","R","M","R","T","$","E","M","?","M","R","B",null,"M","$","M","M","T","E","R","M","T","R","M","M","E","T","R","B",null,"R","$","E","B",null],"character_chosen":"IRONCLAD","items_purchased":["Rampage","Armaments","Pommel Strike","Headbutt","Metallicize","Mummified Hand","Heavy Blade"],"campfire_rested":2,"item_purchase_floors":[2,19,27,27,36,53,53],"current_hp_per_floor":[80,80,80,80,80,58,60,60,60,63,69,75,62,62,62,30,80,76,76,76,65,65,65,58,58,58,58,22,23,23,20,44,30,82,73,73,80,83,83,40,40,33,33,59,57,63,62,62,62,69,91,91,91,65,9],"gold":39,"neow_bonus":"REMOVE_CARD","is_prod":false,"is_daily":false,"chose_seed":false,"campfire_upgraded":6,"win_rate":0,"timestamp":1551965515,"path_taken":["M","$","M","?","M","E","M","R","T","M","?","M","E","?","R","BOSS","M","$","?","M","?","R","M","R","T","$","E","?","?","M","R","BOSS","M","$","?","?","?","E","R","M","T","R","M","M","E","?","R","BOSS","R","$","E","BOSS"],"build_version":"2019-02-06","purchased_purges":4,"victory":true,"max_hp_per_floor":[80,80,80,80,80,80,80,80,80,80,80,80,80,80,80,80,80,80,80,80,80,80,80,80,80,80,80,80,80,80,81,81,82,82,83,83,84,85,85,86,86,87,87,87,88,89,90,90,90,91,91,91,91,92,93],"card_choices":[{"not_picked":["Armaments","Clash"],"picked":"Thunderclap","floor":1},{"not_picked":["Iron Wave","Entrench"],"picked":"Shockwave","floor":3},{"not_picked":["Heavy Blade","Inflame"],"picked":"Shrug It Off","floor":5},{"not_picked":["Reckless Charge","Thunderclap"],"picked":"Sword Boomerang","floor":6},{"not_picked":["Clothesline","Second Wind"],"picked":"Impervious","floor":7},{"not_picked":["Shockwave","Ghostly Armor"],"picked":"Feel No Pain","floor":10},{"not_picked":["Havoc","Entrench"],"picked":"Pommel Strike","floor":11},{"not_picked":["Thunderclap","Cleave","Blood for Blood"],"picked":"SKIP","floor":12},{"not_picked":["Clothesline","Fire Breathing","Warcry"],"picked":"SKIP","floor":13},{"not_picked":["Juggernaut","Exhume"],"picked":"Brutality","floor":16},{"not_picked":["Thunderclap","Cleave"],"picked":"Bloodletting+1","floor":18},{"not_picked":["Corruption","Clothesline"],"picked":"Shrug It Off","floor":21},{"not_picked":["Havoc","Sever Soul","Clash"],"picked":"SKIP","floor":24},{"not_picked":["Berserk","Hemokinesis"],"picked":"Inflame+1","floor":28},{"not_picked":["Armaments","Headbutt"],"picked":"True Grit","floor":29},{"not_picked":["Clash","Cleave","Corruption"],"picked":"SKIP","floor":31},{"not_picked":["Demon Form","Brutality"],"picked":"Fiend Fire","floor":33},{"not_picked":["Twin Strike","Thunderclap+1","Seeing Red+1"],"picked":"SKIP","floor":35},{"not_picked":["Twin Strike+1","Hemokinesis+1"],"picked":"True Grit+1","floor":37},{"not_picked":["Power Through","Flex+1","Sword Boomerang"],"picked":"SKIP","floor":38},{"not_picked":["True Grit+1","Whirlwind"],"picked":"Shockwave+1","floor":40},{"not_picked":["True Grit","Cleave+1"],"picked":"Heavy Blade+1","floor":42},{"not_picked":["Shockwave","Shrug It Off"],"picked":"Bludgeon","floor":45},{"not_picked":["Pommel Strike+1","Sword Boomerang+1"],"picked":"Flame Barrier+1","floor":46},{"not_picked":["Hemokinesis","Power Through+1","Headbutt"],"picked":"SKIP","floor":47},{"not_picked":["Pommel Strike","Perfected Strike"],"picked":"Shrug It Off+1","floor":54}],"player_experience":1038168,"relics_obtained":[{"floor":6,"key":"Smiling Mask"},{"floor":9,"key":"Red Skull"},{"floor":13,"key":"Potion Belt"},{"floor":26,"key":"Sundial"},{"floor":28,"key":"Ancient Tea Set"},{"floor":40,"key":"Anchor"},{"floor":43,"key":"Blood Vial"},{"floor":47,"key":"Centennial Puzzle"},{"floor":48,"key":"Orichalcum"},{"floor":54,"key":"Bottled Tornado"}],"event_choices":[{"damage_healed":0,"gold_gain":0,"player_choice":"0 cards matched","damage_taken":0,"max_hp_gain":0,"max_hp_loss":0,"event_name":"Match and Keep!","floor":4,"gold_loss":0,"cards_obtained":[]},{"cards_removed":["Strike_R"],"damage_healed":0,"gold_gain":0,"player_choice":"Card Removal","damage_taken":0,"max_hp_gain":0,"max_hp_loss":0,"event_name":"The Cleric","floor":14,"gold_loss":50},{"cards_removed":["Defend_R"],"damage_healed":0,"gold_gain":0,"player_choice":"Offered Basic","damage_taken":0,"max_hp_gain":0,"max_hp_loss":0,"event_name":"Bonfire Elementals","floor":20,"gold_loss":0},{"damage_healed":0,"gold_gain":0,"player_choice":"Trade","damage_taken":0,"relics_obtained":["FaceOfCleric"],"max_hp_gain":0,"max_hp_loss":0,"event_name":"FaceTrader","floor":30,"gold_loss":0}],"is_beta":true,"boss_relics":[{"not_picked":["Runic Dome","Sozu"],"picked":"Philosopher\u0027s Stone"},{"not_picked":["Lizard Tail","Runic Cube"],"picked":"Snecko Eye"}],"items_purged_floors":[19,22,27,36],"is_endless":false,"potions_floor_spawned":[3,5,6,7,12,16,21,28,29,33,38,42,45,47,54],"ascension_level":0}