{"gold_per_floor":[113,127,402,78,95,127,127,155,155,183,183,133,171,185,185,310,310,325,325,345,23,23,62,62,101,126,26,60,83,122,147,147,277,277,301,301,301,317,317,360,374,412,412,427,427,450,470,501,501,501,501,501,35,71,71],"floor_reached":56,"playtime":4126,"items_purged":["Regret","Writhe","Strike_B"],"score":1763,"play_id":"d07a96d3-99bf-4ffa-baf9-231a208332ff","local_time":"20190303183506","is_ascension_mode":true,"campfire_choices":[{"data":"Consume","floor":7,"key":"SMITH"},{"data":"Loop","floor":15,"key":"SMITH"},{"data":"Hello World","floor":24,"key":"SMITH"},{"data":"Capacitor","floor":32,"key":"SMITH"},{"floor":49,"key":"RECALL"},{"floor":52,"key":"REST"}],"neow_cost":"NONE","seed_source_timestamp":181620882768877,"circlet_count":0,"master_deck":["Strike_B","Defend_B","Defend_B+1","Defend_B+1","Defend_B","Zap","Dualcast","Compile Driver","Coolheaded","Consume+1","Loop+1","Steam","Cold Snap","Glacier","Ball Lightning","Go for the Eyes","Ball Lightning","Hello World+1","Reboot","BootSequence+1","Blizzard+1","Cold Snap+1","Capacitor","Capacitor+1","Conserve Battery","Self Repair","Stack","Reinforced Body","Chill+1","Electrodynamics","Sweeping Beam+1","Sweeping Beam+1","Conserve Battery+1","Defragment+1","Doom and Gloom+1","Hologram","Glacier+1","Coolheaded+1","Core Surge","Chaos+1","Capacitor+1","Glacier+1"],"relics":["Cracked Core","War Paint","Bottled Flame","Thread and Needle","Prayer Wheel","Kunai","Golden Idol","Oddly Smooth Stone","Velvet Choker","NlothsMask","Cables","Art of War","Lantern","Dead Branch","Centennial Puzzle","Blood Vial","Fusion Hammer","Bag of Marbles","Pen Nib","Dodecahedron","Omamori","DataDisk","Lee\u0027s Waffle","Calipers"],"potions_floor_usage":[10,10,18,23,30,42,55,55],"damage_taken":[{"damage":2,"enemies":"Small Slimes","floor":1,"turns":3},{"damage":0,"enemies":"Cultist","floor":2,"turns":4},{"damage":0,"enemies":"Jaw Worm","floor":5,"turns":4},{"damage":14,"enemies":"Lagavulin","floor":6,"turns":7},{"damage":2,"enemies":"3 Sentries","floor":8,"turns":16},{"damage":16,"enemies":"Gremlin Nob","floor":10,"turns":4},{"damage":0,"enemies":"Lagavulin","floor":13,"turns":8},{"damage":0,"enemies":"Large Slime","floor":14,"turns":5},{"damage":0,"enemies":"Hexaghost","floor":16,"turns":10},{"damage":0,"enemies":"3 Byrds","floor":18,"turns":4},{"damage":0,"enemies":"2 Thieves","floor":20,"turns":3},{"damage":0,"enemies":"Book of Stabbing","floor":23,"turns":5},{"damage":13,"enemies":"Gremlin Leader","floor":25,"turns":9},{"damage":0,"enemies":"Book of Stabbing","floor":28,"turns":7},{"damage":0,"enemies":"Snake Plant","floor":29,"turns":4},{"damage":0,"enemies":"Gremlin Leader","floor":30,"turns":9},{"damage":0,"enemies":"Snecko","floor":31,"turns":6},{"damage":0,"enemies":"Automaton","floor":33,"turns":12},{"damage":0,"enemies":"3 Darklings","floor":35,"turns":5},{"damage":0,"enemies":"3 Shapes","floor":38,"turns":4},{"damage":3,"enemies":"Reptomancer","floor":40,"turns":7},{"damage":0,"enemies":"Writhing Mass","floor":41,"turns":6},{"damage":0,"enemies":"Nemesis","floor":42,"turns":7},{"damage":0,"enemies":"4 Shapes","floor":44,"turns":4},{"damage":0,"enemies":"Transient","floor":46,"turns":5},{"damage":0,"enemies":"Maw","floor":47,"turns":8},{"damage":0,"enemies":"Reptomancer","floor":48,"turns":9},{"damage":0,"enemies":"Donu and Deca","floor":50,"turns":9},{"damage":0,"enemies":"Shield and Spear","floor":54,"turns":9},{"damage":20,"enemies":"The Heart","floor":55,"turns":8}],"seed_played":"8807967008855972383","potions_obtained":[{"floor":2,"key":"Fire Potion"},{"floor":6,"key":"Swift Potion"},{"floor":8,"key":"AttackPotion"},{"floor":10,"key":"Fire Potion"},{"floor":13,"key":"Energy Potion"},{"floor":23,"key":"Block Potion"},{"floor":25,"key":"Ancient Potion"},{"floor":29,"key":"PowerPotion"},{"floor":35,"key":"Block Potion"},{"floor":42,"key":"GamblersBrew"},{"floor":54,"key":"Swift Potion"}],"is_trial":false,"path_per_floor":["M","M","?","$","M","E","R","E","T","E","?","?","E","M","R","B",null,"M","?","M","$","?","E","R","E","T","$","E","M","E","M","R","B",null,"M","?","?","M","?","E","M","E","T","M","T","M","M","E","R","B",null,"R","$","E","B",null],"character_chosen":"DEFECT","items_purchased":["War Paint","Loop","Steam","Capacitor","Cables","DataDisk","Lee\u0027s Waffle"],"campfire_rested":1,"item_purchase_floors":[4,4,4,21,21,53,53],"current_hp_per_floor":[73,73,73,73,73,59,59,57,57,41,41,41,41,41,41,41,69,69,69,69,69,69,69,69,56,56,56,56,56,63,69,69,69,69,69,69,69,69,66,66,66,66,66,66,66,66,66,66,66,66,66,66,73,73,67],"gold":71,"neow_bonus":"THREE_CARDS","is_prod":false,"is_daily":false,"chose_seed":false,"campfire_upgraded":4,"win_rate":0,"timestamp":1551656106,"path_taken":["M","M","?","$","?","E","R","E","T","E","?","?","E","M","R","BOSS","M","?","M","?","?","E","R","E","T","$","E","M","E","M","R","BOSS","M","?","?","M","?","E","M","E","T","?","?","?","M","E","R","BOSS","R","$","E","BOSS"],"build_version":"2019-02-06","purchased_purges":3,"victory":true,"max_hp_per_floor":[75,75,75,75,75,75,75,75,75,75,69,69,69,69,69,69,69,69,69,69,69,69,69,69,69,69,69,69,69,69,69,69,69,69,69,69,69,69,66,66,66,66,66,66,66,66,66,66,66,66,66,66,73,73,73],"card_choices":[{"not_picked":["Lockon","Stack"],"picked":"Compile Driver","floor":0},{"not_picked":["Gash","Melter"],"picked":"Coolheaded","floor":1},{"not_picked":["Leap","Reprogram"],"picked":"Consume","floor":2},{"not_picked":["Turbo","Sunder"],"picked":"Cold Snap","floor":5},{"not_picked":["Chill","Stack"],"picked":"Glacier","floor":6},{"not_picked":["Seek","Cold Snap"],"picked":"Ball Lightning","floor":8},{"not_picked":["Gash","Rip and Tear"],"picked":"Go for the Eyes","floor":10},{"not_picked":["Beam Cell","Rebound"],"picked":"Ball Lightning","floor":13},{"not_picked":["Conserve Battery","Static Discharge"],"picked":"Hello World","floor":14},{"not_picked":["Streamline","Blizzard","Skim"],"picked":"SKIP","floor":14},{"not_picked":["Meteor Strike","Multi-Cast"],"picked":"Reboot","floor":16},{"not_picked":["Conserve Battery","Barrage+1"],"picked":"BootSequence+1","floor":18},{"not_picked":["Double Energy","Scrape"],"picked":"Blizzard+1","floor":18},{"not_picked":["Coolheaded","Hologram"],"picked":"Cold Snap+1","floor":20},{"not_picked":["Barrage","Redo","Go for the Eyes"],"picked":"SKIP","floor":20},{"not_picked":["Coolheaded","Hologram"],"picked":"Capacitor","floor":23},{"not_picked":["Streamline","Barrage"],"picked":"Conserve Battery","floor":25},{"not_picked":["Creative AI","Gash","Meteor Strike"],"picked":"SKIP","floor":28},{"not_picked":["Beam Cell+1","Go for the Eyes"],"picked":"Self Repair","floor":29},{"not_picked":["Redo","Turbo+1"],"picked":"Stack","floor":29},{"not_picked":["Barrage+1","Fusion"],"picked":"Reinforced Body","floor":30},{"not_picked":["White Noise","Aggregate+1"],"picked":"Chill+1","floor":31},{"not_picked":["Ball Lightning","Barrage","Recycle+1"],"picked":"SKIP","floor":31},{"not_picked":["Machine Learning","Biased Cognition"],"picked":"Electrodynamics","floor":33},{"not_picked":["FTL","Fusion"],"picked":"Sweeping Beam+1","floor":35},{"not_picked":["Barrage+1","Beam Cell+1"],"picked":"Sweeping Beam+1","floor":35},{"not_picked":["Steam","Beam Cell"],"picked":"Conserve Battery+1","floor":38},{"not_picked":["Fusion","Sweeping Beam"],"picked":"Defragment+1","floor":38},{"not_picked":["Redo","Hyperbeam"],"picked":"Doom and Gloom+1","floor":40},{"not_picked":["Rebound+1","Streamline"],"picked":"Hologram","floor":41},{"not_picked":["Chaos","Beam Cell+1","Streamline"],"picked":"SKIP","floor":41},{"not_picked":["Beam Cell","Gash","Consume"],"picked":"SKIP","floor":42},{"not_picked":["White Noise","Redo+1"],"picked":"Glacier+1","floor":44},{"not_picked":["Skim+1","Gash+1"],"picked":"Coolheaded+1","floor":44},{"not_picked":["Go for the Eyes+1","Hello World"],"picked":"Core Surge","floor":46},{"not_picked":["Gash+1","Chill","Scrape+1"],"picked":"SKIP","floor":46},{"not_picked":["Stack+1","Barrage+1"],"picked":"Chaos+1","floor":47},{"not_picked":["Loop+1","Double Energy+1"],"picked":"Capacitor+1","floor":47},{"not_picked":["Reprogram+1","Ball Lightning+1"],"picked":"Glacier+1","floor":48},{"not_picked":["Static Discharge","Capacitor+1","Turbo+1"],"picked":"SKIP","floor":54}],"player_experience":4773980,"relics_obtained":[{"floor":6,"key":"Bottled Flame"},{"floor":8,"key":"Thread and Needle"},{"floor":9,"key":"Prayer Wheel"},{"floor":10,"key":"Kunai"},{"floor":13,"key":"Oddly Smooth Stone"},{"floor":23,"key":"Lantern"},{"floor":25,"key":"Dead Branch"},{"floor":28,"key":"Centennial Puzzle"},{"floor":30,"key":"Blood Vial"},{"floor":40,"key":"Bag of Marbles"},{"floor":42,"key":"Pen Nib"},{"floor":45,"key":"Dodecahedron"},{"floor":48,"key":"Omamori"},{"floor":54,"key":"Calipers"}],"event_choices":[{"damage_healed":0,"gold_gain":275,"player_choice":"Desecrate","damage_taken":0,"max_hp_gain":0,"max_hp_loss":0,"event_name":"Golden Shrine","floor":3,"gold_loss":0,"cards_obtained":["Regret"]},{"damage_healed":0,"gold_gain":0,"player_choice":"Lose Max HP","damage_taken":0,"relics_obtained":["Golden Idol"],"max_hp_gain":0,"max_hp_loss":6,"event_name":"Golden Idol","floor":11,"gold_loss":0},{"cards_removed":["Strike_B"],"damage_healed":0,"gold_gain":0,"player_choice":"Card Removal","damage_taken":0,"max_hp_gain":0,"max_hp_loss":0,"event_name":"The Cleric","floor":12,"gold_loss":50},{"damage_healed":0,"gold_gain":0,"player_choice":"Trade","damage_taken":0,"relics_obtained":["NlothsMask"],"max_hp_gain":0,"max_hp_loss":0,"event_name":"FaceTrader","floor":19,"gold_loss":0},{"damage_healed":0,"gold_gain":0,"player_choice":"Opened","damage_taken":0,"relics_obtained":["Art of War"],"max_hp_gain":0,"max_hp_loss":0,"event_name":"The Mausoleum","floor":22,"gold_loss":0,"cards_obtained":["Writhe"]},{"damage_healed":0,"gold_gain":0,"player_choice":"Ignored","damage_taken":0,"max_hp_gain":0,"max_hp_loss":0,"event_name":"Tomb of Lord Red Mask","floor":36,"gold_loss":0},{"cards_removed":["Strike_B"],"damage_healed":0,"gold_gain":0,"player_choice":"Removed Attack","damage_taken":0,"max_hp_gain":0,"max_hp_loss":0,"event_name":"Falling","floor":37,"gold_loss":0},{"damage_healed":0,"gold_gain":0,"player_choice":"Max HP","damage_taken":0,"max_hp_gain":0,"max_hp_loss":3,"event_name":"Winding Halls","floor":39,"gold_loss":0}],"is_beta":true,"boss_relics":[{"not_picked":["White Beast Statue","Black Star"],"picked":"Velvet Choker"},{"not_picked":["Philosopher\u0027s Stone","Sozu"],"picked":"Fusion Hammer"}],"items_purged_floors":[4,27,53],"is_endless":false,"potions_floor_spawned":[2,6,8,10,13,23,25,29,35,41,42,46,54],"ascension_level":1}