{"gold_per_floor":[109,125,10,21,121,121,83,83,83,116,116,45,45,56,56,153,203,223,234,234,234,245,245,270,286,286,286,286,286,39,52,52,52],"floor_reached":33,"playtime":850,"items_purged":["Pain"],"score":355,"play_id":"05d0211e-be7e-4189-9d38-676718a56689","local_time":"20190205050958","is_ascension_mode":true,"campfire_choices":[{"data":"Caltrops","floor":6,"key":"SMITH"},{"data":"Crippling Poison","floor":8,"key":"SMITH"},{"data":"Dash","floor":13,"key":"SMITH"},{"data":"Flechettes","floor":15,"key":"SMITH"},{"floor":23,"key":"REST"},{"floor":29,"key":"REST"},{"floor":32,"key":"REST"}],"neow_cost":"CURSE","seed_source_timestamp":534040517983589,"circlet_count":0,"master_deck":["Defend_G","Defend_G","Defend_G","Defend_G","Defend_G","Strike_G","Strike_G","Strike_G","Strike_G","Strike_G","Survivor","Neutralize","PiercingWail+1","Deadly Poison","Caltrops+1","Crippling Poison+1","Calculated Gamble","Dash+1","Flechettes+1","Die Die Die","Dash","Deadly Poison","Leg Sweep+1","Footwork","Unload","Poisoned Stab","Crippling Poison"],"relics":["Ring of the Snake","WingedGreaves","Sundial","Tiny House","Nloth\u0027s Gift","Singing Bowl","Kunai","MutagenicStrength","Meat on the Bone"],"potions_floor_usage":[2,25,33,33,33],"damage_taken":[{"damage":7,"enemies":"Small Slimes","floor":1,"turns":4},{"damage":3,"enemies":"Cultist","floor":2,"turns":4},{"damage":5,"enemies":"2 Louse","floor":4,"turns":3},{"damage":16,"enemies":"3 Sentries","floor":10,"turns":5},{"damage":19,"enemies":"Gremlin Gang","floor":14,"turns":4},{"damage":12,"enemies":"The Guardian","floor":16,"turns":8},{"damage":4,"enemies":"Chosen","floor":18,"turns":5},{"damage":7,"enemies":"Spheric Guardian","floor":19,"turns":4},{"damage":22,"enemies":"Chosen and Byrds","floor":22,"turns":5},{"damage":36,"enemies":"Book of Stabbing","floor":24,"turns":7},{"damage":13,"enemies":"Centurion and Healer","floor":25,"turns":6},{"damage":1,"enemies":"Snecko","floor":31,"turns":6},{"damage":86,"enemies":"Champ","floor":33,"turns":13}],"seed_played":"932234862438927280","potions_obtained":[{"floor":1,"key":"EntropicBrew"},{"floor":17,"key":"Block Potion"},{"floor":31,"key":"GhostInAJar"}],"is_trial":false,"path_per_floor":["M","M","$","M","?","R","$","R","T","E","?","$","R","M","R","B",null,"M","M","?","?","M","R","E","M","T","?","T","R","$","M","R","B"],"character_chosen":"THE_SILENT","items_purchased":["Well Laid Plans","Crippling Poison","Dash","Meat on the Bone"],"campfire_rested":3,"item_purchase_floors":[3,7,12,30],"current_hp_per_floor":[56,53,53,48,48,48,48,48,48,32,70,70,70,51,51,39,67,63,56,56,56,34,56,20,7,7,7,7,29,29,40,62,0],"gold":52,"neow_bonus":"ONE_RARE_RELIC","is_prod":false,"is_daily":false,"chose_seed":false,"campfire_upgraded":4,"win_rate":0,"timestamp":1549354198,"path_taken":["M","M","$","M","?","R","?","R","T","E","?","$","R","M","R","BOSS","M","?","?","?","?","R","E","M","T","?","?","R","$","M","R","BOSS"],"build_version":"2019-01-23","purchased_purges":1,"victory":false,"max_hp_per_floor":[70,70,70,70,70,70,70,70,70,70,70,70,70,70,70,70,75,75,75,75,75,75,75,75,75,75,75,75,75,75,75,75,75],"card_choices":[{"not_picked":["Deflect","Bane"],"picked":"PiercingWail","floor":1},{"not_picked":["Bane","Sucker Punch"],"picked":"Deadly Poison","floor":2},{"not_picked":["Quick Slash","Cloak And Dagger"],"picked":"Caltrops","floor":4},{"not_picked":["Slice","Flying Knee"],"picked":"Calculated Gamble","floor":10},{"not_picked":["Slice","Bane"],"picked":"Flechettes","floor":14},{"not_picked":["Glass Knife","Grand Finale"],"picked":"Die Die Die","floor":16},{"not_picked":["Infinite Blades","Prepared"],"picked":"Dash","floor":17},{"not_picked":["Deflect+1","Underhanded Strike+1"],"picked":"Deadly Poison","floor":18},{"not_picked":["Flying Knee","Acrobatics"],"picked":"Leg Sweep+1","floor":19},{"not_picked":["Prepared","Calculated Gamble+1"],"picked":"Footwork","floor":22},{"not_picked":["Underhanded Strike+1","Quick Slash"],"picked":"Unload","floor":24},{"not_picked":["Expertise","Infinite Blades"],"picked":"Poisoned Stab","floor":25},{"not_picked":["Deflect","Backflip"],"picked":"Crippling Poison","floor":31}],"player_experience":723318,"relics_obtained":[{"floor":9,"key":"Sundial"},{"floor":10,"key":"Letter Opener"},{"floor":24,"key":"Singing Bowl"},{"floor":26,"key":"Kunai"}],"event_choices":[{"damage_healed":0,"gold_gain":100,"player_choice":"Pray","damage_taken":0,"max_hp_gain":0,"max_hp_loss":0,"event_name":"Golden Shrine","floor":5,"gold_loss":0},{"cards_removed":["Well Laid Plans"],"damage_healed":38,"gold_gain":0,"player_choice":"Offered Uncommon","damage_taken":0,"max_hp_gain":0,"max_hp_loss":0,"event_name":"Bonfire Elementals","floor":11,"gold_loss":0},{"damage_healed":0,"gold_gain":0,"player_choice":"Ignored","damage_taken":0,"max_hp_gain":0,"max_hp_loss":0,"event_name":"Vampires","floor":20,"gold_loss":0},{"damage_healed":0,"gold_gain":0,"player_choice":"Traded Relic","damage_taken":0,"relics_obtained":["Nloth\u0027s Gift"],"max_hp_gain":0,"max_hp_loss":0,"event_name":"N\u0027loth","floor":21,"relics_lost":["Letter Opener"],"gold_loss":0},{"damage_healed":0,"gold_gain":0,"player_choice":"Inject Mutagens","damage_taken":0,"relics_obtained":["MutagenicStrength"],"max_hp_gain":0,"max_hp_loss":0,"event_name":"Drug Dealer","floor":27,"gold_loss":0}],"is_beta":false,"boss_relics":[{"not_picked":["Astrolabe","Runic Dome"],"picked":"Tiny House"}],"items_purged_floors":[3],"is_endless":false,"potions_floor_spawned":[1,10,18,31],"killed_by":"Champ","ascension_level":7}