{"gold_per_floor":[111,111,130,145,163,196,196,218,244,244,261,261,290,96,96,200,200,216,201,201,201],"floor_reached":21,"playtime":709,"items_purged":[],"score":189,"play_id":"97c8d7ad-18d3-46eb-80c1-409ec7d1e5af","local_time":"20190514083044","is_ascension_mode":false,"campfire_choices":[{"data":"Barrage","floor":7,"key":"SMITH"},{"floor":12,"key":"REST"},{"floor":15,"key":"REST"}],"neow_cost":"NONE","seed_source_timestamp":156696871718407,"circlet_count":0,"master_deck":["Strike_B","Strike_B","Strike_B","Strike_B","Defend_B","Defend_B","Defend_B","Defend_B","Zap","Dualcast","Barrage+1","Cold Snap","Self Repair","Coolheaded","Recycle","Redo","Beam Cell","Capacitor","Biased Cognition","Leap","Turbo","Darkness","Coolheaded","Force Field"],"relics":["Cracked Core","PreservedInsect","Odd Mushroom","Oddly Smooth Stone","Boot","HandDrill","Orrery"],"potions_floor_usage":[3,5],"damage_taken":[{"damage":8,"enemies":"2 Louse","floor":1,"turns":3},{"damage":0,"enemies":"Cultist","floor":3,"turns":3},{"damage":2,"enemies":"Small Slimes","floor":4,"turns":3},{"damage":0,"enemies":"2 Fungi Beasts","floor":5,"turns":2},{"damage":29,"enemies":"Lagavulin","floor":6,"turns":8},{"damage":31,"enemies":"The Mushroom Lair","floor":8,"turns":6},{"damage":6,"enemies":"Blue Slaver","floor":11,"turns":4},{"damage":20,"enemies":"Gremlin Nob","floor":13,"turns":4},{"damage":48,"enemies":"Hexaghost","floor":16,"turns":10},{"damage":8,"enemies":"Chosen","floor":18,"turns":5},{"damage":28,"enemies":"2 Thieves","floor":19,"turns":4},{"damage":43,"enemies":"3 Cultists","floor":21,"turns":4}],"seed_played":"1029759289974156769","potions_obtained":[{"floor":2,"key":"Explosive Potion"},{"floor":2,"key":"Weak Potion"},{"floor":2,"key":"FocusPotion"},{"floor":4,"key":"Weak Potion"},{"floor":5,"key":"Ancient Potion"}],"is_trial":false,"path_per_floor":["M","?","M","M","M","E","R","?","T","?","M","R","E","$","R","B",null,"M","M","?","M"],"character_chosen":"DEFECT","items_purchased":["HandDrill"],"campfire_rested":2,"item_purchase_floors":[14],"current_hp_per_floor":[67,67,67,65,72,50,50,26,26,26,27,49,36,36,58,17,75,74,53,39,0],"gold":201,"neow_bonus":"THREE_CARDS","is_prod":false,"is_daily":false,"chose_seed":false,"campfire_upgraded":1,"win_rate":0,"timestamp":1557837044,"path_taken":["M","?","?","M","M","E","R","?","T","?","M","R","E","$","R","BOSS","M","M","?","M"],"build_version":"2019-01-23","purchased_purges":0,"victory":false,"max_hp_per_floor":[75,75,75,75,75,75,75,75,75,75,75,75,75,75,75,75,75,75,75,80,80],"card_choices":[{"not_picked":["Hologram","Gash"],"picked":"Barrage","floor":0},{"not_picked":["Conserve Battery","Beam Cell"],"picked":"Cold Snap","floor":1},{"not_picked":["Gash","Steam","Buffer"],"picked":"SKIP","floor":3},{"not_picked":["Hologram","Conserve Battery"],"picked":"Self Repair","floor":4},{"not_picked":["Stack","Gash"],"picked":"Coolheaded","floor":5},{"not_picked":["Skim","Beam Cell"],"picked":"Recycle","floor":6},{"not_picked":["Beam Cell","Aggregate"],"picked":"Redo","floor":8},{"not_picked":["Steam","Redo"],"picked":"Beam Cell","floor":11},{"not_picked":["Streamline","Chaos"],"picked":"Capacitor","floor":13},{"not_picked":["Hyperbeam","Seek"],"picked":"Biased Cognition","floor":16},{"not_picked":["Chill","Redo"],"picked":"Leap","floor":17},{"not_picked":["Force Field","Steam Power"],"picked":"Turbo","floor":17},{"not_picked":["Leap","Gash"],"picked":"Darkness","floor":17},{"not_picked":["Storm","Gash"],"picked":"Coolheaded","floor":17},{"not_picked":["Storm","Reprogram"],"picked":"Force Field","floor":17},{"not_picked":["Auto Shields","Hello World","Rip and Tear+1"],"picked":"SKIP","floor":18},{"not_picked":["Doom and Gloom+1","Coolheaded+1","Gash+1"],"picked":"SKIP","floor":19}],"player_experience":84851,"relics_obtained":[{"floor":6,"key":"PreservedInsect"},{"floor":8,"key":"Odd Mushroom"},{"floor":9,"key":"Oddly Smooth Stone"},{"floor":13,"key":"Boot"}],"event_choices":[{"damage_healed":0,"gold_gain":0,"player_choice":"Got Potions","damage_taken":0,"max_hp_gain":0,"max_hp_loss":0,"event_name":"Lab","floor":2,"gold_loss":0},{"damage_healed":0,"gold_gain":0,"player_choice":"Fought Mushrooms","damage_taken":0,"max_hp_gain":0,"max_hp_loss":0,"event_name":"Mushrooms","floor":8,"gold_loss":0},{"damage_healed":0,"gold_gain":0,"player_choice":"Ignored","damage_taken":0,"max_hp_gain":0,"max_hp_loss":0,"event_name":"Golden Wing","floor":10,"gold_loss":0},{"damage_healed":0,"gold_gain":0,"player_choice":"Shed Blood","damage_taken":19,"max_hp_gain":5,"max_hp_loss":0,"event_name":"Forgotten Altar","floor":20,"gold_loss":0}],"is_beta":false,"boss_relics":[{"not_picked":["Sozu","Inserter"],"picked":"Orrery"}],"items_purged_floors":[],"is_endless":false,"potions_floor_spawned":[4,5,6,16],"killed_by":"3 Cultists","ascension_level":0}