{"gold_per_floor":[111,111,36,55,66,91,91,124,124,124,177,62,62,137,137,137],"floor_reached":16,"playtime":521,"items_purged":["Regret"],"score":196,"play_id":"9386c2d1-2f49-4df0-9cca-7d536c1715be","local_time":"20190212215907","is_ascension_mode":true,"campfire_choices":[{"data":"Combust","floor":7,"key":"SMITH"},{"floor":10,"key":"REST"},{"data":"Flame Barrier","floor":15,"key":"SMITH"}],"neow_cost":"TEN_PERCENT_HP_LOSS","seed_source_timestamp":733958363113469,"circlet_count":0,"master_deck":["AscendersBane","Strike_R","Strike_R","Strike_R","Strike_R","Defend_R","Defend_R","Defend_R","Bash","Juggernaut","Entrench","Carnage","Shrug It Off","Combust+1","Corruption","Havoc","Flame Barrier+1","Iron Wave"],"relics":["Burning Blood","Singing Bowl","Gremlin Horn","Lantern","Paper Frog"],"potions_floor_usage":[16],"damage_taken":[{"damage":7,"enemies":"Cultist","floor":1,"turns":4},{"damage":7,"enemies":"Small Slimes","floor":4,"turns":3},{"damage":1,"enemies":"2 Louse","floor":5,"turns":3},{"damage":37,"enemies":"Lagavulin","floor":6,"turns":9},{"damage":30,"enemies":"3 Sentries","floor":8,"turns":6},{"damage":26,"enemies":"Hexaghost","floor":16,"turns":8}],"seed_played":"5312516822803531923","potions_obtained":[{"floor":4,"key":"SteroidPotion"},{"floor":5,"key":"GamblersBrew"}],"is_trial":false,"path_per_floor":["M","?","$","M","M","E","R","E","T","R","?","$","?","?","R","B"],"character_chosen":"IRONCLAD","items_purchased":["Flame Barrier","Iron Wave"],"campfire_rested":1,"item_purchase_floors":[12,12],"current_hp_per_floor":[67,67,67,66,68,37,37,13,13,33,33,33,33,22,22,0],"gold":137,"neow_bonus":"TRANSFORM_TWO_CARDS","is_prod":false,"is_daily":false,"chose_seed":false,"campfire_upgraded":2,"win_rate":0,"timestamp":1550008747,"path_taken":["M","?","$","M","M","E","R","E","T","R","?","$","?","?","R","BOSS"],"build_version":"2019-02-06","purchased_purges":1,"victory":false,"max_hp_per_floor":[68,68,68,68,68,68,68,68,68,68,68,68,68,68,68,68],"card_choices":[{"not_picked":["Clash","Burning Pact"],"picked":"Carnage","floor":1},{"not_picked":["Corruption","Entrench"],"picked":"Shrug It Off","floor":4},{"not_picked":["Heavy Blade","Flame Barrier"],"picked":"Combust","floor":5},{"not_picked":["Perfected Strike","Shockwave"],"picked":"Corruption","floor":6},{"not_picked":["Battle Trance","Searing Blow"],"picked":"Havoc","floor":8}],"player_experience":884570,"relics_obtained":[{"floor":6,"key":"Gremlin Horn"},{"floor":8,"key":"Lantern"},{"floor":9,"key":"Paper Frog"}],"event_choices":[{"damage_healed":0,"gold_gain":0,"player_choice":"Box","damage_taken":0,"relics_obtained":["Singing Bowl"],"max_hp_gain":0,"max_hp_loss":0,"event_name":"Big Fish","floor":2,"gold_loss":0,"cards_obtained":["Regret"]},{"damage_healed":0,"gold_gain":53,"player_choice":"Gained Gold","damage_taken":0,"max_hp_gain":0,"max_hp_loss":0,"event_name":"Golden Wing","floor":11,"gold_loss":0},{"damage_healed":0,"gold_gain":0,"player_choice":"Ignored","damage_taken":0,"max_hp_gain":0,"max_hp_loss":0,"event_name":"Golden Idol","floor":13,"gold_loss":0},{"damage_healed":0,"gold_gain":75,"player_choice":"Gather Gold","damage_taken":11,"max_hp_gain":0,"max_hp_loss":0,"event_name":"World of Goop","floor":14,"gold_loss":0}],"is_beta":true,"boss_relics":[],"items_purged_floors":[3],"is_endless":false,"potions_floor_spawned":[4,5,8],"killed_by":"Hexaghost","ascension_level":17}