{"gold_per_floor":[366,377,390,46,46,72,72,90,115,135,135,166,22,50,50,147,147,164,41,55,55,72,72,91,117,117,117,130,130],"floor_reached":29,"playtime":6221,"items_purged":["Writhe","Strike_B"],"score":265,"play_id":"e0003bea-5409-4720-8609-28de05819bd7","local_time":"20190513105303","is_ascension_mode":false,"campfire_choices":[{"data":"Sunder","floor":7.0,"key":"SMITH"},{"data":"Tempest","floor":15.0,"key":"SMITH"},{"data":"Seek","floor":23,"key":"SMITH"}],"neow_cost":"CURSE","seed_source_timestamp":0,"circlet_count":0,"master_deck":["Strike_B","Defend_B","Defend_B+1","Defend_B","Zap","Dualcast+1","Self Repair","Conserve Battery","Rainbow","Sunder+1","Capacitor","Chill","Redo+1","Tempest+1","Sunder","Seek+1","Storm","Defragment","Consume","Blizzard","Turbo","Hologram","Streamline","Conserve Battery+1","Static Discharge"],"special_seed":0,"relics":["Cracked Core","ClockworkSouvenir","Smiling Mask","Bag of Preparation","Centennial Puzzle","Lantern","Matryoshka","Inserter","Bottled Flame","Regal Pillow"],"potions_floor_usage":[25,28,29],"damage_taken":[{"damage":0.0,"enemies":"Cultist","floor":1.0,"turns":4.0},{"damage":2.0,"enemies":"Small Slimes","floor":2.0,"turns":4.0},{"damage":3.0,"enemies":"Jaw Worm","floor":3.0,"turns":4.0},{"damage":17.0,"enemies":"3 Sentries","floor":6.0,"turns":7.0},{"damage":3.0,"enemies":"Lots of Slimes","floor":8.0,"turns":4.0},{"damage":0.0,"enemies":"3 Louse","floor":10.0,"turns":2.0},{"damage":26.0,"enemies":"Gremlin Nob","floor":12.0,"turns":4.0},{"damage":7.0,"enemies":"3 Sentries","floor":14.0,"turns":9.0},{"damage":14.0,"enemies":"Hexaghost","floor":16.0,"turns":9.0},{"damage":15,"enemies":"Shell Parasite","floor":18,"turns":6},{"damage":2,"enemies":"Chosen","floor":20,"turns":3},{"damage":12,"enemies":"Snake Plant","floor":22,"turns":3},{"damage":0,"enemies":"Cultist and Chosen","floor":24,"turns":4},{"damage":33,"enemies":"Book of Stabbing","floor":25,"turns":6},{"damage":12,"enemies":"Shelled Parasite and Fungi","floor":28,"turns":3},{"damage":31,"enemies":"Slavers","floor":29,"turns":3}],"seed_played":"-726326148214660734","potions_obtained":[{"floor":1.0,"key":"SmokeBomb"},{"floor":3.0,"key":"Block Potion"},{"floor":20,"key":"SneckoOil"},{"floor":24,"key":"Poison Potion"},{"floor":28,"key":"Energy Potion"}],"is_trial":false,"path_per_floor":["M","M","M","$","?","E","R","M","T","M","?","E","$","E","R","B",null,"M","$","M","?","M","R","M","E","T","?","M","E"],"character_chosen":"DEFECT","items_purchased":["ClockworkSouvenir","Sunder","Lantern","Defragment"],"campfire_rested":0,"item_purchase_floors":[4,4,13,19],"current_hp_per_floor":[75,75,75,75,60,50,50,54,54,54,54,35,35,35,35,28,75,60,60,65,65,60,60,60,34,34,34,29,0],"gold":130,"neow_bonus":"TWO_FIFTY_GOLD","is_prod":false,"is_daily":false,"chose_seed":false,"campfire_upgraded":3,"win_rate":0,"timestamp":1557724983,"path_taken":["M","M","M","$","?","E","R","M","T","M","?","E","?","E","R","BOSS","M","?","M","?","M","R","M","E","T","?","?","E"],"build_version":"2019-01-23","purchased_purges":2,"victory":false,"max_hp_per_floor":[75,75,75,75,75,75,75,75,75,75,75,75,75,75,75,75,75,75,75,75,75,75,75,75,75,75,75,75,75],"card_choices":[{"not_picked":["Gash","Go for the Eyes"],"picked":"Self Repair","floor":1.0},{"not_picked":["Barrage","Undo"],"picked":"Conserve Battery","floor":2.0},{"not_picked":["Hologram","Go for the Eyes"],"picked":"Rainbow","floor":3.0},{"not_picked":["Stack","Leap"],"picked":"Capacitor","floor":6.0},{"not_picked":["Rebound","Self Repair"],"picked":"Chill","floor":8.0},{"not_picked":["Barrage","Leap"],"picked":"Redo","floor":10.0},{"not_picked":["Steam","Hyperbeam"],"picked":"Tempest","floor":12.0},{"not_picked":["Self Repair","Steam"],"picked":"Sunder","floor":14.0},{"not_picked":["Thunder Strike","Hyperbeam"],"picked":"Seek","floor":16.0},{"not_picked":["Chill+1","Compile Driver+1"],"picked":"Storm","floor":18},{"not_picked":["Coolheaded","Compile Driver"],"picked":"Consume","floor":20},{"not_picked":["Compile Driver+1","Barrage+1"],"picked":"Hologram","floor":22},{"not_picked":["Leap","Steam+1"],"picked":"Streamline","floor":24},{"not_picked":["Reinforced Body","Sweeping Beam+1"],"picked":"Conserve Battery+1","floor":25},{"not_picked":["Beam Cell+1","Skim","Static Discharge"],"picked":"SKIP","floor":28}],"player_experience":210276,"relics_obtained":[{"floor":6.0,"key":"Smiling Mask"},{"floor":9.0,"key":"Bag of Preparation"},{"floor":12.0,"key":"Centennial Puzzle"},{"floor":14.0,"key":"Matryoshka"},{"floor":25,"key":"Bottled Flame"},{"floor":26,"key":"Regal Pillow"}],"event_choices":[{"damage_healed":0.0,"max_hp_gain":0.0,"max_hp_loss":0.0,"gold_gain":0.0,"event_name":"Shining Light","player_choice":"Entered Light","floor":5.0,"gold_loss":0.0,"damage_taken":15.0,"cards_upgraded":["Dualcast","Defend_B"]},{"damage_healed":0.0,"max_hp_gain":0.0,"max_hp_loss":0.0,"gold_gain":0.0,"event_name":"Living Wall","player_choice":"Grow","floor":11.0,"gold_loss":0.0,"damage_taken":0.0,"cards_upgraded":["Redo"]},{"damage_healed":0,"gold_gain":0,"cards_transformed":["Strike_B","Defend_B"],"player_choice":"Became Test Subject","damage_taken":0,"max_hp_gain":0,"max_hp_loss":0,"event_name":"Drug Dealer","floor":21,"gold_loss":0,"cards_obtained":["Blizzard","Turbo"]},{"damage_healed":0,"gold_gain":0,"cards_transformed":["Strike_B"],"player_choice":"Transformed","damage_taken":0,"max_hp_gain":0,"max_hp_loss":0,"event_name":"Transmorgrifier","floor":27,"gold_loss":0,"cards_obtained":["Static Discharge"]}],"is_beta":false,"boss_relics":[{"not_picked":["Ectoplasm","Calling Bell"],"picked":"Inserter"}],"items_purged_floors":[4,19],"is_endless":false,"potions_floor_spawned":[1,3,20,24,28],"killed_by":"Slavers","ascension_level":0}