{"gold_per_floor":[115,66,146,9,84,112,124,136,148,187,211,237,249,288,300,415,427,456,488,425,58,73,73,73],"floor_reached":24,"playtime":587,"items_purged":[],"score":380,"play_id":"98484ffd-ac25-4b8e-8f5b-ef9d0b4a2d95","local_time":"20190310235242","is_ascension_mode":true,"campfire_choices":[{"data":"Fission","floor":8,"key":"SMITH"},{"data":"1","floor":13,"key":"LIFT"},{"data":"2","floor":15,"key":"LIFT"},{"data":"Apotheosis","floor":23,"key":"SMITH"}],"neow_cost":"NONE","seed_source_timestamp":2110611041376461,"circlet_count":0,"master_deck":["Strike_B","Strike_B","Strike_B","Defend_B+1","Defend_B","Defend_B","Defend_B","Zap","Dualcast","Hologram","Streamline+1","Fission+1","Buffer","Barrage","Rip and Tear","Conserve Battery","Auto Shields","Thunder Strike","Beam Cell","Storm","Apotheosis+1","Leg Sweep"],"relics":["Cracked Core","NeowsBlessing","MawBank","Mummified Hand","Girya","Torii","Busted Crown","PrismaticShard"],"potions_floor_usage":[16,16,22],"damage_taken":[{"damage":0,"enemies":"2 Louse","floor":1,"turns":1},{"damage":0,"enemies":"Lagavulin","floor":6,"turns":1},{"damage":0,"enemies":"3 Sentries","floor":10,"turns":1},{"damage":0,"enemies":"Jaw Worm","floor":11,"turns":2},{"damage":0,"enemies":"Cultist","floor":12,"turns":3},{"damage":5,"enemies":"Gremlin Nob","floor":14,"turns":4},{"damage":7,"enemies":"Hexaghost","floor":16,"turns":8},{"damage":20,"enemies":"2 Thieves","floor":18,"turns":5},{"damage":12,"enemies":"Spheric Guardian","floor":19,"turns":4},{"damage":3,"enemies":"Shelled Parasite and Fungi","floor":22,"turns":4},{"damage":45,"enemies":"Slavers","floor":24,"turns":4}],"seed_played":"8330521638723927540","potions_obtained":[{"floor":6,"key":"Weak Potion"},{"floor":14,"key":"Poison Potion"},{"floor":19,"key":"Regen Potion"}],"is_trial":false,"path_per_floor":["M","$","?","$","?","E","?","R","T","E","M","M","R","E","R","B",null,"M","M","?","$","M","R","E"],"character_chosen":"DEFECT","items_purchased":["Streamline","Fission","PrismaticShard","Apotheosis"],"campfire_rested":0,"item_purchase_floors":[2,4,21,21],"current_hp_per_floor":[68,68,68,68,57,57,42,42,42,42,42,42,42,37,37,30,64,44,32,32,32,41,41,0],"gold":73,"neow_bonus":"THREE_ENEMY_KILL","is_prod":false,"is_daily":false,"chose_seed":false,"campfire_upgraded":2,"win_rate":0,"timestamp":1552272762,"path_taken":["M","$","?","$","?","E","?","R","T","E","M","M","R","E","R","BOSS","M","M","?","$","M","R","E"],"build_version":"2019-01-23","purchased_purges":0,"victory":false,"max_hp_per_floor":[75,75,75,75,75,75,75,75,75,75,75,75,75,75,75,75,75,75,75,75,75,75,75,75],"card_choices":[{"not_picked":["Sweeping Beam","Doom and Gloom"],"picked":"Hologram","floor":1},{"not_picked":["Heatsinks","Conserve Battery"],"picked":"Buffer","floor":6},{"not_picked":["Conserve Battery","Ball Lightning"],"picked":"Barrage","floor":10},{"not_picked":["Skim","Stack"],"picked":"Rip and Tear","floor":11},{"not_picked":["Doom and Gloom","Undo"],"picked":"Conserve Battery","floor":12},{"not_picked":["Hologram","Capacitor"],"picked":"Auto Shields","floor":14},{"not_picked":["Machine Learning","Biased Cognition"],"picked":"Thunder Strike","floor":16},{"not_picked":[],"picked":"Beam Cell","floor":18},{"not_picked":[],"picked":"Storm","floor":19},{"not_picked":[],"picked":"Leg Sweep","floor":22}],"player_experience":903003,"relics_obtained":[{"floor":6,"key":"MawBank"},{"floor":9,"key":"Mummified Hand"},{"floor":10,"key":"Girya"},{"floor":14,"key":"Torii"}],"event_choices":[{"damage_healed":0,"gold_gain":80,"player_choice":"Gained Gold","damage_taken":0,"max_hp_gain":0,"max_hp_loss":0,"event_name":"Golden Wing","floor":3,"gold_loss":0},{"damage_healed":0,"gold_gain":75,"player_choice":"Gather Gold","damage_taken":11,"max_hp_gain":0,"max_hp_loss":0,"event_name":"World of Goop","floor":5,"gold_loss":0},{"damage_healed":0,"gold_gain":0,"player_choice":"Entered Light","damage_taken":15,"max_hp_gain":0,"max_hp_loss":0,"event_name":"Shining Light","floor":7,"gold_loss":0,"cards_upgraded":["Defend_B","Streamline"]},{"cards_removed":["Strike_B"],"damage_healed":0,"gold_gain":0,"player_choice":"Gave Gold","damage_taken":0,"max_hp_gain":0,"max_hp_loss":0,"event_name":"Beggar","floor":20,"gold_loss":75}],"is_beta":false,"boss_relics":[{"not_picked":["Inserter","Runic Dome"],"picked":"Busted Crown"}],"items_purged_floors":[],"is_endless":false,"potions_floor_spawned":[6,14,19],"killed_by":"Slavers","ascension_level":9}