{"gold_per_floor":[110,110,125,141,161,194,194,194,194,204,229,244,279,379,379,483,483,493,374,406,421,439,439,472,472,472,93,113,124,49,49],"floor_reached":31,"playtime":1719,"items_purged":[],"score":369,"play_id":"79852281-b2c8-4c8b-86b8-f24f693f681d","local_time":"20190426113212","is_ascension_mode":true,"campfire_choices":[{"data":"Shrug It Off","floor":8,"key":"SMITH"},{"floor":15,"key":"REST"},{"floor":23,"key":"REST"},{"floor":25,"key":"REST"}],"neow_cost":"NONE","seed_source_timestamp":1196640744255500,"circlet_count":0,"master_deck":["Strike_R","Strike_R","Strike_R","Strike_R","Strike_R","Defend_R","Defend_R","Defend_R","Defend_R","Heavy Blade","Twin Strike","Shrug It Off+1","Twin Strike","Headbutt","Anger","Offering","Cleave","Perfected Strike","Whirlwind","Double Tap","Pommel Strike","Flex","Flash of Steel","Shrug It Off","Perfected Strike+1","Twin Strike","Seeing Red","Disarm","Spot Weakness","Anger","Infernal Blade"],"relics":["Burning Blood","FaceOfCleric","Kunai","Shuriken","Frozen Egg 2","Dream Catcher","Empty Cage","Red Mask","Blue Candle","Mango"],"potions_floor_usage":[6,13,16,20,20,22,22,22,24,31],"damage_taken":[{"damage":4,"enemies":"2 Louse","floor":1,"turns":3},{"damage":6,"enemies":"Cultist","floor":3,"turns":4},{"damage":11,"enemies":"Jaw Worm","floor":4,"turns":4},{"damage":16,"enemies":"Blue Slaver","floor":5,"turns":4},{"damage":44,"enemies":"3 Sentries","floor":6,"turns":8},{"damage":17,"enemies":"Lots of Slimes","floor":10,"turns":6},{"damage":27,"enemies":"Lagavulin","floor":11,"turns":5},{"damage":6,"enemies":"3 Louse","floor":12,"turns":4},{"damage":22,"enemies":"3 Sentries","floor":13,"turns":7},{"damage":26,"enemies":"Hexaghost","floor":16,"turns":9},{"damage":18,"enemies":"Spheric Guardian","floor":18,"turns":4},{"damage":21,"enemies":"Masked Bandits","floor":20,"turns":4},{"damage":21,"enemies":"Shell Parasite","floor":21,"turns":5},{"damage":19,"enemies":"Shelled Parasite and Fungi","floor":22,"turns":2},{"damage":62,"enemies":"Book of Stabbing","floor":24,"turns":6},{"damage":37,"enemies":"Snake Plant","floor":28,"turns":5},{"damage":16,"enemies":"Snecko","floor":29,"turns":3},{"damage":24,"enemies":"Centurion and Healer","floor":31,"turns":4}],"seed_played":"4407050339539195042","potions_obtained":[{"floor":5,"key":"SkillPotion"},{"floor":6,"key":"Swift Potion"},{"floor":10,"key":"Ancient Potion"},{"floor":11,"key":"Explosive Potion"},{"floor":16,"key":"PowerPotion"},{"floor":18,"key":"FearPotion"},{"floor":20,"key":"EntropicBrew"},{"floor":22,"key":"PowerPotion"},{"floor":28,"key":"Explosive Potion"}],"is_trial":false,"path_per_floor":["M","?","M","M","M","E","?","R","T","M","E","M","E","?","R","B",null,"M","$","?","M","M","R","E","R","T","$","M","M","$","M"],"character_chosen":"IRONCLAD","items_purchased":["Flex","Flash of Steel","Mango","Spot Weakness","Infernal Blade"],"campfire_rested":3,"item_purchase_floors":[19,19,27,27,30],"current_hp_per_floor":[88,88,89,85,76,39,62,62,62,52,32,33,18,18,46,27,94,83,83,69,55,43,72,17,46,46,60,30,21,21,0],"gold":49,"neow_bonus":"TEN_PERCENT_HP_BONUS","is_prod":false,"is_daily":false,"chose_seed":false,"campfire_upgraded":1,"win_rate":0,"timestamp":1556292732,"path_taken":["M","?","M","M","?","E","?","R","T","M","E","M","E","?","R","BOSS","M","?","?","M","M","R","E","R","T","$","M","M","$","?"],"build_version":"2019-01-23","purchased_purges":0,"victory":false,"max_hp_per_floor":[88,88,89,90,91,92,92,92,92,93,94,95,96,96,96,97,94,95,95,96,97,98,98,99,99,99,113,114,115,115,115],"card_choices":[{"not_picked":["Clothesline","Clash"],"picked":"Heavy Blade","floor":1},{"not_picked":["Cleave","Juggernaut"],"picked":"Twin Strike","floor":3},{"not_picked":["Warcry","Reckless Charge"],"picked":"Shrug It Off","floor":4},{"not_picked":["Wild Strike","Clash"],"picked":"Twin Strike","floor":5},{"not_picked":["Wild Strike","Flame Barrier"],"picked":"Headbutt","floor":6},{"not_picked":["Havoc","Offering"],"picked":"Anger","floor":10},{"not_picked":["Wild Strike","Cleave"],"picked":"Offering","floor":11},{"not_picked":["Flame Barrier","Metallicize+1"],"picked":"Cleave","floor":12},{"not_picked":["Feel No Pain+1","Clothesline"],"picked":"Perfected Strike","floor":13},{"not_picked":["Reckless Charge","Body Slam"],"picked":"Whirlwind","floor":15},{"not_picked":["Fiend Fire","Limit Break"],"picked":"Double Tap","floor":16},{"not_picked":["Body Slam","Thunderclap"],"picked":"Pommel Strike","floor":18},{"not_picked":["Searing Blow","Armaments"],"picked":"Shrug It Off","floor":20},{"not_picked":["Flex","Sword Boomerang+1"],"picked":"Perfected Strike+1","floor":21},{"not_picked":["Pommel Strike","Shockwave"],"picked":"Twin Strike","floor":22},{"not_picked":["Ghostly Armor","Barricade+1"],"picked":"Seeing Red","floor":24},{"not_picked":["Shockwave","Headbutt"],"picked":"Disarm","floor":25},{"not_picked":["Thunderclap","Rampage","Dropkick"],"picked":"SKIP","floor":28},{"not_picked":["Flex","Clash+1"],"picked":"Anger","floor":29}],"player_experience":115189,"relics_obtained":[{"floor":6,"key":"Kunai"},{"floor":9,"key":"Shuriken"},{"floor":11,"key":"Frozen Egg 2"},{"floor":13,"key":"Dream Catcher"},{"floor":20,"key":"Red Mask"},{"floor":24,"key":"Blue Candle"}],"event_choices":[{"damage_healed":0,"gold_gain":0,"player_choice":"Trade","damage_taken":0,"relics_obtained":["FaceOfCleric"],"max_hp_gain":0,"max_hp_loss":0,"event_name":"FaceTrader","floor":2,"gold_loss":0},{"damage_healed":23,"gold_gain":0,"player_choice":"Healed and dodged fight","damage_taken":0,"max_hp_gain":0,"max_hp_loss":0,"event_name":"Mushrooms","floor":7,"gold_loss":0,"cards_obtained":["Parasite"]},{"damage_healed":0,"gold_gain":100,"player_choice":"Pray","damage_taken":0,"max_hp_gain":0,"max_hp_loss":0,"event_name":"Golden Shrine","floor":14,"gold_loss":0},{"damage_healed":0,"gold_gain":0,"player_choice":"Fought Bandits","damage_taken":0,"max_hp_gain":0,"max_hp_loss":0,"event_name":"Masked Bandits","floor":20,"gold_loss":0}],"is_beta":false,"boss_relics":[{"not_picked":["Snecko Eye","Runic Pyramid"],"picked":"Empty Cage"}],"items_purged_floors":[],"is_endless":false,"potions_floor_spawned":[5,6,10,11,16,18,20,22,28],"killed_by":"Centurion and Healer","ascension_level":3}