{"gold_per_floor":[111,125,125,144,144,199,199,199],"floor_reached":8,"playtime":333,"items_purged":[],"score":59,"play_id":"5c6a3a46-bfd4-4093-a9e3-a92979827292","local_time":"20190423080215","is_ascension_mode":true,"campfire_choices":[{"data":"Armaments","floor":7,"key":"SMITH"}],"neow_cost":"NONE","seed_source_timestamp":3676769817393426,"circlet_count":0,"master_deck":["Strike_R","Strike_R","Strike_R","Strike_R","Strike_R","Defend_R","Defend_R","Defend_R","Bash","Armaments+1","Whirlwind","Shrug It Off","Uppercut","Regret","Inflame"],"relics":["Burning Blood","Letter Opener","Tiny Chest"],"potions_floor_usage":[8],"damage_taken":[{"damage":6,"enemies":"Cultist","floor":1,"turns":3},{"damage":5,"enemies":"Small Slimes","floor":2,"turns":4},{"damage":0,"enemies":"2 Louse","floor":4,"turns":3},{"damage":50,"enemies":"Lagavulin","floor":6,"turns":8},{"damage":45,"enemies":"Gremlin Nob","floor":8,"turns":4}],"seed_played":"8337003096027700346","potions_obtained":[{"floor":1,"key":"SneckoOil"}],"is_trial":false,"path_per_floor":["M","M","?","M","?","E","R","E"],"character_chosen":"IRONCLAD","items_purchased":[],"campfire_rested":0,"item_purchase_floors":[],"current_hp_per_floor":[80,80,73,79,79,35,35,0],"gold":199,"neow_bonus":"THREE_CARDS","is_prod":false,"is_daily":false,"chose_seed":false,"campfire_upgraded":1,"win_rate":0,"timestamp":1556020935,"path_taken":["M","M","?","M","?","E","R","E"],"build_version":"2019-04-21","purchased_purges":0,"victory":false,"max_hp_per_floor":[80,80,80,80,80,80,80,80],"card_choices":[{"not_picked":["True Grit","Thunderclap"],"picked":"Armaments","floor":0},{"not_picked":["Sever Soul","Warcry"],"picked":"Whirlwind","floor":1},{"not_picked":["Thunderclap","Havoc"],"picked":"Shrug It Off","floor":2},{"not_picked":["Reckless Charge","Infernal Blade"],"picked":"Uppercut","floor":4},{"not_picked":["Pommel Strike","Blood for Blood"],"picked":"Inflame","floor":6}],"player_experience":5451956,"relics_obtained":[{"floor":6,"key":"Tiny Chest"}],"event_choices":[{"cards_removed":["Defend_R"],"damage_healed":0,"gold_gain":0,"player_choice":"Card Removal","damage_taken":7,"max_hp_gain":0,"max_hp_loss":0,"event_name":"Golden Wing","floor":3,"gold_loss":0},{"damage_healed":0,"gold_gain":0,"player_choice":"Box","damage_taken":0,"relics_obtained":["Letter Opener"],"max_hp_gain":0,"max_hp_loss":0,"event_name":"Big Fish","floor":5,"gold_loss":0,"cards_obtained":["Regret"]}],"is_beta":true,"boss_relics":[],"items_purged_floors":[],"is_endless":false,"potions_floor_spawned":[1],"killed_by":"Gremlin Nob","ascension_level":1}