{"gold_per_floor":[114,2,12,12,25,25,59,59,59,73,98,109,121,121,121,217,217,217,217,217,217,132,132,132,132,132,132,132,132,132,132,132,132,132,132,132,9,9,9,9,9,9,9,9,9],"floor_reached":45,"playtime":2142,"items_purged":[],"score":612,"play_id":"996f8119-9acc-45a1-84a4-5a07305467a4","local_time":"20190115132745","is_ascension_mode":true,"campfire_choices":[{"data":"Noxious Fumes","floor":6,"key":"SMITH"},{"data":"Dash","floor":8,"key":"SMITH"},{"data":"Cloak And Dagger","floor":15,"key":"SMITH"},{"floor":23,"key":"REST"},{"data":"Burst","floor":25,"key":"SMITH"},{"floor":32,"key":"REST"},{"floor":41,"key":"REST"},{"floor":44,"key":"REST"}],"neow_cost":"NONE","seed_source_timestamp":177002385021222,"circlet_count":0,"master_deck":["Defend_G+1","Defend_G+1","Defend_G+1","Defend_G+1","Defend_G+1","Strike_G+1","Strike_G+1","Strike_G+1","Strike_G+1","Neutralize","Cloak And Dagger+1","Noxious Fumes+1","All Out Attack","Dash+1","Calculated Gamble","Footwork+1","Flying Knee","Riddle With Holes","Burst+1","Footwork+1","Dagger Spray","Masterful Stab+1","Escape Plan+1","After Image","A Thousand Cuts","Masterful Stab","Masterful Stab","Escape Plan","Leg Sweep+1","Backstab+1","Choke+1","A Thousand Cuts"],"relics":["Ring of the Snake","Anchor","Ornamental Fan","Mercury Hourglass","The Courier","Ectoplasm","Red Mask","Blood Vial","Sundial","Juzu Bracelet","Omamori","MutagenicStrength","Peace Pipe","Prayer Wheel","Bag of Preparation","Du-Vu Doll","MawBank"],"potions_floor_usage":[11,20,21,24,27,40,45],"damage_taken":[{"damage":4,"enemies":"Cultist","floor":1,"turns":5},{"damage":0,"enemies":"Small Slimes","floor":3,"turns":2},{"damage":0,"enemies":"Jaw Worm","floor":5,"turns":4},{"damage":13,"enemies":"3 Sentries","floor":7,"turns":6},{"damage":0,"enemies":"3 Louse","floor":10,"turns":2},{"damage":10,"enemies":"Lagavulin","floor":11,"turns":6},{"damage":0,"enemies":"Large Slime","floor":12,"turns":5},{"damage":0,"enemies":"2 Fungi Beasts","floor":13,"turns":3},{"damage":4,"enemies":"The Guardian","floor":16,"turns":12},{"damage":0,"enemies":"3 Byrds","floor":18,"turns":5},{"damage":12,"enemies":"Masked Bandits","floor":20,"turns":4},{"damage":0,"enemies":"Spheric Guardian","floor":21,"turns":3},{"damage":0,"enemies":"Slavers","floor":24,"turns":4},{"damage":2,"enemies":"Book of Stabbing","floor":27,"turns":6},{"damage":10,"enemies":"Collector","floor":33,"turns":10},{"damage":0,"enemies":"Orb Walker","floor":35,"turns":4},{"damage":17,"enemies":"2 Orb Walkers","floor":36,"turns":6},{"damage":21,"enemies":"3 Shapes","floor":39,"turns":4},{"damage":19,"enemies":"Nemesis","floor":40,"turns":7},{"damage":0,"enemies":"Mind Bloom Boss Battle","floor":42,"turns":4},{"damage":105,"enemies":"Giant Head","floor":45,"turns":11}],"seed_played":"-2109836924278911839","potions_obtained":[{"floor":3,"key":"Weak Potion"},{"floor":7,"key":"SkillPotion"},{"floor":11,"key":"Fire Potion"},{"floor":13,"key":"Energy Potion"},{"floor":16,"key":"Block Potion"},{"floor":21,"key":"Explosive Potion"},{"floor":39,"key":"Poison Potion"},{"floor":40,"key":"SpeedPotion"}],"is_trial":false,"path_per_floor":["M","$","M","?","M","R","E","R","T","M","E","M","M","?","R","B",null,"M","?","?","M","?","R","E","R","T","E","?","T","?","?","R","B",null,"M","?","$","?","M","E","R","?","T","R","E"],"character_chosen":"THE_SILENT","items_purchased":["Noxious Fumes","All Out Attack","Masterful Stab","Escape Plan"],"campfire_rested":4,"item_purchase_floors":[2,2,37,37],"current_hp_per_floor":[66,66,66,66,66,66,53,53,53,53,43,43,43,43,43,39,70,70,70,58,58,58,70,70,70,70,68,68,68,68,55,75,65,75,75,58,58,58,39,22,44,46,46,68,0],"gold":9,"neow_bonus":"RANDOM_COMMON_RELIC","is_prod":false,"is_daily":false,"chose_seed":false,"campfire_upgraded":4,"win_rate":0,"timestamp":1547569665,"path_taken":["M","$","M","?","?","R","E","R","T","M","E","M","M","?","R","BOSS","M","?","?","M","?","R","E","R","T","E","?","?","?","?","R","BOSS","M","?","$","?","M","E","R","?","T","R","E"],"build_version":"2019-01-10","purchased_purges":0,"victory":false,"max_hp_per_floor":[70,70,70,70,70,70,70,70,70,70,70,70,70,70,70,70,70,70,70,70,70,70,70,70,70,70,70,70,70,70,75,75,75,75,75,75,75,75,75,75,75,75,75,75,75],"card_choices":[{"not_picked":["Reflex","Acrobatics"],"picked":"Cloak And Dagger","floor":1},{"not_picked":["Catalyst","Escape Plan"],"picked":"Dash","floor":3},{"not_picked":["Caltrops","Quick Slash"],"picked":"Calculated Gamble","floor":5},{"not_picked":["Bane","Slice"],"picked":"Footwork","floor":7},{"not_picked":["Deadly Poison","Slice","Dodge and Roll"],"picked":"SKIP","floor":10},{"not_picked":["Backflip","Dodge and Roll"],"picked":"Flying Knee","floor":11},{"not_picked":["Catalyst","Underhanded Strike","Flying Knee"],"picked":"SKIP","floor":12},{"not_picked":["Deadly Poison","Underhanded Strike"],"picked":"Riddle With Holes","floor":13},{"not_picked":["Grand Finale","Corpse Explosion"],"picked":"Burst","floor":16},{"not_picked":["Acrobatics","Expertise+1"],"picked":"Footwork+1","floor":18},{"not_picked":["Dodge and Roll","Outmaneuver+1"],"picked":"Masterful Stab+1","floor":20},{"not_picked":["Backflip","Acrobatics"],"picked":"Escape Plan+1","floor":21},{"not_picked":["Expertise","Envenom","Eviscerate"],"picked":"SKIP","floor":24},{"not_picked":["Endless Agony","Acrobatics+1"],"picked":"After Image","floor":27},{"not_picked":["Storm of Steel","Doppelganger"],"picked":"A Thousand Cuts","floor":33},{"not_picked":["Choke+1","Flying Knee"],"picked":"Masterful Stab","floor":35},{"not_picked":["Poisoned Stab+1","Prepared+1"],"picked":"Leg Sweep+1","floor":39},{"not_picked":["Deadly Poison+1","Accuracy+1"],"picked":"Backstab+1","floor":39},{"not_picked":["Slice","Dagger Throw+1"],"picked":"Choke+1","floor":40},{"not_picked":["Slice","Dagger Throw"],"picked":"A Thousand Cuts","floor":42}],"player_experience":626859,"relics_obtained":[{"floor":7,"key":"Ornamental Fan"},{"floor":9,"key":"Mercury Hourglass"},{"floor":11,"key":"The Courier"},{"floor":20,"key":"Red Mask"},{"floor":24,"key":"Sundial"},{"floor":26,"key":"Juzu Bracelet"},{"floor":27,"key":"Omamori"},{"floor":29,"key":"Peace Pipe"},{"floor":36,"key":"Prayer Wheel"},{"floor":40,"key":"Bag of Preparation"},{"floor":42,"key":"Du-Vu Doll"},{"floor":43,"key":"MawBank"}],"event_choices":[{"cards_removed":["Strike_G"],"damage_healed":0,"gold_gain":0,"player_choice":"Purged","damage_taken":0,"max_hp_gain":0,"max_hp_loss":0,"event_name":"Purifier","floor":4,"gold_loss":0},{"damage_healed":0,"gold_gain":0,"player_choice":"Grow","damage_taken":0,"max_hp_gain":0,"max_hp_loss":0,"event_name":"Living Wall","floor":14,"gold_loss":0,"cards_upgraded":["Footwork"]},{"damage_healed":0,"gold_gain":0,"player_choice":"Read","damage_taken":0,"max_hp_gain":0,"max_hp_loss":0,"event_name":"The Library","floor":19,"gold_loss":0,"cards_obtained":["Dagger Spray"]},{"damage_healed":0,"gold_gain":0,"player_choice":"Fought Bandits","damage_taken":0,"max_hp_gain":0,"max_hp_loss":0,"event_name":"Masked Bandits","floor":20,"gold_loss":0},{"damage_healed":0,"gold_gain":0,"player_choice":"Obtained Relic","damage_taken":0,"relics_obtained":["Blood Vial"],"max_hp_gain":0,"max_hp_loss":0,"event_name":"Addict","floor":22,"gold_loss":85},{"damage_healed":0,"gold_gain":0,"player_choice":"Inject Mutagens","damage_taken":0,"relics_obtained":["MutagenicStrength"],"max_hp_gain":0,"max_hp_loss":0,"event_name":"Drug Dealer","floor":28,"gold_loss":0},{"damage_healed":0,"gold_gain":0,"player_choice":"Simplicity","damage_taken":0,"max_hp_gain":0,"max_hp_loss":0,"event_name":"Back to Basics","floor":30,"gold_loss":0,"cards_upgraded":["Defend_G","Defend_G","Defend_G","Defend_G","Defend_G","Strike_G","Strike_G","Strike_G","Strike_G"]},{"damage_healed":0,"gold_gain":0,"player_choice":"Shed Blood","damage_taken":18,"max_hp_gain":5,"max_hp_loss":0,"event_name":"Forgotten Altar","floor":31,"gold_loss":0},{"damage_healed":0,"gold_gain":0,"player_choice":"Fight","damage_taken":0,"max_hp_gain":0,"max_hp_loss":0,"event_name":"Mysterious Sphere","floor":36,"gold_loss":0},{"cards_removed":["Survivor"],"damage_healed":0,"gold_gain":0,"player_choice":"Removed Skill","damage_taken":0,"max_hp_gain":0,"max_hp_loss":0,"event_name":"Falling","floor":38,"gold_loss":0},{"damage_healed":0,"gold_gain":0,"player_choice":"Fight","damage_taken":0,"max_hp_gain":0,"max_hp_loss":0,"event_name":"MindBloom","floor":42,"gold_loss":0}],"is_beta":false,"boss_relics":[{"not_picked":["Runic Pyramid","Philosopher\u0027s Stone"],"picked":"Ectoplasm"},{"not_picked":["HoveringKite","Velvet Choker","Snecko Eye"]}],"items_purged_floors":[],"is_endless":false,"potions_floor_spawned":[3,7,11,13,16,21,39,40],"killed_by":"Giant Head","ascension_level":4}