{"gold_per_floor":[109,127,142,142,190,190,217,232,307,321,321,125,156,173,173,247,247,266,316,326,0,0,35,35,35,62,79,79,91,105,30,30,106,106,119,133,133,133,133,133,133,149,149,149,166,186,186,64,64,64],"floor_reached":51,"playtime":3608,"items_purged":["Strike_G","Strike_G"],"score":1229,"play_id":"53ed25d1-8a99-4d90-b0e6-cfd629b2f2e3","local_time":"20190204212153","is_ascension_mode":true,"campfire_choices":[{"floor":6,"key":"REST"},{"data":"Deadly Poison","floor":11,"key":"SMITH"},{"data":"Leg Sweep","floor":15,"key":"SMITH"},{"data":"Bullet Time","floor":24,"key":"SMITH"},{"floor":28,"key":"REST"},{"floor":32,"key":"REST"},{"data":"Footwork","floor":41,"key":"SMITH"},{"floor":44,"key":"REST"},{"floor":47,"key":"REST"},{"floor":49,"key":"REST"}],"neow_cost":"NONE","seed_source_timestamp":37416281655599,"circlet_count":0,"master_deck":["AscendersBane","Defend_G","Defend_G","Defend_G","Defend_G","Defend_G","Survivor","Neutralize","Flying Knee","Backflip","Poisoned Stab","Deadly Poison+1","Leg Sweep+1","PiercingWail","Acrobatics","Flying Knee","Adrenaline","Dagger Spray","Bouncing Flask+1","Bullet Time+1","Adrenaline","Noxious Fumes","PiercingWail+1","Footwork+1","Venomology","Backflip","Backflip+1","Well Laid Plans"],"relics":["Ring of the Snake","Ninja Scroll","Smiling Mask","Potion Belt","Matryoshka","PreservedInsect","Anchor","Empty Cage","FossilizedHelix","StoneCalendar","Letter Opener","Oddly Smooth Stone","Velvet Choker","Centennial Puzzle","Ornamental Fan"],"potions_floor_usage":[13,16,23,23,27,33,33,35,42,42,42,45,50,50,50,50],"damage_taken":[{"damage":0,"enemies":"Cultist","floor":1,"turns":5},{"damage":5,"enemies":"Jaw Worm","floor":2,"turns":4},{"damage":0,"enemies":"2 Louse","floor":3,"turns":2},{"damage":12,"enemies":"3 Sentries","floor":7,"turns":10},{"damage":0,"enemies":"Red Slaver","floor":8,"turns":3},{"damage":1,"enemies":"Large Slime","floor":10,"turns":9},{"damage":0,"enemies":"Gremlin Nob","floor":13,"turns":2},{"damage":0,"enemies":"3 Louse","floor":14,"turns":3},{"damage":24,"enemies":"Hexaghost","floor":16,"turns":11},{"damage":23,"enemies":"Spheric Guardian","floor":18,"turns":6},{"damage":0,"enemies":"3 Byrds","floor":20,"turns":9},{"damage":7,"enemies":"Book of Stabbing","floor":23,"turns":3},{"damage":0,"enemies":"Snake Plant","floor":27,"turns":3},{"damage":18,"enemies":"Chosen and Byrds","floor":29,"turns":5},{"damage":0,"enemies":"Shelled Parasite and Fungi","floor":30,"turns":5},{"damage":16,"enemies":"Automaton","floor":33,"turns":11},{"damage":0,"enemies":"Orb Walker","floor":35,"turns":4},{"damage":0,"enemies":"3 Darklings","floor":36,"turns":7},{"damage":49,"enemies":"Transient","floor":42,"turns":5},{"damage":0,"enemies":"Writhing Mass","floor":45,"turns":7},{"damage":2,"enemies":"Jaw Worm Horde","floor":46,"turns":5},{"damage":0,"enemies":"Awakened One","floor":50,"turns":20}],"seed_played":"-6001795396066119089","potions_obtained":[{"floor":1,"key":"Fire Potion"},{"floor":3,"key":"Strength Potion"},{"floor":7,"key":"SteroidPotion"},{"floor":16,"key":"Energy Potion"},{"floor":20,"key":"Strength Potion"},{"floor":23,"key":"SkillPotion"},{"floor":27,"key":"GhostInAJar"},{"floor":30,"key":"Regen Potion"},{"floor":42,"key":"AttackPotion"},{"floor":45,"key":"Dexterity Potion"},{"floor":46,"key":"SpeedPotion"}],"is_trial":false,"path_per_floor":["M","M","M","?","T","R","E","M","T","M","R","$","E","M","R","B",null,"M","?","M","$","?","E","R","?","T","M","R","M","M","?","R","B",null,"M","M","?","?","?","?","R","M","T","R","M","M","R","$","R","B",null],"character_chosen":"THE_SILENT","items_purchased":["PreservedInsect","FossilizedHelix","Bouncing Flask","Well Laid Plans"],"campfire_rested":6,"item_purchase_floors":[12,21,21,48],"current_hp_per_floor":[59,54,54,28,28,47,35,35,35,34,34,34,34,34,34,10,52,29,29,29,29,29,22,22,22,22,22,41,23,23,23,42,41,60,60,60,60,60,60,60,60,11,11,30,30,28,47,47,66,66],"gold":64,"neow_bonus":"THREE_CARDS","is_prod":false,"is_daily":false,"chose_seed":false,"campfire_upgraded":4,"win_rate":0,"timestamp":1549315313,"path_taken":["M","M","?","?","?","R","E","M","T","M","R","?","E","M","R","BOSS","M","?","M","$","?","E","R","?","T","M","R","M","?","?","R","BOSS","M","M","?","?","?","?","R","M","T","R","M","M","R","$","R","BOSS"],"build_version":"2019-01-23","purchased_purges":2,"victory":true,"max_hp_per_floor":[66,66,66,66,66,66,66,66,66,66,66,66,66,66,66,66,66,66,66,66,66,66,66,66,66,66,66,66,66,66,66,66,66,66,66,66,66,66,66,66,66,66,66,66,66,66,66,66,66,66],"card_choices":[{"not_picked":["Catalyst","Choke"],"picked":"Flying Knee","floor":0},{"not_picked":["Infinite Blades","Catalyst"],"picked":"Backflip","floor":1},{"not_picked":["Catalyst","Dagger Throw"],"picked":"Poisoned Stab","floor":2},{"not_picked":["Caltrops","Blade Dance"],"picked":"Deadly Poison","floor":3},{"not_picked":["Poisoned Stab","Sucker Punch"],"picked":"Leg Sweep","floor":7},{"not_picked":["Dodge and Roll","Dagger Spray"],"picked":"PiercingWail","floor":8},{"not_picked":["Tactician","Underhanded Strike","Grand Finale"],"picked":"SKIP","floor":10},{"not_picked":["Tools of the Trade","Flying Knee"],"picked":"Acrobatics","floor":13},{"not_picked":["Heel Hook","Infinite Blades"],"picked":"Flying Knee","floor":14},{"not_picked":["Night Terror","Burst"],"picked":"Adrenaline","floor":16},{"not_picked":["Dagger Throw","Prepared","Poisoned Stab"],"picked":"SKIP","floor":18},{"not_picked":["Blade Dance","Terror+1"],"picked":"Dagger Spray","floor":20},{"not_picked":["Slice","Grand Finale"],"picked":"Bullet Time","floor":23},{"not_picked":["Underhanded Strike","Eviscerate"],"picked":"Noxious Fumes","floor":27},{"not_picked":["Dagger Throw","Eviscerate"],"picked":"PiercingWail+1","floor":29},{"not_picked":["Reflex","Underhanded Strike"],"picked":"Footwork","floor":30},{"not_picked":["A Thousand Cuts","Glass Knife"],"picked":"Venomology","floor":33},{"not_picked":["Dodge and Roll","Calculated Gamble"],"picked":"Backflip","floor":35},{"not_picked":["Prepared","Underhanded Strike+1"],"picked":"Backflip+1","floor":36},{"not_picked":["Dagger Spray","Prepared","Dash"],"picked":"SKIP","floor":42},{"not_picked":["Quick Slash","Poisoned Stab","Slice"],"picked":"SKIP","floor":45},{"not_picked":["A Thousand Cuts","Blade Dance+1","Dagger Throw"],"picked":"SKIP","floor":46}],"player_experience":834602,"relics_obtained":[{"floor":5,"key":"Smiling Mask"},{"floor":7,"key":"Potion Belt"},{"floor":9,"key":"Matryoshka"},{"floor":13,"key":"Anchor"},{"floor":23,"key":"StoneCalendar"},{"floor":26,"key":"Letter Opener"},{"floor":26,"key":"Oddly Smooth Stone"},{"floor":43,"key":"Centennial Puzzle"},{"floor":43,"key":"Ornamental Fan"}],"event_choices":[{"damage_healed":0,"gold_gain":0,"player_choice":"Success","damage_taken":26,"relics_obtained":["Ninja Scroll"],"max_hp_gain":0,"max_hp_loss":0,"event_name":"Scrap Ooze","floor":4,"gold_loss":0},{"damage_healed":0,"gold_gain":50,"player_choice":"Stole From Cult","damage_taken":0,"max_hp_gain":0,"max_hp_loss":0,"event_name":"Nest","floor":19,"gold_loss":0},{"damage_healed":0,"gold_gain":0,"player_choice":"Smashed Altar","damage_taken":0,"max_hp_gain":0,"max_hp_loss":0,"event_name":"Forgotten Altar","floor":22,"gold_loss":0,"cards_obtained":["Decay"]},{"damage_healed":0,"gold_gain":0,"player_choice":"1 cards matched","damage_taken":0,"max_hp_gain":0,"max_hp_loss":0,"event_name":"Match and Keep!","floor":25,"gold_loss":0,"cards_obtained":["Adrenaline"]},{"cards_removed":["Decay"],"damage_healed":0,"gold_gain":0,"player_choice":"Gave Gold","damage_taken":0,"max_hp_gain":0,"max_hp_loss":0,"event_name":"Beggar","floor":31,"gold_loss":75},{"damage_healed":0,"gold_gain":0,"player_choice":"Ignored","damage_taken":0,"max_hp_gain":0,"max_hp_loss":0,"event_name":"Tomb of Lord Red Mask","floor":37,"gold_loss":0},{"cards_removed":["Strike_G"],"damage_healed":0,"gold_gain":0,"player_choice":"Removed Attack","damage_taken":0,"max_hp_gain":0,"max_hp_loss":0,"event_name":"Falling","floor":38,"gold_loss":0},{"damage_healed":0,"gold_gain":0,"player_choice":"Ignored","damage_taken":0,"max_hp_gain":0,"max_hp_loss":0,"event_name":"Mysterious Sphere","floor":39,"gold_loss":0},{"damage_healed":0,"gold_gain":0,"player_choice":"Forge","damage_taken":0,"max_hp_gain":0,"max_hp_loss":0,"event_name":"Accursed Blacksmith","floor":40,"gold_loss":0,"cards_upgraded":["Bouncing Flask"]}],"is_beta":true,"boss_relics":[{"not_picked":["White Beast Statue","HoveringKite"],"picked":"Empty Cage"},{"not_picked":["Calling Bell","Runic Pyramid"],"picked":"Velvet Choker"}],"items_purged_floors":[12,48],"is_endless":false,"potions_floor_spawned":[1,3,7,16,20,23,27,30,42,45,46],"ascension_level":15}