{"gold_per_floor":[117,137,66,66,77,77,93,93,93,93,93,110,122,97,97,202,202,213,226,226,141,78,90,132,144,156,168,194,206,19,39,39,135,135,149,149,162,177,177,177,211,211,211,223,240,240,144,178,178,178],"floor_reached":50,"playtime":2212,"items_purged":["Doubt"],"score":765,"play_id":"f05ee4ba-d909-48ed-ab1b-34a03f79ec4c","local_time":"20190303161537","is_ascension_mode":true,"campfire_choices":[{"data":"Fission","floor":6,"key":"SMITH"},{"data":"Chaos","floor":8,"key":"SMITH"},{"data":"Coolheaded","floor":11,"key":"SMITH"},{"data":"Consume","floor":15,"key":"SMITH"},{"data":"Rainbow","floor":23,"key":"SMITH"},{"data":"Fusion","floor":29,"key":"SMITH"},{"data":"Capacitor","floor":32,"key":"SMITH"},{"floor":40,"key":"REST"},{"floor":42,"key":"RECALL"},{"floor":49,"key":"REST"}],"neow_cost":"NONE","seed_source_timestamp":1476713681844121,"circlet_count":0,"master_deck":["Strike_B+1","Defend_B","Defend_B","Defend_B","Defend_B","Zap+1","Dualcast","Fission+1","Go for the Eyes","Coolheaded+1","Chaos+1","Capacitor+1","Coolheaded","Ball Lightning","Consume+1","Coolheaded","Rainbow+1","Coolheaded","Doom and Gloom+1","Fusion+1","Thunder Strike","Hologram","Parasite","Defragment","FTL"],"relics":["Cracked Core","Meat on the Bone","Busted Crown","MawBank","Letter Opener","Shuriken","Matryoshka","Membership Card","Fusion Hammer","Dead Branch","Bottled Lightning","Toxic Egg 2"],"potions_floor_usage":[16,33,38,48],"damage_taken":[{"damage":19,"enemies":"Small Slimes","floor":1,"turns":4},{"damage":0,"enemies":"Cultist","floor":2,"turns":3},{"damage":3,"enemies":"Jaw Worm","floor":5,"turns":4},{"damage":10,"enemies":"Exordium Wildlife","floor":7,"turns":6},{"damage":0,"enemies":"3 Louse","floor":12,"turns":2},{"damage":0,"enemies":"2 Fungi Beasts","floor":13,"turns":3},{"damage":12,"enemies":"Hexaghost","floor":16,"turns":11},{"damage":25,"enemies":"3 Byrds","floor":18,"turns":4},{"damage":2,"enemies":"Chosen","floor":19,"turns":4},{"damage":19,"enemies":"Book of Stabbing","floor":24,"turns":5},{"damage":14,"enemies":"Centurion and Healer","floor":28,"turns":4},{"damage":0,"enemies":"Snecko","floor":31,"turns":3},{"damage":39,"enemies":"Automaton","floor":33,"turns":8},{"damage":16,"enemies":"Orb Walker","floor":35,"turns":3},{"damage":30,"enemies":"3 Darklings","floor":37,"turns":3},{"damage":9,"enemies":"Transient","floor":38,"turns":5},{"damage":7,"enemies":"Nemesis","floor":41,"turns":7},{"damage":25,"enemies":"Spire Growth","floor":44,"turns":4},{"damage":0,"enemies":"Writhing Mass","floor":45,"turns":6},{"damage":104,"enemies":"Giant Head","floor":48,"turns":10},{"damage":42,"enemies":"Time Eater","floor":50,"turns":5}],"seed_played":"-5046087450406135975","potions_obtained":[{"floor":1,"key":"Poison Potion"},{"floor":12,"key":"GamblersBrew"},{"floor":16,"key":"Ancient Potion"},{"floor":24,"key":"FairyPotion"},{"floor":28,"key":"Explosive Potion"},{"floor":33,"key":"FocusPotion"},{"floor":37,"key":"SkillPotion"}],"is_trial":false,"path_per_floor":["M","M","$","?","M","R","M","R","T","?","R","M","M","$","R","B",null,"M","M","?","?","?","R","E","T","T","?","M","R","$","M","R","B",null,"M","?","M","M","?","R","E","R","T","M","M","?","$","E","R","B"],"character_chosen":"DEFECT","items_purchased":["Chaos","Coolheaded","Membership Card","Defragment","FTL"],"campfire_rested":2,"item_purchase_floors":[3,14,30,47,47],"current_hp_per_floor":[49,49,49,49,46,46,36,36,36,21,21,33,45,45,45,45,68,43,41,41,41,41,41,34,34,34,34,32,32,32,44,44,17,61,45,45,27,30,30,52,45,45,45,32,44,75,75,19,41,0],"gold":178,"neow_bonus":"ONE_RANDOM_RARE_CARD","is_prod":false,"is_daily":false,"chose_seed":false,"campfire_upgraded":7,"win_rate":0,"timestamp":1551640537,"path_taken":["M","M","$","?","M","R","?","R","T","?","R","M","M","?","R","BOSS","M","M","?","?","?","R","E","?","T","?","M","R","$","?","R","BOSS","M","?","M","M","?","R","E","R","T","?","M","?","$","E","R","BOSS"],"build_version":"2019-01-23","purchased_purges":1,"victory":false,"max_hp_per_floor":[75,75,75,75,75,75,75,75,75,75,75,75,75,75,75,75,75,75,75,75,75,75,75,75,75,75,75,75,75,75,75,75,75,75,75,75,75,75,75,75,75,75,75,75,75,75,75,75,75,75],"card_choices":[{"not_picked":["Blizzard","Streamline"],"picked":"Go for the Eyes","floor":1},{"not_picked":["Compile Driver","Sweeping Beam"],"picked":"Coolheaded","floor":2},{"not_picked":["Aggregate","Rip and Tear"],"picked":"Capacitor","floor":5},{"not_picked":["Sunder","Aggregate"],"picked":"Coolheaded","floor":7},{"not_picked":["Tempest","Steam"],"picked":"Ball Lightning","floor":12},{"not_picked":["Reprogram","Sweeping Beam"],"picked":"Consume","floor":13},{"not_picked":["Thunder Strike","Creative AI"],"picked":"Rainbow","floor":16},{"not_picked":[],"picked":"Coolheaded","floor":18},{"not_picked":[],"picked":"Doom and Gloom+1","floor":19},{"not_picked":[],"picked":"Fusion","floor":24},{"not_picked":["Leap"],"picked":"SKIP","floor":28},{"not_picked":["Stack"],"picked":"SKIP","floor":31},{"not_picked":[],"picked":"Thunder Strike","floor":33},{"not_picked":["Steam"],"picked":"SKIP","floor":35},{"not_picked":["Redo"],"picked":"SKIP","floor":37},{"not_picked":[],"picked":"Hologram","floor":38},{"not_picked":["Heatsinks+1"],"picked":"SKIP","floor":41},{"not_picked":["Go for the Eyes"],"picked":"SKIP","floor":44},{"not_picked":["Rebound"],"picked":"SKIP","floor":45},{"not_picked":["Go for the Eyes"],"picked":"SKIP","floor":48}],"player_experience":879306,"relics_obtained":[{"floor":9,"key":"Meat on the Bone"},{"floor":24,"key":"Letter Opener"},{"floor":25,"key":"Shuriken"},{"floor":26,"key":"Matryoshka"},{"floor":41,"key":"Dead Branch"},{"floor":43,"key":"Bottled Lightning"},{"floor":48,"key":"Toxic Egg 2"}],"event_choices":[{"cards_removed":["Strike_B"],"damage_healed":0,"gold_gain":0,"player_choice":"Purged","damage_taken":0,"max_hp_gain":0,"max_hp_loss":0,"event_name":"Purifier","floor":4,"gold_loss":0},{"damage_healed":0,"gold_gain":0,"player_choice":"Entered Light","damage_taken":15,"max_hp_gain":0,"max_hp_loss":0,"event_name":"Shining Light","floor":10,"gold_loss":0,"cards_upgraded":["Zap","Strike_B"]},{"damage_healed":0,"gold_gain":0,"player_choice":"Ignored","damage_taken":0,"max_hp_gain":0,"max_hp_loss":0,"event_name":"Ghosts","floor":20,"gold_loss":0},{"damage_healed":0,"gold_gain":0,"player_choice":"Obtained Relic","damage_taken":0,"relics_obtained":["MawBank"],"max_hp_gain":0,"max_hp_loss":0,"event_name":"Addict","floor":21,"gold_loss":85},{"cards_removed":["Strike_B"],"damage_healed":0,"gold_gain":0,"player_choice":"Gave Gold","damage_taken":0,"max_hp_gain":0,"max_hp_loss":0,"event_name":"Beggar","floor":22,"gold_loss":75},{"damage_healed":0,"gold_gain":0,"player_choice":"Ignored","damage_taken":0,"max_hp_gain":0,"max_hp_loss":0,"event_name":"Vampires","floor":27,"gold_loss":0},{"damage_healed":0,"gold_gain":0,"player_choice":"Ignored","damage_taken":0,"max_hp_gain":0,"max_hp_loss":0,"event_name":"Tomb of Lord Red Mask","floor":36,"gold_loss":0},{"cards_removed":["Strike_B"],"damage_healed":0,"gold_gain":0,"player_choice":"Removed Attack","damage_taken":0,"max_hp_gain":0,"max_hp_loss":0,"event_name":"Falling","floor":39,"gold_loss":0},{"damage_healed":31,"gold_gain":0,"player_choice":"Heal","damage_taken":0,"max_hp_gain":0,"max_hp_loss":0,"event_name":"MindBloom","floor":46,"gold_loss":0,"cards_obtained":["Doubt"]}],"is_beta":false,"boss_relics":[{"not_picked":["Velvet Choker","Runic Dome"],"picked":"Busted Crown"},{"not_picked":["Coffee Dripper","Cursed Key"],"picked":"Fusion Hammer"}],"items_purged_floors":[47],"is_endless":false,"potions_floor_spawned":[1,12,16,24,28,33,35,37],"killed_by":"Time Eater","ascension_level":9}