{"gold_per_floor":[113,130,156,1,76,105,105,134,160,160,160,195,220,39,39,144,144,164,164,164,181,198,198],"floor_reached":23,"playtime":812,"items_purged":[],"score":268,"play_id":"39283aa6-54d7-4699-9c7a-243123d9b3da","local_time":"20190404113220","is_ascension_mode":true,"campfire_choices":[{"data":"Fiend Fire","floor":7,"key":"SMITH"},{"data":"Sword Boomerang","floor":10,"key":"SMITH"},{"data":"Armaments","floor":15,"key":"SMITH"}],"neow_cost":"NONE","seed_source_timestamp":1043143979705700,"circlet_count":0,"master_deck":["Strike_R","Strike_R","Strike_R","Strike_R","Strike_R","Defend_R","Defend_R","Defend_R","Defend_R","Bash","Armaments+1","Whirlwind","Fiend Fire+1","Sword Boomerang+1","True Grit","Pommel Strike","Dark Embrace","Power Through+1","Discovery","Limit Break","Havoc","Flame Barrier+1"],"relics":["Burning Blood","NeowsBlessing","Lantern","Vajra","Shuriken","Strawberry","Regal Pillow","Red Skull","Centennial Puzzle","Orichalcum","Black Star"],"potions_floor_usage":[16,22,22],"damage_taken":[{"damage":0,"enemies":"Cultist","floor":1,"turns":1},{"damage":0,"enemies":"Small Slimes","floor":2,"turns":1},{"damage":0,"enemies":"3 Sentries","floor":6,"turns":1},{"damage":0,"enemies":"Gremlin Nob","floor":8,"turns":2},{"damage":26,"enemies":"Lagavulin","floor":12,"turns":5},{"damage":31,"enemies":"The Guardian","floor":16,"turns":11},{"damage":10,"enemies":"Chosen","floor":18,"turns":5},{"damage":7,"enemies":"Shell Parasite","floor":21,"turns":2},{"damage":23,"enemies":"Cultist and Chosen","floor":22,"turns":6},{"damage":66,"enemies":"Gremlin Leader","floor":23,"turns":6}],"seed_played":"9049352984914274457","potions_obtained":[{"floor":1,"key":"FearPotion"},{"floor":2,"key":"Ancient Potion"},{"floor":6,"key":"Block Potion"},{"floor":16,"key":"Fire Potion"}],"is_trial":false,"path_per_floor":["M","M","T","$","?","E","R","E","T","R","?","E","T","$","R","B",null,"M","?","?","M","M","E"],"character_chosen":"IRONCLAD","items_purchased":["Vajra","Pommel Strike","Orichalcum"],"campfire_rested":0,"item_purchase_floors":[4,14,14],"current_hp_per_floor":[80,80,80,80,69,75,75,87,87,87,87,67,67,67,67,42,87,83,83,83,82,65,0],"gold":198,"neow_bonus":"THREE_ENEMY_KILL","is_prod":false,"is_daily":false,"chose_seed":false,"campfire_upgraded":3,"win_rate":0,"timestamp":1554391940,"path_taken":["M","M","?","$","?","E","R","E","T","R","?","E","?","$","R","BOSS","M","?","?","M","?","E"],"build_version":"2019-01-23","purchased_purges":0,"victory":false,"max_hp_per_floor":[80,80,80,80,80,80,80,87,87,87,87,87,87,87,87,87,87,87,87,87,87,87,87],"card_choices":[{"not_picked":["Infernal Blade","Anger"],"picked":"Armaments","floor":1},{"not_picked":["Warcry","Intimidate"],"picked":"Whirlwind","floor":2},{"not_picked":["Twin Strike","Uppercut"],"picked":"Fiend Fire","floor":6},{"not_picked":["Thunderclap","Evolve"],"picked":"Sword Boomerang","floor":8},{"not_picked":["Juggernaut","Clash"],"picked":"True Grit","floor":12},{"not_picked":["Fiend Fire","Barricade"],"picked":"Dark Embrace","floor":16},{"not_picked":["Flex","Sword Boomerang"],"picked":"Power Through+1","floor":18},{"not_picked":["Iron Wave","Shrug It Off"],"picked":"Havoc","floor":21},{"not_picked":["Havoc","Sword Boomerang+1"],"picked":"Flame Barrier+1","floor":22}],"player_experience":70247,"relics_obtained":[{"floor":3,"key":"Lantern"},{"floor":6,"key":"Shuriken"},{"floor":8,"key":"Strawberry"},{"floor":9,"key":"Regal Pillow"},{"floor":12,"key":"Red Skull"},{"floor":13,"key":"Centennial Puzzle"}],"event_choices":[{"damage_healed":0,"gold_gain":75,"player_choice":"Gather Gold","damage_taken":11,"max_hp_gain":0,"max_hp_loss":0,"event_name":"World of Goop","floor":5,"gold_loss":0},{"damage_healed":0,"gold_gain":0,"player_choice":"Leave","damage_taken":0,"max_hp_gain":0,"max_hp_loss":0,"event_name":"The Cleric","floor":11,"gold_loss":0},{"damage_healed":0,"gold_gain":0,"player_choice":"Ignored","damage_taken":0,"max_hp_gain":0,"max_hp_loss":0,"event_name":"Beggar","floor":19,"gold_loss":0},{"damage_healed":0,"gold_gain":0,"player_choice":"2 cards matched","damage_taken":0,"max_hp_gain":0,"max_hp_loss":0,"event_name":"Match and Keep!","floor":20,"gold_loss":0,"cards_obtained":["Discovery","Limit Break"]}],"is_beta":false,"boss_relics":[{"not_picked":["Cursed Key","Black Blood"],"picked":"Black Star"}],"items_purged_floors":[],"is_endless":false,"potions_floor_spawned":[1,2,6,16,21],"killed_by":"Gremlin Leader","ascension_level":1}