{"gold_per_floor":[116,132,152,152,152,152,165,8,57,57,132,150,182,37,37,134,134,149,159,186,197,16,16],"floor_reached":23,"playtime":907,"items_purged":["Regret","Venomology"],"score":306,"play_id":"0ab42a24-e44d-433f-a657-75eba462e9ff","local_time":"20190401121835","is_ascension_mode":true,"campfire_choices":[{"data":"Dash","floor":6,"key":"SMITH"},{"data":"Footwork","floor":10,"key":"SMITH"},{"floor":15,"key":"REST"}],"neow_cost":"NONE","seed_source_timestamp":1051527436091,"circlet_count":0,"master_deck":["AscendersBane","Defend_G","Defend_G","Defend_G","Defend_G+1","Defend_G+1","Strike_G","Strike_G","Strike_G","Strike_G","Strike_G","Survivor+1","Neutralize+1","Slice","Dash+1","Slice+1","Slice","Footwork+1","Calculated Gamble","Leg Sweep","Footwork","Masterful Stab","Dodge and Roll","PiercingWail","Heel Hook","Blur"],"relics":["Ring of the Snake","War Paint","Blood Vial","Orichalcum","Sozu","Red Mask"],"potions_floor_usage":[7,13,13],"damage_taken":[{"damage":5,"enemies":"Cultist","floor":1,"turns":6},{"damage":0,"enemies":"Small Slimes","floor":2,"turns":3},{"damage":1,"enemies":"Jaw Worm","floor":3,"turns":4},{"damage":2,"enemies":"2 Fungi Beasts","floor":7,"turns":3},{"damage":1,"enemies":"Blue Slaver","floor":12,"turns":4},{"damage":5,"enemies":"Lagavulin","floor":13,"turns":7},{"damage":20,"enemies":"The Guardian","floor":16,"turns":16},{"damage":9,"enemies":"3 Byrds","floor":18,"turns":8},{"damage":7,"enemies":"Spheric Guardian","floor":19,"turns":6},{"damage":36,"enemies":"Masked Bandits","floor":20,"turns":10},{"damage":0,"enemies":"Centurion and Healer","floor":21,"turns":13},{"damage":28,"enemies":"Gremlin Leader","floor":23,"turns":4}],"seed_played":"-7478748606250749861","potions_obtained":[{"floor":2,"key":"PowerPotion"},{"floor":3,"key":"SkillPotion"},{"floor":7,"key":"Swift Potion"}],"is_trial":false,"path_per_floor":["M","M","M","?","?","R","M","$","T","R","?","M","E","$","R","B",null,"M","M","?","M","$","E"],"character_chosen":"THE_SILENT","items_purchased":["Footwork","Footwork","Masterful Stab","Blur"],"campfire_rested":1,"item_purchase_floors":[8,14,14,22],"current_hp_per_floor":[58,58,57,57,43,43,41,41,41,41,30,31,28,28,49,31,60,53,48,14,16,16,0],"gold":16,"neow_bonus":"UPGRADE_CARD","is_prod":false,"is_daily":false,"chose_seed":false,"campfire_upgraded":2,"win_rate":0,"timestamp":1554131915,"path_taken":["M","?","M","?","?","R","M","?","T","R","?","?","E","$","R","BOSS","M","M","?","M","$","E"],"build_version":"2019-01-23","purchased_purges":2,"victory":false,"max_hp_per_floor":[70,70,70,70,70,70,70,70,70,70,70,70,70,70,70,70,70,70,70,70,70,70,70],"card_choices":[{"not_picked":["Backflip","Dodge and Roll"],"picked":"Slice","floor":1},{"not_picked":["Crippling Poison","Sucker Punch"],"picked":"Dash","floor":2},{"not_picked":["Prepared","Dodge and Roll"],"picked":"Slice","floor":3},{"not_picked":["Eviscerate","Expertise"],"picked":"Slice","floor":7},{"not_picked":["Sucker Punch","Reflex"],"picked":"Calculated Gamble","floor":12},{"not_picked":["Bane","Tools of the Trade"],"picked":"Leg Sweep","floor":13},{"not_picked":["Bullet Time","Tools of the Trade"],"picked":"Venomology","floor":16},{"not_picked":["Eviscerate","Accuracy"],"picked":"Dodge and Roll","floor":18},{"not_picked":["Quick Slash","Cloak And Dagger"],"picked":"PiercingWail","floor":19},{"not_picked":["Tactician","Bullet Time"],"picked":"Heel Hook","floor":21}],"player_experience":1025836,"relics_obtained":[{"floor":9,"key":"Blood Vial"},{"floor":13,"key":"Orichalcum"},{"floor":20,"key":"Red Mask"}],"event_choices":[{"damage_healed":0,"gold_gain":0,"player_choice":"Box","damage_taken":0,"relics_obtained":["War Paint"],"max_hp_gain":0,"max_hp_loss":0,"event_name":"Big Fish","floor":4,"gold_loss":0,"cards_obtained":["Regret"]},{"damage_healed":0,"gold_gain":0,"player_choice":"Entered Light","damage_taken":14,"max_hp_gain":0,"max_hp_loss":0,"event_name":"Shining Light","floor":5,"gold_loss":0,"cards_upgraded":["Survivor","Slice"]},{"damage_healed":0,"gold_gain":75,"player_choice":"Gather Gold","damage_taken":11,"max_hp_gain":0,"max_hp_loss":0,"event_name":"World of Goop","floor":11,"gold_loss":0},{"damage_healed":0,"gold_gain":0,"player_choice":"Fought Bandits","damage_taken":0,"max_hp_gain":0,"max_hp_loss":0,"event_name":"Masked Bandits","floor":20,"gold_loss":0}],"is_beta":false,"boss_relics":[{"not_picked":["Snecko Eye","Pandora\u0027s Box"],"picked":"Sozu"}],"items_purged_floors":[8,22],"is_endless":false,"potions_floor_spawned":[2,3,7,19,21],"killed_by":"Gremlin Leader","ascension_level":12}