{"gold_per_floor":[115,265,279,13,13,13,24,24,24,24,36,54,65,65,65,136,136,156,167,117,7,27,27,41,41,64,64,95,110,181,63,63,63],"floor_reached":33,"playtime":1244,"items_purged":["Doubt"],"score":475,"play_id":"c5fdc87b-80e2-4d67-91ce-367139d9b631","local_time":"20190413094348","is_ascension_mode":true,"campfire_choices":[{"data":"Shockwave","floor":6,"key":"SMITH"},{"data":"Rage","floor":8,"key":"SMITH"},{"data":"Bash","floor":10,"key":"SMITH"},{"data":"Feel No Pain","floor":15,"key":"SMITH"},{"data":"Barricade","floor":23,"key":"SMITH"},{"data":"Feel No Pain","floor":25,"key":"SMITH"},{"floor":27,"key":"REST"},{"floor":32,"key":"REST"}],"neow_cost":"NONE","seed_source_timestamp":157303544377622,"circlet_count":0,"master_deck":["AscendersBane","Strike_R","Strike_R","Strike_R+1","Strike_R","Strike_R","Defend_R","Defend_R","Defend_R","Defend_R","Bash+1","Wild Strike+1","Shockwave+1","Rage+1","Shrug It Off","Feel No Pain+1","Wild Strike","Barricade+1","Feel No Pain+1","Corruption","Intimidate","Cleave","Wild Strike","Wild Strike","Battle Trance","Intimidate"],"relics":["Burning Blood","Medical Kit","Bottled Lightning","Busted Crown","Boot","Strawberry"],"potions_floor_usage":[16,28,33,33],"damage_taken":[{"damage":3,"enemies":"2 Louse","floor":1,"turns":3},{"damage":9,"enemies":"Small Slimes","floor":3,"turns":4},{"damage":2,"enemies":"Jaw Worm","floor":7,"turns":2},{"damage":9,"enemies":"Gremlin Gang","floor":11,"turns":5},{"damage":3,"enemies":"Looter","floor":12,"turns":3},{"damage":5,"enemies":"Red Slaver","floor":13,"turns":4},{"damage":5,"enemies":"The Guardian","floor":16,"turns":14},{"damage":33,"enemies":"3 Byrds","floor":18,"turns":9},{"damage":4,"enemies":"Chosen","floor":19,"turns":6},{"damage":21,"enemies":"Centurion and Healer","floor":22,"turns":7},{"damage":13,"enemies":"Snecko","floor":24,"turns":5},{"damage":36,"enemies":"Book of Stabbing","floor":28,"turns":10},{"damage":9,"enemies":"3 Cultists","floor":29,"turns":7},{"damage":66,"enemies":"Collector","floor":33,"turns":20}],"seed_played":"3756505546407992240","potions_obtained":[{"floor":1,"key":"PowerPotion"},{"floor":7,"key":"Dexterity Potion"},{"floor":18,"key":"Ancient Potion"},{"floor":24,"key":"Weak Potion"},{"floor":28,"key":"Weak Potion"}],"is_trial":false,"path_per_floor":["M","?","M","$","?","R","M","R","T","R","M","M","M","$","R","B",null,"M","M","?","$","M","R","M","R","T","R","E","M","T","$","R","B"],"character_chosen":"IRONCLAD","items_purchased":["Medical Kit","Corruption","Intimidate","Battle Trance","Intimidate"],"campfire_rested":2,"item_purchase_floors":[4,21,21,31,31],"current_hp_per_floor":[78,78,75,75,50,50,54,54,54,54,51,54,55,55,55,56,76,49,51,51,51,36,36,29,29,29,53,30,27,27,27,53,0],"gold":63,"neow_bonus":"TEN_PERCENT_HP_BONUS","is_prod":false,"is_daily":false,"chose_seed":false,"campfire_upgraded":6,"win_rate":0,"timestamp":1555159428,"path_taken":["M","?","M","$","?","R","M","R","T","R","M","M","M","?","R","BOSS","M","?","?","$","?","R","M","R","T","R","E","?","?","$","R","BOSS"],"build_version":"2019-01-23","purchased_purges":1,"victory":false,"max_hp_per_floor":[82,82,82,82,82,82,82,82,82,82,82,82,82,82,82,82,82,82,82,82,82,82,82,82,82,82,82,89,89,89,89,89,89],"card_choices":[{"not_picked":["Bloodletting","Second Wind"],"picked":"Wild Strike","floor":1},{"not_picked":["Warcry","Carnage"],"picked":"Shockwave","floor":3},{"not_picked":["Pommel Strike","Burning Pact"],"picked":"Rage","floor":7},{"not_picked":["Pommel Strike","Uppercut"],"picked":"Shrug It Off","floor":11},{"not_picked":["Twin Strike","Intimidate"],"picked":"Feel No Pain","floor":12},{"not_picked":["Searing Blow","Sword Boomerang"],"picked":"Wild Strike","floor":13},{"not_picked":["Brutality","Offering"],"picked":"Barricade","floor":16},{"not_picked":["Corruption"],"picked":"SKIP","floor":18},{"not_picked":[],"picked":"Feel No Pain","floor":19},{"not_picked":[],"picked":"Cleave","floor":22},{"not_picked":["Seeing Red"],"picked":"SKIP","floor":24},{"not_picked":[],"picked":"Wild Strike","floor":28},{"not_picked":[],"picked":"Wild Strike","floor":29}],"player_experience":1105655,"relics_obtained":[{"floor":9,"key":"Bottled Lightning"},{"floor":26,"key":"Boot"},{"floor":28,"key":"Strawberry"}],"event_choices":[{"damage_healed":0,"gold_gain":150,"player_choice":"AGREE","damage_taken":0,"max_hp_gain":0,"max_hp_loss":0,"event_name":"Liars Game","floor":2,"gold_loss":0,"cards_obtained":["Doubt"]},{"damage_healed":0,"gold_gain":0,"player_choice":"Entered Light","damage_taken":25,"max_hp_gain":0,"max_hp_loss":0,"event_name":"Shining Light","floor":5,"gold_loss":0,"cards_upgraded":["Strike_R","Wild Strike"]},{"damage_healed":0,"gold_gain":0,"player_choice":"Bet on Murderer","damage_taken":0,"max_hp_gain":0,"max_hp_loss":0,"event_name":"The Joust","floor":20,"gold_loss":50}],"is_beta":false,"boss_relics":[{"not_picked":["Ectoplasm","Empty Cage"],"picked":"Busted Crown"}],"items_purged_floors":[4],"is_endless":false,"potions_floor_spawned":[1,7,18,24,28],"killed_by":"Collector","ascension_level":15}