{"gold_per_floor":[112,112,112,131,131,156,156,171,171,227,227,227,247,273,273,378,378,392,7,7,24,37,62,62,62,62,62,62,62,74,88,88,88],"floor_reached":33,"playtime":937,"items_purged":["Bash"],"score":350,"play_id":"2081f82a-4e24-48ca-95f2-ea19502b3ef7","local_time":"20190415142300","is_ascension_mode":true,"campfire_choices":[{"data":"Perfected Strike","floor":7,"key":"SMITH"},{"data":"Flex","floor":12,"key":"SMITH"},{"data":"Demon Form","floor":15,"key":"SMITH"},{"floor":24,"key":"REST"},{"floor":29,"key":"REST"},{"floor":32,"key":"REST"}],"neow_cost":"NONE","seed_source_timestamp":257246155428000,"circlet_count":0,"master_deck":["Strike_R","Strike_R","Strike_R","Strike_R","Strike_R","Defend_R+1","Defend_R","Defend_R","Defend_R","Flex+1","Perfected Strike+1","Pommel Strike+1","Perfected Strike+1","Iron Wave+1","Demon Form+1","Rampage+1","Immolate+1","Perfected Strike+1","Twin Strike+1","Battle Trance+1","Infernal Blade+1","Shrug It Off+1"],"relics":["Burning Blood","NeowsBlessing","Molten Egg 2","Toxic Egg 2","Art of War","StoneCalendar","Runic Cube","Girya","Potion Belt","Nilry\u0027s Codex","Blood Vial"],"potions_floor_usage":[28,28,33],"damage_taken":[{"damage":0,"enemies":"2 Louse","floor":1,"turns":1},{"damage":0,"enemies":"Cultist","floor":4,"turns":1},{"damage":0,"enemies":"3 Sentries","floor":6,"turns":1},{"damage":0,"enemies":"Small Slimes","floor":8,"turns":2},{"damage":9,"enemies":"3 Sentries","floor":10,"turns":6},{"damage":1,"enemies":"3 Louse","floor":13,"turns":2},{"damage":9,"enemies":"Lagavulin","floor":14,"turns":5},{"damage":11,"enemies":"Slime Boss","floor":16,"turns":7},{"damage":12,"enemies":"Chosen","floor":18,"turns":4},{"damage":3,"enemies":"Spheric Guardian","floor":21,"turns":3},{"damage":35,"enemies":"Snake Plant","floor":22,"turns":3},{"damage":41,"enemies":"Book of Stabbing","floor":23,"turns":5},{"damage":29,"enemies":"Slavers","floor":28,"turns":2},{"damage":13,"enemies":"Centurion and Healer","floor":30,"turns":4},{"damage":16,"enemies":"Shelled Parasite and Fungi","floor":31,"turns":3},{"damage":86,"enemies":"Automaton","floor":33,"turns":6}],"seed_played":"8397931282693265770","potions_obtained":[{"floor":3,"key":"FairyPotion"},{"floor":3,"key":"SmokeBomb"},{"floor":3,"key":"SkillPotion"},{"floor":13,"key":"LiquidBronze"},{"floor":31,"key":"Fruit Juice"}],"is_trial":false,"path_per_floor":["M","?","?","M","$","E","R","M","T","?","?","R","M","E","R","B",null,"M","$","?","M","M","E","R","?","T","?","E","R","M","M","R","B"],"character_chosen":"IRONCLAD","items_purchased":["Twin Strike+1","Girya"],"campfire_rested":3,"item_purchase_floors":[19,19],"current_hp_per_floor":[80,85,85,85,85,85,85,85,85,82,82,82,85,82,82,77,85,79,79,79,82,53,18,43,27,27,27,14,39,34,26,51,0],"gold":88,"neow_bonus":"THREE_ENEMY_KILL","is_prod":false,"is_daily":false,"chose_seed":false,"campfire_upgraded":3,"win_rate":0,"timestamp":1555352580,"path_taken":["M","?","?","?","$","E","R","M","T","?","?","R","M","E","R","BOSS","M","$","?","M","?","E","R","?","T","?","E","R","M","M","R","BOSS"],"build_version":"2019-01-23","purchased_purges":1,"victory":false,"max_hp_per_floor":[80,85,85,85,85,85,85,85,85,85,85,85,85,85,85,85,85,85,85,85,85,85,85,85,85,85,85,85,85,85,85,85,90],"card_choices":[{"not_picked":["Corruption","Cleave"],"picked":"Flex","floor":1},{"not_picked":["Burning Pact","Clothesline"],"picked":"Perfected Strike","floor":4},{"not_picked":["Thunderclap","Fire Breathing"],"picked":"Pommel Strike","floor":6},{"not_picked":["Anger+1","Clash+1"],"picked":"Perfected Strike+1","floor":8},{"not_picked":["Anger+1","Clash+1"],"picked":"Iron Wave+1","floor":10},{"not_picked":["Battle Trance+1","Clash+1"],"picked":"Demon Form","floor":13},{"not_picked":["Demon Form","Reckless Charge+1"],"picked":"Rampage+1","floor":14},{"not_picked":["Juggernaut","Berserk"],"picked":"Immolate+1","floor":16},{"not_picked":["Dropkick+1","Sword Boomerang+1"],"picked":"Perfected Strike+1","floor":18},{"not_picked":["Rupture","Second Wind+1","Power Through+1"],"picked":"SKIP","floor":21},{"not_picked":["Cleave+1","Power Through+1"],"picked":"Battle Trance+1","floor":22},{"not_picked":["Rampage+1","Cleave+1","Limit Break+1"],"picked":"SKIP","floor":23},{"not_picked":["Headbutt+1","Havoc+1"],"picked":"Infernal Blade+1","floor":30},{"not_picked":["Burning Pact+1","Body Slam+1"],"picked":"Shrug It Off+1","floor":31}],"player_experience":71214,"relics_obtained":[{"floor":6,"key":"Molten Egg 2"},{"floor":9,"key":"Toxic Egg 2"},{"floor":10,"key":"Art of War"},{"floor":14,"key":"StoneCalendar"},{"floor":23,"key":"Potion Belt"},{"floor":25,"key":"Nilry\u0027s Codex"},{"floor":26,"key":"Blood Vial"}],"event_choices":[{"damage_healed":0,"gold_gain":0,"player_choice":"Donut","damage_taken":0,"max_hp_gain":5,"max_hp_loss":0,"event_name":"Big Fish","floor":2,"gold_loss":0},{"damage_healed":0,"gold_gain":0,"player_choice":"Got Potions","damage_taken":0,"max_hp_gain":0,"max_hp_loss":0,"event_name":"Lab","floor":3,"gold_loss":0},{"damage_healed":0,"gold_gain":0,"player_choice":"Searched \u00272\u0027 times","damage_taken":0,"max_hp_gain":0,"max_hp_loss":0,"event_name":"Dead Adventurer","floor":10,"gold_loss":0},{"damage_healed":0,"gold_gain":0,"player_choice":"Ignored","damage_taken":0,"max_hp_gain":0,"max_hp_loss":0,"event_name":"Liars Game","floor":11,"gold_loss":0},{"damage_healed":0,"gold_gain":0,"player_choice":"Upgraded","damage_taken":0,"max_hp_gain":0,"max_hp_loss":0,"event_name":"Upgrade Shrine","floor":20,"gold_loss":0,"cards_upgraded":["Defend_R"]},{"damage_healed":0,"gold_gain":0,"player_choice":"Obtained Book","damage_taken":16,"max_hp_gain":0,"max_hp_loss":0,"event_name":"Cursed Tome","floor":25,"gold_loss":0},{"damage_healed":0,"gold_gain":0,"player_choice":"Ignored","damage_taken":0,"max_hp_gain":0,"max_hp_loss":0,"event_name":"Vampires","floor":27,"gold_loss":0}],"is_beta":false,"boss_relics":[{"not_picked":["White Beast Statue","Snecko Eye"],"picked":"Runic Cube"}],"items_purged_floors":[19],"is_endless":false,"potions_floor_spawned":[6,13,14,21,22,31],"killed_by":"Automaton","ascension_level":2}