{"gold_per_floor":[365,315,19,19,30,63,78,104,152,152,152,183,183,195,195,300,300,320,192,192,94,74,99,109,124,124,124,153,78,103,123,123,224,224,237,254,354,369,388,420,215,215,215,250,200,211,211,228,228,228,228,228,178,213,213],"floor_reached":55,"playtime":3010,"items_purged":["Strike_R","Strike_R","Defend_R","Defend_R","Cleave"],"score":955,"play_id":"50935d22-0072-424e-b7a9-525e972d51af","local_time":"20190509192154","is_ascension_mode":false,"campfire_choices":[{"data":"Hemokinesis","floor":10,"key":"SMITH"},{"data":"Armaments","floor":15,"key":"SMITH"},{"data":"True Grit","floor":27,"key":"SMITH"},{"data":"Flame Barrier","floor":32,"key":"SMITH"},{"floor":49,"key":"RECALL"},{"floor":52,"key":"REST"}],"neow_cost":"PERCENT_DAMAGE","seed_source_timestamp":977762605164758,"circlet_count":0,"master_deck":["Defend_R+1","Defend_R+1","Bash","Hemokinesis+1","Flame Barrier+1","Sword Boomerang","Limit Break","Armaments+1","Barricade","Immolate","Body Slam","Feel No Pain","Flame Barrier","Shrug It Off","True Grit+1","Shrug It Off+1","Offering","Shrug It Off+1","Body Slam+1","Heavy Blade+1","Juggernaut","Headbutt+1","Battle Trance+1","Bludgeon+1"],"relics":["Burning Blood","Sling","Pear","Smiling Mask","Anchor","War Paint","Meat on the Bone","Snecko Eye","Molten Egg 2","Bottled Tornado","Bottled Lightning","Fusion Hammer","Ice Cream","Mummified Hand","Blue Candle","Bag of Preparation"],"potions_floor_usage":[6,8,12,16,16,28,28,33,55,55,55],"damage_taken":[{"damage":0,"enemies":"Small Slimes","floor":1,"turns":4},{"damage":4,"enemies":"Jaw Worm","floor":5,"turns":4},{"damage":27,"enemies":"3 Sentries","floor":6,"turns":10},{"damage":0,"enemies":"2 Louse","floor":7,"turns":2},{"damage":25,"enemies":"Lagavulin","floor":8,"turns":5},{"damage":11,"enemies":"3 Sentries","floor":12,"turns":3},{"damage":2,"enemies":"Looter","floor":14,"turns":2},{"damage":64,"enemies":"Hexaghost","floor":16,"turns":11},{"damage":2,"enemies":"Shell Parasite","floor":18,"turns":3},{"damage":24,"enemies":"2 Thieves","floor":22,"turns":4},{"damage":28,"enemies":"Book of Stabbing","floor":23,"turns":5},{"damage":2,"enemies":"Snecko","floor":24,"turns":5},{"damage":0,"enemies":"Snake Plant","floor":25,"turns":1},{"damage":4,"enemies":"Gremlin Leader","floor":28,"turns":4},{"damage":30,"enemies":"Slavers","floor":30,"turns":5},{"damage":8,"enemies":"Sentry and Sphere","floor":31,"turns":4},{"damage":6,"enemies":"Automaton","floor":33,"turns":6},{"damage":6,"enemies":"3 Shapes","floor":35,"turns":3},{"damage":8,"enemies":"3 Darklings","floor":36,"turns":3},{"damage":10,"enemies":"Mind Bloom Boss Battle","floor":37,"turns":6},{"damage":0,"enemies":"Jaw Worm Horde","floor":38,"turns":4},{"damage":8,"enemies":"Spire Growth","floor":39,"turns":5},{"damage":6,"enemies":"Reptomancer","floor":40,"turns":5},{"damage":8,"enemies":"Giant Head","floor":44,"turns":5},{"damage":8,"enemies":"Sphere and 2 Shapes","floor":46,"turns":3},{"damage":6,"enemies":"3 Darklings","floor":48,"turns":3},{"damage":8,"enemies":"Time Eater","floor":50,"turns":8},{"damage":35,"enemies":"Shield and Spear","floor":54,"turns":7},{"damage":58,"enemies":"The Heart","floor":55,"turns":9}],"seed_played":"-5021273812469551664","potions_obtained":[{"floor":1,"key":"Regen Potion"},{"floor":8,"key":"Explosive Potion"},{"floor":12,"key":"BloodPotion"},{"floor":16,"key":"PowerPotion"},{"floor":22,"key":"Fire Potion"},{"floor":24,"key":"SteroidPotion"},{"floor":35,"key":"Dexterity Potion"},{"floor":37,"key":"Strength Potion"},{"floor":39,"key":"Weak Potion"},{"floor":48,"key":"LiquidBronze"}],"is_trial":false,"path_per_floor":["M","?","$","?","M","E","M","E","T","R","?","E","T","M","R","B",null,"M","$","?","$","M","E","M","M","T","R","E","?","E","M","R","B",null,"M","M","?","M","M","E","$","?","T","E","$","M","?","M","R","B",null,"R","$","E","B"],"character_chosen":"IRONCLAD","items_purchased":["Sling","AttackPotion","FearPotion","Feel No Pain","Shrug It Off","Bludgeon+1"],"campfire_rested":1,"item_purchase_floors":[3,3,3,19,21,41],"current_hp_per_floor":[62,62,62,55,57,61,67,48,48,48,48,43,43,59,59,22,90,90,90,90,90,72,62,66,72,72,72,74,74,62,60,60,60,90,90,88,84,90,88,88,88,85,85,83,83,81,71,71,71,69,85,85,85,56,0],"gold":213,"neow_bonus":"TWO_FIFTY_GOLD","is_prod":false,"is_daily":false,"chose_seed":false,"campfire_upgraded":4,"win_rate":0,"timestamp":1557426114,"path_taken":["M","?","$","?","M","E","M","E","T","R","?","E","?","?","R","BOSS","M","$","?","$","M","E","M","M","T","R","E","?","E","M","R","BOSS","M","M","?","M","M","E","$","?","T","E","?","?","?","M","R","BOSS","R","$","E","BOSS"],"build_version":"2019-05-07","purchased_purges":5,"victory":false,"max_hp_per_floor":[80,80,80,80,80,90,90,90,90,90,90,90,90,90,90,90,90,90,90,90,90,90,90,90,90,90,90,90,90,90,90,90,90,90,90,90,90,90,90,90,90,85,85,85,85,85,85,85,85,85,85,85,85,85,85],"card_choices":[{"not_picked":["Dual Wield","Havoc"],"picked":"Hemokinesis","floor":1},{"not_picked":["Flex","Sever Soul"],"picked":"Flame Barrier","floor":5},{"not_picked":["True Grit","Reckless Charge"],"picked":"Cleave","floor":6},{"not_picked":["Seeing Red","Heavy Blade"],"picked":"Sword Boomerang","floor":7},{"not_picked":["Thunderclap","Havoc"],"picked":"Limit Break","floor":8},{"not_picked":["Twin Strike","Clash"],"picked":"Armaments","floor":12},{"not_picked":["Heavy Blade","Entrench"],"picked":"Barricade","floor":14},{"not_picked":["Berserk","Brutality"],"picked":"Immolate","floor":16},{"not_picked":["Iron Wave","Flex"],"picked":"Body Slam","floor":18},{"not_picked":["Twin Strike","Heavy Blade","Cleave"],"picked":"SKIP","floor":22},{"not_picked":["Metallicize","Infernal Blade"],"picked":"True Grit","floor":23},{"not_picked":["Blood for Blood+1","Wild Strike+1"],"picked":"Shrug It Off+1","floor":24},{"not_picked":["Ghostly Armor","Flex"],"picked":"Offering","floor":25},{"not_picked":["Thunderclap+1","Clash+1"],"picked":"Shrug It Off+1","floor":28},{"not_picked":["Blood for Blood+1","Rupture+1"],"picked":"Body Slam+1","floor":30},{"not_picked":["Thunderclap+1","Iron Wave+1"],"picked":"Heavy Blade+1","floor":31},{"not_picked":["Immolate+1","Exhume"],"picked":"Juggernaut","floor":33},{"not_picked":["Wild Strike+1","Clothesline+1","Body Slam+1"],"picked":"SKIP","floor":35},{"not_picked":["Havoc","Clash+1","Corruption+1"],"picked":"SKIP","floor":36},{"not_picked":["Havoc","Dark Embrace"],"picked":"Headbutt+1","floor":37},{"not_picked":["Thunderclap+1","Pummel+1","Clothesline+1"],"picked":"SKIP","floor":38},{"not_picked":["Blood for Blood+1","True Grit"],"picked":"Battle Trance+1","floor":39},{"not_picked":["Body Slam+1","Warcry+1","Thunderclap+1"],"picked":"SKIP","floor":40},{"not_picked":["Wild Strike+1","Armaments+1","Flex"],"picked":"SKIP","floor":44},{"not_picked":["Shrug It Off","Wild Strike+1","Sever Soul+1"],"picked":"SKIP","floor":46},{"not_picked":["Burning Pact","Rupture","Clash+1"],"picked":"SKIP","floor":48},{"not_picked":["Dark Embrace","Anger+1","Double Tap"],"picked":"SKIP","floor":54}],"player_experience":1358691,"relics_obtained":[{"floor":6,"key":"Pear"},{"floor":8,"key":"Smiling Mask"},{"floor":9,"key":"Anchor"},{"floor":12,"key":"War Paint"},{"floor":13,"key":"Meat on the Bone"},{"floor":23,"key":"Molten Egg 2"},{"floor":26,"key":"Bottled Tornado"},{"floor":28,"key":"Bottled Lightning"},{"floor":37,"key":"Ice Cream"},{"floor":40,"key":"Mummified Hand"},{"floor":44,"key":"Blue Candle"},{"floor":54,"key":"Bag of Preparation"}],"event_choices":[{"cards_removed":["Strike_R"],"damage_healed":0,"gold_gain":0,"player_choice":"Card Removal","damage_taken":0,"max_hp_gain":0,"max_hp_loss":0,"event_name":"The Cleric","floor":2,"gold_loss":50},{"cards_removed":["Strike_R"],"damage_healed":0,"gold_gain":0,"player_choice":"Card Removal","damage_taken":7,"max_hp_gain":0,"max_hp_loss":0,"event_name":"Golden Wing","floor":4,"gold_loss":0},{"damage_healed":0,"gold_gain":0,"player_choice":"Ignored","damage_taken":0,"max_hp_gain":0,"max_hp_loss":0,"event_name":"Liars Game","floor":11,"gold_loss":0},{"damage_healed":0,"gold_gain":0,"player_choice":"Read","damage_taken":0,"max_hp_gain":0,"max_hp_loss":0,"event_name":"The Library","floor":20,"gold_loss":0,"cards_obtained":["Flame Barrier"]},{"cards_removed":["Strike_R"],"damage_healed":0,"gold_gain":0,"player_choice":"Gave Gold","damage_taken":0,"max_hp_gain":0,"max_hp_loss":0,"event_name":"Beggar","floor":29,"gold_loss":75},{"damage_healed":0,"gold_gain":0,"player_choice":"Fight","damage_taken":0,"max_hp_gain":0,"max_hp_loss":0,"event_name":"MindBloom","floor":37,"gold_loss":0},{"damage_healed":0,"gold_gain":0,"player_choice":"Max HP","damage_taken":0,"max_hp_gain":0,"max_hp_loss":5,"event_name":"Winding Halls","floor":42,"gold_loss":0},{"damage_healed":0,"gold_gain":0,"player_choice":"Memory 3","damage_taken":10,"max_hp_gain":0,"max_hp_loss":0,"event_name":"SensoryStone","floor":47,"gold_loss":0}],"is_beta":true,"boss_relics":[{"not_picked":["Philosopher\u0027s Stone","Mark of Pain"],"picked":"Snecko Eye"},{"not_picked":["Runic Cube","Calling Bell"],"picked":"Fusion Hammer"}],"items_purged_floors":[19,21,41,45,53],"is_endless":false,"potions_floor_spawned":[1,8,12,16,22,24,35,37,39,48,54],"killed_by":"The Heart","ascension_level":0}