{"gold_per_floor":[110,34,34,50,50,85,115,148,148,181,249,267,171,171,171,276,276,291,301,169,185,185],"floor_reached":22,"playtime":669,"items_purged":[],"score":318,"play_id":"9ef9335a-1af2-4dd5-b425-ae30337484ff","local_time":"20190115165234","is_ascension_mode":true,"campfire_choices":[{"floor":15,"key":"REST"}],"neow_cost":"NONE","seed_source_timestamp":190765964388952,"circlet_count":0,"master_deck":["Strike_B","Strike_B","Strike_B+1","Defend_B","Defend_B","Defend_B","Defend_B","Zap","Dualcast","Cold Snap","Cold Snap","Turbo+1","Double Energy","Leap","Sunder","Steam Power","Conserve Battery","Defragment","Streamline","Gash","Reboot","Stack+1","Leap+1","Defragment","Compile Driver","Rebound+1"],"relics":["Cracked Core","NeowsBlessing","Question Card","DataDisk","Kunai","Pear","Nuclear Battery"],"potions_floor_usage":[8,16],"damage_taken":[{"damage":0,"enemies":"Jaw Worm","floor":1,"turns":1},{"damage":0,"enemies":"2 Louse","floor":4,"turns":1},{"damage":0,"enemies":"Gremlin Nob","floor":6,"turns":1},{"damage":33,"enemies":"3 Sentries","floor":8,"turns":9},{"damage":15,"enemies":"Lagavulin","floor":10,"turns":7},{"damage":0,"enemies":"Small Slimes","floor":12,"turns":2},{"damage":27,"enemies":"The Guardian","floor":16,"turns":12},{"damage":22,"enemies":"3 Byrds","floor":18,"turns":5},{"damage":5,"enemies":"Shell Parasite","floor":19,"turns":8},{"damage":23,"enemies":"Shelled Parasite and Fungi","floor":21,"turns":9},{"damage":17,"enemies":"Masked Bandits","floor":22,"turns":2}],"seed_played":"6857206093708674451","potions_obtained":[{"floor":6,"key":"Fire Potion"},{"floor":10,"key":"AttackPotion"},{"floor":12,"key":"SpeedPotion"},{"floor":18,"key":"Energy Potion"}],"is_trial":false,"path_per_floor":["M","$","?","M","$","E","?","E","T","E","?","M","$","?","R","B",null,"M","M","$","M","?"],"character_chosen":"DEFECT","items_purchased":["Cold Snap","Turbo","Defragment","Streamline","Defragment","Compile Driver"],"campfire_rested":1,"item_purchase_floors":[2,2,13,13,20,20],"current_hp_per_floor":[68,68,53,53,53,53,53,20,20,15,15,15,15,15,40,13,67,45,40,40,17,0],"gold":185,"neow_bonus":"THREE_ENEMY_KILL","is_prod":false,"is_daily":false,"chose_seed":false,"campfire_upgraded":0,"win_rate":0,"timestamp":1547581954,"path_taken":["M","$","?","M","$","E","?","E","T","E","?","M","?","?","R","BOSS","M","M","$","M","?"],"build_version":"2019-01-10","purchased_purges":0,"victory":false,"max_hp_per_floor":[75,75,75,75,75,75,75,75,75,85,85,85,85,85,85,85,85,85,85,85,85,85],"card_choices":[{"not_picked":["Sweeping Beam","Redo"],"picked":"Cold Snap","floor":1},{"not_picked":["Chaos","Hologram"],"picked":"Double Energy","floor":4},{"not_picked":["Redo","Gash"],"picked":"Leap","floor":6},{"not_picked":["Sweeping Beam","Force Field","FTL"],"picked":"Sunder","floor":8},{"not_picked":["Hologram","Redo","Cold Snap"],"picked":"Steam Power","floor":10},{"not_picked":["FTL","Leap","Cold Snap"],"picked":"Conserve Battery","floor":12},{"not_picked":["Hyperbeam","Rainbow","Machine Learning"],"picked":"Reboot","floor":16},{"not_picked":["Streamline","Reinforced Body","Leap"],"picked":"Stack+1","floor":18},{"not_picked":["Stack","Beam Cell","Undo"],"picked":"Leap+1","floor":19},{"not_picked":["Rip and Tear","Cold Snap","Beam Cell"],"picked":"Rebound+1","floor":21}],"player_experience":634038,"relics_obtained":[{"floor":6,"key":"Question Card"},{"floor":8,"key":"DataDisk"},{"floor":9,"key":"Kunai"},{"floor":10,"key":"Pear"}],"event_choices":[{"damage_healed":0,"gold_gain":0,"player_choice":"Entered Light","damage_taken":15,"max_hp_gain":0,"max_hp_loss":0,"event_name":"Shining Light","floor":3,"gold_loss":0,"cards_upgraded":["Strike_B","Turbo"]},{"damage_healed":0,"gold_gain":30,"player_choice":"Searched \u00272\u0027 times","damage_taken":0,"max_hp_gain":0,"max_hp_loss":0,"event_name":"Dead Adventurer","floor":7,"gold_loss":0},{"damage_healed":0,"gold_gain":68,"player_choice":"Gained Gold","damage_taken":0,"max_hp_gain":0,"max_hp_loss":0,"event_name":"Golden Wing","floor":11,"gold_loss":0},{"damage_healed":0,"gold_gain":0,"cards_transformed":["Strike_B"],"player_choice":"Transformed","damage_taken":0,"max_hp_gain":0,"max_hp_loss":0,"event_name":"Transmorgrifier","floor":14,"gold_loss":0,"cards_obtained":["Gash"]},{"damage_healed":0,"gold_gain":0,"player_choice":"Fought Bandits","damage_taken":0,"max_hp_gain":0,"max_hp_loss":0,"event_name":"Masked Bandits","floor":22,"gold_loss":0}],"is_beta":false,"boss_relics":[{"not_picked":["Pandora\u0027s Box","Empty Cage"],"picked":"Nuclear Battery"}],"items_purged_floors":[],"is_endless":false,"potions_floor_spawned":[6,10,12,18],"killed_by":"Masked Bandits","ascension_level":8}