{"gold_per_floor":[111,111,286,302,12,46,58,58,129,144,20,47,47,65,65,169,169,188,205,205,220,239,239,4,31,31,44,44,143,143,17,17,117,117,136,136,150,196,210,210,242,242,294,294,294,307,307,101,101,101],"floor_reached":50,"playtime":2827,"items_purged":["Doubt","Strike_G","Strike_G+1"],"score":548,"play_id":"86b7e02e-e4e3-434f-9fdf-97bfb0a2eea9","local_time":"20190429194003","is_ascension_mode":false,"campfire_choices":[{"data":"Cloak And Dagger","floor":15,"key":"SMITH"},{"data":"Neutralize","floor":23,"key":"SMITH"},{"data":"Envenom","floor":28,"key":"SMITH"},{"data":"Cloak And Dagger","floor":30,"key":"SMITH"},{"floor":32,"key":"REST"},{"floor":40,"key":"REST"},{"data":"Choke","floor":42,"key":"SMITH"},{"floor":45,"key":"RECALL"},{"data":"Infinite Blades","floor":49,"key":"SMITH"}],"neow_cost":"NONE","seed_source_timestamp":115015491489627,"circlet_count":0,"master_deck":["Defend_G+1","Defend_G+1","Defend_G+1","Defend_G+1","Strike_G+1","Strike_G+1","Strike_G+1","Survivor+1","Neutralize+1","Cloak And Dagger+1","Choke+1","Poisoned Stab+1","Dagger Spray+1","Infinite Blades+1","Blade Dance+1","Skewer+1","Envenom+1","Endless Agony+1","Deflect+1","Flying Knee+1","Flying Knee+1","Deflect+1","Purity+1","Cloak And Dagger+1","Calculated Gamble+1","Infinite Blades+1","Adrenaline+1","PiercingWail+1","Reflex+1","Prepared+1","Acrobatics+1","Backflip+1","Deflect","Infinite Blades+1"],"relics":["Ring of the Snake","Kunai","Strawberry","Ornamental Fan","Regal Pillow","Runic Pyramid","Sundial","Mummified Hand","Sozu","Prayer Wheel","StoneCalendar","Mark of the Bloom","NlothsMask"],"potions_floor_usage":[12,16,19,25,33,33,50],"damage_taken":[{"damage":0,"enemies":"Jaw Worm","floor":1,"turns":5},{"damage":0,"enemies":"2 Louse","floor":4,"turns":2},{"damage":37,"enemies":"Lagavulin","floor":6,"turns":9},{"damage":0,"enemies":"Cultist","floor":7,"turns":3},{"damage":3,"enemies":"Large Slime","floor":10,"turns":6},{"damage":6,"enemies":"3 Sentries","floor":12,"turns":7},{"damage":2,"enemies":"Exordium Thugs","floor":14,"turns":4},{"damage":10,"enemies":"Slime Boss","floor":16,"turns":8},{"damage":4,"enemies":"Shell Parasite","floor":18,"turns":7},{"damage":7,"enemies":"2 Thieves","floor":19,"turns":4},{"damage":17,"enemies":"Shelled Parasite and Fungi","floor":21,"turns":7},{"damage":0,"enemies":"Centurion and Healer","floor":22,"turns":6},{"damage":0,"enemies":"Book of Stabbing","floor":25,"turns":6},{"damage":5,"enemies":"Chosen and Byrds","floor":27,"turns":6},{"damage":8,"enemies":"Champ","floor":33,"turns":10},{"damage":18,"enemies":"3 Darklings","floor":35,"turns":5},{"damage":5,"enemies":"Orb Walker","floor":37,"turns":3},{"damage":12,"enemies":"2 Orb Walkers","floor":38,"turns":5},{"damage":30,"enemies":"Sphere and 2 Shapes","floor":39,"turns":11},{"damage":4,"enemies":"Reptomancer","floor":41,"turns":8},{"damage":0,"enemies":"Transient","floor":46,"turns":5},{"damage":62,"enemies":"Time Eater","floor":50,"turns":13}],"seed_played":"-1454388185232344018","potions_obtained":[{"floor":1,"key":"EssenceOfSteel"},{"floor":7,"key":"SteroidPotion"},{"floor":10,"key":"Block Potion"},{"floor":12,"key":"PowerPotion"},{"floor":21,"key":"Weak Potion"},{"floor":22,"key":"FairyPotion"},{"floor":33,"key":"SpeedPotion"}],"is_trial":false,"path_per_floor":["M","?","?","M","$","E","M","?","T","M","$","E","$","M","R","B",null,"M","M","?","M","M","R","$","E","T","M","R","?","R","$","R","B",null,"M","?","M","?","M","R","E","R","T","?","R","M","?","$","R","B"],"character_chosen":"THE_SILENT","items_purchased":["Kunai","Poisoned Stab","Blade Dance","Deflect","Purity","Infinite Blades","SteroidPotion","Infinite Blades"],"campfire_rested":2,"item_purchase_floors":[5,5,11,24,24,31,31,48],"current_hp_per_floor":[70,56,56,56,56,26,26,51,51,48,48,42,42,40,40,30,77,73,66,66,49,49,49,49,49,49,44,44,44,44,44,77,69,77,59,59,54,42,12,50,46,46,46,46,46,46,46,46,46,0],"gold":101,"neow_bonus":"REMOVE_CARD","is_prod":false,"is_daily":false,"chose_seed":false,"campfire_upgraded":6,"win_rate":0,"timestamp":1556563203,"path_taken":["M","?","?","M","$","E","M","?","T","M","$","E","?","M","R","BOSS","M","?","?","M","M","R","?","E","T","M","R","?","R","$","R","BOSS","M","?","M","?","M","R","E","R","T","?","R","M","?","$","R","BOSS"],"build_version":"2019-04-23","purchased_purges":3,"victory":false,"max_hp_per_floor":[70,70,70,70,70,77,77,77,77,77,77,77,77,77,77,77,77,77,77,77,77,77,77,77,77,77,77,77,77,77,77,77,77,77,77,77,77,77,77,77,77,77,77,77,77,77,77,77,77,77],"card_choices":[{"not_picked":["Heel Hook","Underhanded Strike"],"picked":"Cloak And Dagger","floor":1},{"not_picked":["All Out Attack","Escape Plan"],"picked":"Choke","floor":4},{"not_picked":["Quick Slash","Underhanded Strike","Bane"],"picked":"SKIP","floor":6},{"not_picked":["Reflex","Dagger Throw"],"picked":"Dagger Spray","floor":7},{"not_picked":["Backflip","Deflect"],"picked":"Infinite Blades","floor":10},{"not_picked":["Dash","Prepared"],"picked":"Skewer","floor":12},{"not_picked":["Acrobatics","Dagger Throw","Bane"],"picked":"SKIP","floor":14},{"not_picked":["Venomology","Phantasmal Killer"],"picked":"Envenom","floor":16},{"not_picked":["Choke","Calculated Gamble"],"picked":"Endless Agony","floor":18},{"not_picked":["Outmaneuver","PiercingWail+1"],"picked":"Deflect+1","floor":19},{"not_picked":["Deadly Poison","Quick Slash"],"picked":"Flying Knee+1","floor":21},{"not_picked":["Caltrops","Quick Slash","Heel Hook"],"picked":"SKIP","floor":22},{"not_picked":["Deadly Poison","Dagger Spray"],"picked":"Cloak And Dagger","floor":25},{"not_picked":["Night Terror","Bane"],"picked":"Calculated Gamble","floor":27},{"not_picked":["Unload","Bullet Time"],"picked":"Adrenaline","floor":33},{"not_picked":["Bane+1","Reflex"],"picked":"PiercingWail+1","floor":35},{"not_picked":["Sucker Punch","Underhanded Strike+1","Bane+1"],"picked":"SKIP","floor":37},{"not_picked":["Poisoned Stab+1","Heel Hook"],"picked":"Reflex+1","floor":38},{"not_picked":["Night Terror","Underhanded Strike+1"],"picked":"Prepared","floor":39},{"not_picked":["Dagger Spray+1","PiercingWail"],"picked":"Acrobatics","floor":39},{"not_picked":["Storm of Steel","Accuracy"],"picked":"Backflip","floor":41},{"not_picked":["Riddle With Holes","Leg Sweep"],"picked":"Deflect","floor":46},{"not_picked":["PiercingWail","Flying Knee","Blade Dance+1"],"picked":"SKIP","floor":46}],"player_experience":1255957,"relics_obtained":[{"floor":6,"key":"Strawberry"},{"floor":9,"key":"Ornamental Fan"},{"floor":12,"key":"Regal Pillow"},{"floor":25,"key":"Sundial"},{"floor":26,"key":"Mummified Hand"},{"floor":38,"key":"Prayer Wheel"},{"floor":41,"key":"StoneCalendar"}],"event_choices":[{"damage_healed":0,"gold_gain":0,"player_choice":"Entered Light","damage_taken":14,"max_hp_gain":0,"max_hp_loss":0,"event_name":"Shining Light","floor":2,"gold_loss":0,"cards_upgraded":["Strike_G","Strike_G"]},{"damage_healed":0,"gold_gain":175,"player_choice":"AGREE","damage_taken":0,"max_hp_gain":0,"max_hp_loss":0,"event_name":"Liars Game","floor":3,"gold_loss":0,"cards_obtained":["Doubt"]},{"damage_healed":25,"gold_gain":0,"player_choice":"Banana","damage_taken":0,"max_hp_gain":0,"max_hp_loss":0,"event_name":"Big Fish","floor":8,"gold_loss":0},{"damage_healed":0,"gold_gain":0,"player_choice":"1 cards matched","damage_taken":0,"max_hp_gain":0,"max_hp_loss":0,"event_name":"Match and Keep!","floor":20,"gold_loss":0,"cards_obtained":["Flying Knee"]},{"damage_healed":0,"gold_gain":99,"player_choice":"Stole From Cult","damage_taken":0,"max_hp_gain":0,"max_hp_loss":0,"event_name":"Nest","floor":29,"gold_loss":0},{"damage_healed":0,"gold_gain":0,"player_choice":"Ignored","damage_taken":0,"max_hp_gain":0,"max_hp_loss":0,"event_name":"Tomb of Lord Red Mask","floor":36,"gold_loss":0},{"damage_healed":0,"gold_gain":0,"player_choice":"Fight","damage_taken":0,"max_hp_gain":0,"max_hp_loss":0,"event_name":"Mysterious Sphere","floor":38,"gold_loss":0},{"damage_healed":0,"gold_gain":0,"player_choice":"Upgrade","damage_taken":0,"relics_obtained":["Mark of the Bloom"],"max_hp_gain":0,"max_hp_loss":0,"event_name":"MindBloom","floor":44,"gold_loss":0,"cards_upgraded":["Defend_G","Defend_G","Defend_G","Defend_G","Strike_G","Strike_G","Survivor","Poisoned Stab","Dagger Spray","Infinite Blades","Blade Dance","Skewer","Endless Agony","Flying Knee","Deflect","Purity","Calculated Gamble","Infinite Blades","Adrenaline","Prepared","Acrobatics","Backflip"]},{"damage_healed":0,"gold_gain":0,"player_choice":"Trade","damage_taken":0,"relics_obtained":["NlothsMask"],"max_hp_gain":0,"max_hp_loss":0,"event_name":"FaceTrader","floor":47,"gold_loss":0}],"is_beta":true,"boss_relics":[{"not_picked":["Coffee Dripper","Velvet Choker"],"picked":"Runic Pyramid"},{"not_picked":["White Beast Statue","Eternal Feather"],"picked":"Sozu"}],"items_purged_floors":[11,24,48],"is_endless":false,"potions_floor_spawned":[1,7,10,12,21,22,33,38,41,46],"killed_by":"Time Eater","ascension_level":0}