{"gold_per_floor":[118,128,145,145,0,0,34,34,87,107,141,163,202,242,254,363,375,398,399,411,523,535,547,571,287,287,41,41,56,56,86,86,191,191,203,215,227,273,292,292,292,325,325,336,362,375,386,418,418,418,418,418,41,69,69],"floor_reached":56,"playtime":4019,"items_purged":["Strike_G","Strike_G","Strike_G"],"score":1450,"play_id":"5b364a98-a275-44be-96b6-b288d83d1c2c","local_time":"20190425161642","is_ascension_mode":true,"campfire_choices":[{"data":"Skewer","floor":6,"key":"SMITH"},{"data":"Neutralize","floor":8,"key":"SMITH"},{"data":"Caltrops","floor":15,"key":"SMITH"},{"data":"Noxious Fumes","floor":23,"key":"SMITH"},{"floor":30,"key":"REST"},{"data":"Malaise","floor":32,"key":"SMITH"},{"data":"Well Laid Plans","floor":40,"key":"SMITH"},{"floor":49,"key":"RECALL"},{"data":"Burst","floor":52,"key":"SMITH"}],"neow_cost":"NONE","seed_source_timestamp":400129210946276,"circlet_count":0,"master_deck":["Defend_G+1","Defend_G+1","Defend_G","Defend_G","Survivor","Neutralize+1","All Out Attack","Well Laid Plans+1","Skewer+1","Leg Sweep","Deflect","Caltrops+1","Backflip","Die Die Die","PiercingWail","Dagger Spray","Noxious Fumes+1","Burst+1","Malaise+1","Crippling Poison+1","After Image","Acrobatics+1","Eviscerate+1","Deadly Poison+1","Bouncing Flask+1","Parasite","PiercingWail+1","Crippling Poison+1","Bouncing Flask+1","Underhanded Strike+1","PiercingWail+1","Crippling Poison+1"],"relics":["Ring of the Snake","Bag of Preparation","War Paint","Tiny Chest","MawBank","Bronze Scales","Blood Vial","Empty Cage","Prayer Wheel","Bottled Tornado","FossilizedHelix","Mummified Hand","Snake Skull","Paper Crane","Snecko Eye","Incense Burner","Tingsha","Boot","Molten Egg 2","Pen Nib","Art of War","Mercury Hourglass","Dodecahedron"],"potions_floor_usage":[14,16,16,21,42,55,55],"damage_taken":[{"damage":0,"enemies":"2 Louse","floor":1,"turns":4},{"damage":0,"enemies":"Jaw Worm","floor":2,"turns":6},{"damage":0,"enemies":"Cultist","floor":3,"turns":3},{"damage":9,"enemies":"Gremlin Nob","floor":7,"turns":4},{"damage":0,"enemies":"Large Slime","floor":10,"turns":5},{"damage":1,"enemies":"Lagavulin","floor":11,"turns":8},{"damage":6,"enemies":"3 Louse","floor":12,"turns":3},{"damage":7,"enemies":"Gremlin Nob","floor":14,"turns":4},{"damage":2,"enemies":"Hexaghost","floor":16,"turns":9},{"damage":0,"enemies":"Chosen","floor":18,"turns":4},{"damage":14,"enemies":"2 Thieves","floor":19,"turns":4},{"damage":18,"enemies":"Colosseum Slavers","floor":21,"turns":4},{"damage":18,"enemies":"Colosseum Nobs","floor":21,"turns":5},{"damage":2,"enemies":"Centurion and Healer","floor":24,"turns":9},{"damage":0,"enemies":"Snake Plant","floor":29,"turns":4},{"damage":0,"enemies":"Book of Stabbing","floor":31,"turns":6},{"damage":1,"enemies":"Collector","floor":33,"turns":9},{"damage":0,"enemies":"3 Darklings","floor":35,"turns":3},{"damage":0,"enemies":"Orb Walker","floor":36,"turns":4},{"damage":0,"enemies":"3 Darklings","floor":37,"turns":5},{"damage":0,"enemies":"2 Orb Walkers","floor":38,"turns":5},{"damage":0,"enemies":"Spire Growth","floor":39,"turns":4},{"damage":0,"enemies":"Reptomancer","floor":42,"turns":5},{"damage":0,"enemies":"Writhing Mass","floor":44,"turns":5},{"damage":0,"enemies":"Transient","floor":46,"turns":5},{"damage":0,"enemies":"3 Darklings","floor":47,"turns":3},{"damage":26,"enemies":"Giant Head","floor":48,"turns":9},{"damage":1,"enemies":"Time Eater","floor":50,"turns":10},{"damage":0,"enemies":"Shield and Spear","floor":54,"turns":3},{"damage":9,"enemies":"The Heart","floor":55,"turns":8}],"seed_played":"674642082299935057","potions_obtained":[{"floor":1,"key":"GhostInAJar"},{"floor":10,"key":"Poison Potion"},{"floor":12,"key":"Swift Potion"},{"floor":19,"key":"LiquidBronze"},{"floor":24,"key":"Fire Potion"},{"floor":29,"key":"Poison Potion"},{"floor":31,"key":"Strength Potion"},{"floor":44,"key":"FairyPotion"}],"is_trial":false,"path_per_floor":["M","M","M","?","$","R","E","R","T","M","E","M","T","E","R","B",null,"M","M","T","?","?","R","M","$","T","$","$","M","R","E","R","B",null,"M","M","M","?","M","R","T","E","T","M","T","M","M","E","R","B",null,"R","$","E","B",null],"character_chosen":"THE_SILENT","items_purchased":["Leg Sweep","FossilizedHelix","Snake Skull","Mercury Hourglass"],"campfire_rested":1,"item_purchase_floors":[5,25,27,53],"current_hp_per_floor":[77,77,77,70,70,70,61,61,61,61,60,54,54,47,47,47,77,77,63,63,31,31,31,31,31,31,31,31,33,56,58,58,59,77,77,77,77,77,77,77,77,77,77,77,77,77,77,51,51,52,77,77,77,77,68],"gold":69,"neow_bonus":"TEN_PERCENT_HP_BONUS","is_prod":false,"is_daily":false,"chose_seed":false,"campfire_upgraded":7,"win_rate":0,"timestamp":1556205402,"path_taken":["M","M","M","?","$","R","E","R","T","M","E","M","?","E","R","BOSS","M","M","?","?","?","R","?","$","T","?","$","M","R","E","R","BOSS","M","?","M","?","M","R","?","E","T","M","?","M","?","E","R","BOSS","R","$","E","BOSS"],"build_version":"2019-04-23","purchased_purges":3,"victory":true,"max_hp_per_floor":[77,77,77,77,77,77,77,77,77,77,77,77,77,77,77,77,77,77,77,77,77,77,77,77,77,77,77,77,77,77,77,77,77,77,77,77,77,77,77,77,77,77,77,77,77,77,77,77,77,77,77,77,77,77,77],"card_choices":[{"not_picked":["Deflect","Flying Knee"],"picked":"All Out Attack","floor":1},{"not_picked":["Caltrops","Finisher"],"picked":"Well Laid Plans","floor":2},{"not_picked":["Dagger Throw","Slice"],"picked":"Skewer","floor":3},{"not_picked":["Skewer","Infinite Blades","Blade Dance"],"picked":"SKIP","floor":7},{"not_picked":["Cloak And Dagger","All Out Attack"],"picked":"Deflect","floor":10},{"not_picked":["Cloak And Dagger","Acrobatics"],"picked":"Caltrops","floor":11},{"not_picked":["Envenom","Well Laid Plans"],"picked":"Backflip","floor":12},{"not_picked":["Dagger Throw","Blade Dance","Prepared"],"picked":"SKIP","floor":14},{"not_picked":["Bullet Time","Corpse Explosion"],"picked":"Die Die Die","floor":16},{"not_picked":["Flying Knee","Dodge and Roll+1"],"picked":"PiercingWail","floor":18},{"not_picked":["Cloak And Dagger","Endless Agony"],"picked":"Dagger Spray","floor":19},{"not_picked":["Dagger Spray","Acrobatics"],"picked":"Noxious Fumes","floor":21},{"not_picked":["PiercingWail","Bane"],"picked":"Malaise","floor":24},{"not_picked":["Sucker Punch","Prepared","Blade Dance"],"picked":"SKIP","floor":24},{"not_picked":["Blade Dance","Tactician","Bane"],"picked":"SKIP","floor":29},{"not_picked":["Deflect","Dagger Spray","Terror"],"picked":"SKIP","floor":29},{"not_picked":["Backflip+1","Skewer"],"picked":"Crippling Poison+1","floor":31},{"not_picked":["A Thousand Cuts","Bullet Time"],"picked":"After Image","floor":33},{"not_picked":["Reflex+1","Prepared+1"],"picked":"Acrobatics+1","floor":35},{"not_picked":["Catalyst","Backflip+1"],"picked":"Eviscerate+1","floor":35},{"not_picked":["Distraction+1","Terror+1"],"picked":"Deadly Poison+1","floor":36},{"not_picked":["Slice+1","Infinite Blades","Prepared"],"picked":"SKIP","floor":36},{"not_picked":["Bouncing Flask","Bane","Well Laid Plans+1"],"picked":"SKIP","floor":37},{"not_picked":["Blade Dance","Heel Hook","Bane"],"picked":"SKIP","floor":37},{"not_picked":["Bouncing Flask","Acrobatics","Dash+1"],"picked":"SKIP","floor":39},{"not_picked":["Choke","Slice","Poisoned Stab"],"picked":"SKIP","floor":39},{"not_picked":["Predator+1","Unload"],"picked":"Bouncing Flask+1","floor":42},{"not_picked":["Deadly Poison+1","Outmaneuver+1"],"picked":"PiercingWail+1","floor":44},{"not_picked":["Deflect+1","PiercingWail","Acrobatics+1"],"picked":"SKIP","floor":44},{"not_picked":["Finisher+1","Poisoned Stab+1"],"picked":"Crippling Poison+1","floor":46},{"not_picked":["Slice+1","Cloak And Dagger+1"],"picked":"Bouncing Flask+1","floor":46},{"not_picked":["Adrenaline","Expertise+1"],"picked":"Underhanded Strike+1","floor":47},{"not_picked":["Infinite Blades+1","Deadly Poison","Acrobatics"],"picked":"SKIP","floor":47},{"not_picked":["Sucker Punch+1","Blade Dance+1"],"picked":"PiercingWail+1","floor":48},{"not_picked":["Poisoned Stab+1","Quick Slash+1"],"picked":"Crippling Poison+1","floor":54}],"player_experience":31883,"relics_obtained":[{"floor":7,"key":"War Paint"},{"floor":9,"key":"Tiny Chest"},{"floor":11,"key":"MawBank"},{"floor":13,"key":"Bronze Scales"},{"floor":14,"key":"Blood Vial"},{"floor":21,"key":"Prayer Wheel"},{"floor":21,"key":"Bottled Tornado"},{"floor":26,"key":"Mummified Hand"},{"floor":31,"key":"Paper Crane"},{"floor":38,"key":"Incense Burner"},{"floor":41,"key":"Tingsha"},{"floor":42,"key":"Boot"},{"floor":43,"key":"Molten Egg 2"},{"floor":45,"key":"Pen Nib"},{"floor":48,"key":"Art of War"},{"floor":54,"key":"Dodecahedron"}],"event_choices":[{"damage_healed":0,"gold_gain":0,"player_choice":"Success","damage_taken":7,"relics_obtained":["Bag of Preparation"],"max_hp_gain":0,"max_hp_loss":0,"event_name":"Scrap Ooze","floor":4,"gold_loss":0},{"damage_healed":0,"gold_gain":0,"player_choice":"Fight","damage_taken":0,"max_hp_gain":0,"max_hp_loss":0,"event_name":"Colosseum","floor":21,"gold_loss":0},{"damage_healed":0,"gold_gain":0,"player_choice":"Fought Nobs","damage_taken":0,"max_hp_gain":0,"max_hp_loss":0,"event_name":"Colosseum","floor":21,"gold_loss":0},{"damage_healed":0,"gold_gain":0,"cards_transformed":["Strike_G"],"player_choice":"Transformed","damage_taken":0,"max_hp_gain":0,"max_hp_loss":0,"event_name":"Transmorgrifier","floor":22,"gold_loss":0,"cards_obtained":["Burst"]},{"damage_healed":0,"gold_gain":0,"player_choice":"Fight","damage_taken":0,"max_hp_gain":0,"max_hp_loss":0,"event_name":"Mysterious Sphere","floor":38,"gold_loss":0}],"is_beta":true,"boss_relics":[{"not_picked":["HoveringKite","WristBlade"],"picked":"Empty Cage"},{"not_picked":["Tiny House","Orrery"],"picked":"Snecko Eye"}],"items_purged_floors":[5,27,53],"is_endless":false,"potions_floor_spawned":[1,10,12,19,21,24,29,31,37,38,39,44,54],"ascension_level":3}