{"gold_per_floor":[118,118,118,293,243,272,272,334,334,4,24,59,59,90,90,192,192,203,303,303,317,49,49,79,79,103,103,136,136,136,162,162,261,261,274,274,274,285,302,302,331,331,357,385,399,399,409,88,88,88,88,88,57,87,87],"floor_reached":56,"playtime":3267,"items_purged":["Strike_B+1","Strike_B+1"],"score":1765,"play_id":"fbdc7f7e-9f79-49d5-843c-ec10aac4cfa4","local_time":"20190215043246","is_ascension_mode":true,"campfire_choices":[{"data":"Rebound","floor":7,"key":"SMITH"},{"data":"Apotheosis","floor":13,"key":"SMITH"},{"data":"Biased Cognition","floor":15,"key":"SMITH"},{"data":"Hologram","floor":23,"key":"SMITH"},{"data":"Capacitor","floor":27,"key":"SMITH"},{"data":"Steam Power","floor":29,"key":"SMITH"},{"data":"Ghostly","floor":32,"key":"SMITH"},{"data":"Machine Learning","floor":40,"key":"SMITH"},{"floor":42,"key":"RECALL"},{"data":"Buffer","floor":49,"key":"SMITH"},{"data":"Ghostly","floor":52,"key":"SMITH"}],"neow_cost":"NONE","seed_source_timestamp":5243045332019547,"circlet_count":0,"master_deck":["Strike_B+1","Defend_B+1","Defend_B+1","Defend_B+1","Defend_B+1","Zap+1","Dualcast+1","Steam","Rebound+1","Gash","All For One","Apotheosis+1","Glacier","Gash","Biased Cognition+1","Electrodynamics","Chill+1","Hologram+1","Gash","Steam Power+1","Capacitor+1","Stack","Ghostly+1","Ghostly+1","Ghostly+1","Ghostly","Ghostly","Go for the Eyes+1","Glacier+1","Buffer+1","Turbo+1","Consume+1","Machine Learning+1","Hologram+1","BootSequence+1","Stack+1","Trip+1","Capacitor","Rainbow+1"],"relics":["Cracked Core","NeowsBlessing","Mercury Hourglass","Orichalcum","Happy Flower","Calipers","Question Card","Runic Dome","Mango","Matryoshka","Strawberry","Art of War","Bronze Scales","Blood Vial","DataDisk","Turnip","Toxic Egg 2","Coffee Dripper","The Courier","Torii","Frozen Eye","Pear"],"potions_floor_usage":[14,16,28,55,55,55],"damage_taken":[{"damage":0,"enemies":"Small Slimes","floor":1,"turns":1},{"damage":0,"enemies":"Lagavulin","floor":6,"turns":1},{"damage":0,"enemies":"3 Sentries","floor":8,"turns":1},{"damage":0,"enemies":"2 Louse","floor":11,"turns":2},{"damage":2,"enemies":"3 Sentries","floor":12,"turns":4},{"damage":0,"enemies":"Gremlin Nob","floor":14,"turns":3},{"damage":0,"enemies":"Hexaghost","floor":16,"turns":6},{"damage":3,"enemies":"3 Byrds","floor":18,"turns":3},{"damage":15,"enemies":"Colosseum Slavers","floor":19,"turns":2},{"damage":0,"enemies":"Colosseum Nobs","floor":19,"turns":3},{"damage":0,"enemies":"Chosen","floor":21,"turns":3},{"damage":0,"enemies":"Book of Stabbing","floor":24,"turns":5},{"damage":6,"enemies":"Slavers","floor":28,"turns":5},{"damage":0,"enemies":"Book of Stabbing","floor":31,"turns":4},{"damage":0,"enemies":"Automaton","floor":33,"turns":8},{"damage":0,"enemies":"3 Shapes","floor":35,"turns":4},{"damage":2,"enemies":"Orb Walker","floor":38,"turns":5},{"damage":0,"enemies":"Writhing Mass","floor":39,"turns":6},{"damage":0,"enemies":"Nemesis","floor":41,"turns":9},{"damage":0,"enemies":"Giant Head","floor":44,"turns":6},{"damage":0,"enemies":"Maw","floor":45,"turns":8},{"damage":0,"enemies":"4 Shapes","floor":47,"turns":6},{"damage":1,"enemies":"Time Eater","floor":50,"turns":12},{"damage":0,"enemies":"Shield and Spear","floor":54,"turns":7},{"damage":0,"enemies":"The Heart","floor":55,"turns":11}],"seed_played":"-3174525989498882346","potions_obtained":[{"floor":6,"key":"Dexterity Potion"},{"floor":8,"key":"Block Potion"},{"floor":14,"key":"Block Potion"},{"floor":16,"key":"Energy Potion"},{"floor":19,"key":"Swift Potion"},{"floor":38,"key":"Poison Potion"},{"floor":39,"key":"Dexterity Potion"}],"is_trial":false,"path_per_floor":["M","?","?","?","?","E","R","?","T","$","M","E","R","E","R","B",null,"M","?","?","M","$","R","E","?","T","R","E","R","T","E","R","B",null,"M","?","?","M","M","R","E","R","T","E","M","?","M","$","R","B",null,"R","$","E","B",null],"character_chosen":"DEFECT","items_purchased":["All For One","Apotheosis","Steam Power","Capacitor","Ancient Potion","Trip+1","Frozen Eye","Capacitor"],"campfire_rested":0,"item_purchase_floors":[10,10,22,22,22,48,48,53],"current_hp_per_floor":[75,60,60,60,60,60,60,60,60,60,60,58,58,58,58,58,75,72,71,71,71,71,71,78,48,48,48,42,42,42,44,44,46,48,48,48,48,46,48,48,48,48,48,48,48,48,48,48,48,47,48,48,48,58,58],"gold":87,"neow_bonus":"THREE_ENEMY_KILL","is_prod":false,"is_daily":false,"chose_seed":false,"campfire_upgraded":10,"win_rate":0,"timestamp":1550223166,"path_taken":["M","?","?","?","?","E","R","?","T","?","M","E","R","E","R","BOSS","M","?","?","M","?","R","E","?","T","R","E","R","?","E","R","BOSS","M","?","?","M","M","R","E","R","T","E","M","?","?","?","R","BOSS","R","$","E","BOSS"],"build_version":"2019-02-06","purchased_purges":2,"victory":true,"max_hp_per_floor":[75,75,75,75,75,75,75,75,75,75,75,75,75,75,75,75,75,75,89,89,89,89,89,96,48,48,48,48,48,48,48,48,48,48,48,48,48,48,48,48,48,48,48,48,48,48,48,48,48,48,48,48,48,58,58],"card_choices":[{"not_picked":["Turbo","Skim"],"picked":"Steam","floor":1},{"not_picked":["Force Field","Leap"],"picked":"Rebound","floor":6},{"not_picked":["Rebound","Leap"],"picked":"Gash","floor":8},{"not_picked":["Ball Lightning","Melter"],"picked":"Glacier","floor":11},{"not_picked":["BootSequence","Steam"],"picked":"Gash","floor":12},{"not_picked":["Sweeping Beam","Steam"],"picked":"Biased Cognition","floor":14},{"not_picked":["Hyperbeam","Seek","Buffer"],"picked":"Electrodynamics","floor":16},{"not_picked":["Streamline","Turbo","Melter"],"picked":"Chill+1","floor":18},{"not_picked":["Turbo","Go for the Eyes","Steam Power"],"picked":"Hologram","floor":19},{"not_picked":["Ball Lightning+1","Turbo+1","Undo+1"],"picked":"Gash","floor":21},{"not_picked":["Sweeping Beam","Fusion+1","Cold Snap"],"picked":"Stack","floor":24},{"not_picked":["Coolheaded","FTL+1","Undo"],"picked":"Go for the Eyes+1","floor":28},{"not_picked":["Beam Cell+1","Reinforced Body","Reboot"],"picked":"Glacier","floor":31},{"not_picked":["Thunder Strike","Hyperbeam","Amplify+1"],"picked":"Buffer","floor":33},{"not_picked":["Redo+1","Melter+1","Streamline"],"picked":"Turbo+1","floor":35},{"not_picked":["Rebound+1","Undo+1","Redo+1"],"picked":"Consume+1","floor":38},{"not_picked":["Reinforced Body+1","Turbo+1","Rebound"],"picked":"Machine Learning","floor":39},{"not_picked":["Reinforced Body+1","Turbo+1","Genetic Algorithm+1"],"picked":"Hologram+1","floor":41},{"not_picked":["Blizzard","Rebound+1","Auto Shields+1","Barrage"],"picked":"SKIP","floor":44},{"not_picked":["Doom and Gloom","Hologram+1","Rip and Tear+1"],"picked":"BootSequence+1","floor":45},{"not_picked":["Reprogram+1","Conserve Battery+1","Ball Lightning+1"],"picked":"Stack+1","floor":47},{"not_picked":["Biased Cognition","FTL+1","Steam+1"],"picked":"Rainbow+1","floor":54}],"player_experience":4524205,"relics_obtained":[{"floor":6,"key":"Mercury Hourglass"},{"floor":8,"key":"Orichalcum"},{"floor":9,"key":"Happy Flower"},{"floor":12,"key":"Calipers"},{"floor":14,"key":"Question Card"},{"floor":19,"key":"Mango"},{"floor":19,"key":"Matryoshka"},{"floor":24,"key":"Strawberry"},{"floor":26,"key":"Art of War"},{"floor":26,"key":"Bronze Scales"},{"floor":28,"key":"Blood Vial"},{"floor":30,"key":"DataDisk"},{"floor":30,"key":"Turnip"},{"floor":31,"key":"Toxic Egg 2"},{"floor":41,"key":"The Courier"},{"floor":44,"key":"Torii"},{"floor":54,"key":"Pear"}],"event_choices":[{"damage_healed":0,"gold_gain":0,"player_choice":"Entered Light","damage_taken":15,"max_hp_gain":0,"max_hp_loss":0,"event_name":"Shining Light","floor":2,"gold_loss":0,"cards_upgraded":["Defend_B","Zap"]},{"damage_healed":0,"gold_gain":0,"player_choice":"Grow","damage_taken":0,"max_hp_gain":0,"max_hp_loss":0,"event_name":"Living Wall","floor":3,"gold_loss":0,"cards_upgraded":["Dualcast"]},{"damage_healed":0,"gold_gain":175,"player_choice":"AGREE","damage_taken":0,"max_hp_gain":0,"max_hp_loss":0,"event_name":"Liars Game","floor":4,"gold_loss":0,"cards_obtained":["Doubt"]},{"cards_removed":["Doubt"],"damage_healed":0,"gold_gain":0,"player_choice":"Card Removal","damage_taken":0,"max_hp_gain":0,"max_hp_loss":0,"event_name":"The Cleric","floor":5,"gold_loss":50},{"damage_healed":0,"gold_gain":30,"player_choice":"Searched \u00273\u0027 times","damage_taken":0,"max_hp_gain":0,"max_hp_loss":0,"event_name":"Dead Adventurer","floor":8,"gold_loss":0},{"damage_healed":0,"gold_gain":0,"player_choice":"Fight","damage_taken":0,"max_hp_gain":0,"max_hp_loss":0,"event_name":"Colosseum","floor":19,"gold_loss":0},{"damage_healed":0,"gold_gain":0,"player_choice":"Fought Nobs","damage_taken":0,"max_hp_gain":0,"max_hp_loss":0,"event_name":"Colosseum","floor":19,"gold_loss":0},{"damage_healed":0,"gold_gain":0,"player_choice":"Simplicity","damage_taken":0,"max_hp_gain":0,"max_hp_loss":0,"event_name":"Back to Basics","floor":20,"gold_loss":0,"cards_upgraded":["Strike_B","Strike_B","Strike_B","Strike_B","Defend_B","Defend_B","Defend_B"]},{"damage_healed":0,"gold_gain":0,"player_choice":"Became a Ghost","damage_taken":0,"max_hp_gain":0,"max_hp_loss":48,"event_name":"Ghosts","floor":25,"gold_loss":0,"cards_obtained":["Ghostly","Ghostly","Ghostly","Ghostly","Ghostly"]},{"cards_removed":["Strike_B"],"damage_healed":0,"gold_gain":0,"player_choice":"Removed Attack","damage_taken":0,"max_hp_gain":0,"max_hp_loss":0,"event_name":"Falling","floor":36,"gold_loss":0},{"damage_healed":0,"gold_gain":0,"player_choice":"Ignored","damage_taken":0,"max_hp_gain":0,"max_hp_loss":0,"event_name":"Tomb of Lord Red Mask","floor":37,"gold_loss":0},{"damage_healed":0,"gold_gain":0,"player_choice":"Upgraded","damage_taken":0,"max_hp_gain":0,"max_hp_loss":0,"event_name":"Upgrade Shrine","floor":46,"gold_loss":0,"cards_upgraded":["Ghostly"]}],"is_beta":true,"boss_relics":[{"not_picked":["Busted Crown","Orrery"],"picked":"Runic Dome"},{"not_picked":["Snecko Eye","Nuclear Battery"],"picked":"Coffee Dripper"}],"items_purged_floors":[22,48],"is_endless":false,"potions_floor_spawned":[6,8,14,16,19,19,38,39,45],"ascension_level":1}