{"gold_per_floor":[113,125,125,142,161,161,195,195,195,9,28,28,93,18,18,18],"floor_reached":16,"playtime":435,"items_purged":["Strike_R"],"score":170,"play_id":"bfa95d28-5cfc-472c-854b-d612a9b7f342","local_time":"20190409012227","is_ascension_mode":true,"campfire_choices":[{"data":"Sword Boomerang","floor":6,"key":"SMITH"},{"data":"Inflame","floor":12,"key":"SMITH"},{"floor":15,"key":"REST"}],"neow_cost":"NONE","seed_source_timestamp":653413269217120,"circlet_count":0,"master_deck":["AscendersBane","Strike_R","Strike_R","Strike_R","Defend_R","Defend_R","Defend_R","Defend_R","Bash","Cleave","Sword Boomerang+1","Cleave","Intimidate","Inflame+1","Pummel","Twin Strike"],"relics":["Burning Blood","Blue Candle","Ginger","Champion Belt","Omamori","Calipers"],"potions_floor_usage":[7,16],"damage_taken":[{"damage":8,"enemies":"Jaw Worm","floor":1,"turns":6},{"damage":6,"enemies":"Cultist","floor":2,"turns":3},{"damage":5,"enemies":"Small Slimes","floor":4,"turns":3},{"damage":10,"enemies":"3 Louse","floor":5,"turns":3},{"damage":46,"enemies":"Lagavulin","floor":7,"turns":6},{"damage":9,"enemies":"Blue Slaver","floor":11,"turns":3},{"damage":25,"enemies":"3 Sentries","floor":13,"turns":6},{"damage":33,"enemies":"The Guardian","floor":16,"turns":8}],"seed_played":"-2430740113217286852","potions_obtained":[{"floor":4,"key":"Weak Potion"},{"floor":11,"key":"GamblersBrew"}],"is_trial":false,"path_per_floor":["M","M","?","M","M","R","E","T","T","$","M","R","?","$","R","B"],"character_chosen":"IRONCLAD","items_purchased":["Inflame","Omamori"],"campfire_rested":1,"item_purchase_floors":[10,10],"current_hp_per_floor":[73,73,73,74,70,70,30,30,30,30,27,27,8,8,32,0],"gold":18,"neow_bonus":"TEN_PERCENT_HP_BONUS","is_prod":false,"is_daily":false,"chose_seed":false,"campfire_upgraded":2,"win_rate":0,"timestamp":1554783747,"path_taken":["M","M","?","M","?","R","E","?","T","$","?","R","?","$","R","BOSS"],"build_version":"2019-01-23","purchased_purges":1,"victory":false,"max_hp_per_floor":[82,82,82,82,82,82,82,82,82,82,82,82,82,82,82,82],"card_choices":[{"not_picked":["Iron Wave","Perfected Strike"],"picked":"Cleave","floor":1},{"not_picked":["Headbutt","Entrench"],"picked":"Sword Boomerang","floor":2},{"not_picked":["Dropkick","Rampage","Body Slam"],"picked":"SKIP","floor":4},{"not_picked":["Searing Blow","Carnage"],"picked":"Cleave","floor":5},{"not_picked":["Whirlwind","Heavy Blade"],"picked":"Intimidate","floor":7},{"not_picked":["Pommel Strike","Shrug It Off"],"picked":"Pummel","floor":11},{"not_picked":["True Grit","Armaments"],"picked":"Twin Strike","floor":13}],"player_experience":1055650,"relics_obtained":[{"floor":7,"key":"Blue Candle"},{"floor":8,"key":"Ginger"},{"floor":9,"key":"Champion Belt"},{"floor":13,"key":"Calipers"}],"event_choices":[{"cards_removed":["Strike_R"],"damage_healed":0,"gold_gain":0,"player_choice":"Purged","damage_taken":0,"max_hp_gain":0,"max_hp_loss":0,"event_name":"Purifier","floor":3,"gold_loss":0},{"damage_healed":0,"gold_gain":30,"player_choice":"Searched \u00273\u0027 times","damage_taken":0,"max_hp_gain":0,"max_hp_loss":0,"event_name":"Dead Adventurer","floor":13,"gold_loss":0}],"is_beta":false,"boss_relics":[],"items_purged_floors":[14],"is_endless":false,"potions_floor_spawned":[4,11],"killed_by":"The Guardian","ascension_level":14}