{"gold_per_floor":[115,133,146,111,129,129,158,158,158,173,18,18,18,48,48,144,144,129,129,29,29,29],"floor_reached":22,"playtime":689,"items_purged":["Strike_R"],"score":337,"play_id":"f04cc1cd-d927-4e72-abcb-24b405f2a95d","local_time":"20190425233658","is_ascension_mode":true,"campfire_choices":[{"data":"Armaments","floor":6,"key":"SMITH"},{"floor":8,"key":"REST"},{"data":"Berserk","floor":12,"key":"SMITH"},{"floor":15,"key":"REST"}],"neow_cost":"PERCENT_DAMAGE","seed_source_timestamp":1244710738874773,"circlet_count":0,"master_deck":["AscendersBane","Strike_R","Strike_R","Defend_R","Defend_R","Defend_R","Defend_R","Bash","Entrench","Demon Form","Armaments+1","Whirlwind","Anger","Sword Boomerang","Power Through","Berserk+1","Limit Break","Feed","Ghostly Armor","Fiend Fire","Shrug It Off","Writhe"],"relics":["Burning Blood","Juzu Bracelet","Art of War","Golden Idol","Odd Mushroom","Busted Crown","Meat on the Bone"],"potions_floor_usage":[5,16,16],"damage_taken":[{"damage":21,"enemies":"Jaw Worm","floor":1,"turns":7},{"damage":10,"enemies":"2 Louse","floor":2,"turns":6},{"damage":12,"enemies":"Cultist","floor":3,"turns":6},{"damage":1,"enemies":"2 Fungi Beasts","floor":5,"turns":2},{"damage":32,"enemies":"Gremlin Nob","floor":7,"turns":4},{"damage":18,"enemies":"Large Slime","floor":10,"turns":4},{"damage":14,"enemies":"The Mushroom Lair","floor":14,"turns":3},{"damage":9,"enemies":"Hexaghost","floor":16,"turns":8},{"damage":24,"enemies":"2 Thieves","floor":18,"turns":4},{"damage":47,"enemies":"Chosen","floor":22,"turns":5}],"seed_played":"-3018187408714992403","potions_obtained":[{"floor":3,"key":"Explosive Potion"},{"floor":10,"key":"Weak Potion"},{"floor":14,"key":"Strength Potion"},{"floor":18,"key":"Energy Potion"}],"is_trial":false,"path_per_floor":["M","M","M","?","M","R","E","R","T","M","$","R","?","?","R","B",null,"M","?","$","?","M"],"character_chosen":"IRONCLAD","items_purchased":["Berserk","Shrug It Off"],"campfire_rested":2,"item_purchase_floors":[11,20],"current_hp_per_floor":[35,31,25,43,48,48,22,44,44,32,32,32,32,24,44,41,61,43,43,43,43,0],"gold":29,"neow_bonus":"TRANSFORM_TWO_CARDS","is_prod":false,"is_daily":false,"chose_seed":false,"campfire_upgraded":2,"win_rate":0,"timestamp":1556246218,"path_taken":["M","M","M","?","M","R","E","R","T","M","$","R","?","?","R","BOSS","M","?","?","?","M"],"build_version":"2019-01-23","purchased_purges":1,"victory":false,"max_hp_per_floor":[75,75,75,75,75,75,75,75,75,75,75,75,68,68,68,68,68,68,68,68,68,68],"card_choices":[{"not_picked":["Rupture","Fire Breathing"],"picked":"Armaments","floor":1},{"not_picked":["True Grit","Iron Wave"],"picked":"Whirlwind","floor":2},{"not_picked":["Flame Barrier","Fire Breathing"],"picked":"Anger","floor":3},{"not_picked":["Rupture","Body Slam","Infernal Blade"],"picked":"SKIP","floor":5},{"not_picked":["Shrug It Off","Seeing Red"],"picked":"Sword Boomerang","floor":7},{"not_picked":["Clothesline","Thunderclap"],"picked":"Power Through","floor":10},{"not_picked":["Second Wind","Rupture"],"picked":"Limit Break","floor":14},{"not_picked":["Juggernaut","Bludgeon"],"picked":"Feed","floor":16},{"not_picked":[],"picked":"Ghostly Armor","floor":18}],"player_experience":1219895,"relics_obtained":[{"floor":7,"key":"Juzu Bracelet"},{"floor":9,"key":"Art of War"},{"floor":14,"key":"Odd Mushroom"}],"event_choices":[{"damage_healed":18,"gold_gain":0,"player_choice":"Healed","damage_taken":0,"max_hp_gain":0,"max_hp_loss":0,"event_name":"The Cleric","floor":4,"gold_loss":35},{"damage_healed":0,"gold_gain":0,"player_choice":"Lose Max HP","damage_taken":0,"relics_obtained":["Golden Idol"],"max_hp_gain":0,"max_hp_loss":7,"event_name":"Golden Idol","floor":13,"gold_loss":0},{"damage_healed":0,"gold_gain":0,"player_choice":"Fought Mushrooms","damage_taken":0,"max_hp_gain":0,"max_hp_loss":0,"event_name":"Mushrooms","floor":14,"gold_loss":0},{"damage_healed":0,"gold_gain":0,"player_choice":"1 cards matched","damage_taken":0,"max_hp_gain":0,"max_hp_loss":0,"event_name":"Match and Keep!","floor":19,"gold_loss":0,"cards_obtained":["Fiend Fire"]},{"damage_healed":0,"gold_gain":0,"player_choice":"Opened","damage_taken":0,"relics_obtained":["Meat on the Bone"],"max_hp_gain":0,"max_hp_loss":0,"event_name":"The Mausoleum","floor":21,"gold_loss":0,"cards_obtained":["Writhe"]}],"is_beta":false,"boss_relics":[{"not_picked":["White Beast Statue","Empty Cage"],"picked":"Busted Crown"}],"items_purged_floors":[20],"is_endless":false,"potions_floor_spawned":[3,10,14,18],"killed_by":"Chosen","ascension_level":17}