{"gold_per_floor":[114,114,189,212,68,68,0,0,0,0,0,13,13,26,26,152,152,173,197,213,236,236,236,236,236,236,236,255,255,275,290,290,421,421,435,458,472,299,299,299,320,92,92,16,16,16,60,76,76,76],"floor_reached":51,"playtime":1709,"items_purged":["Strike_B","Defend_B"],"score":692,"play_id":"f11b8d22-225e-44c6-8c5f-edf8cad65bc4","local_time":"20190507180252","is_ascension_mode":false,"campfire_choices":[{"data":"Zap","floor":6,"key":"SMITH"},{"data":"Dualcast","floor":8,"key":"SMITH"},{"data":"Self Repair","floor":10,"key":"SMITH"},{"data":"Go for the Eyes","floor":15,"key":"SMITH"},{"data":"Rainbow","floor":23,"key":"SMITH"},{"data":"Coolheaded","floor":25,"key":"SMITH"},{"data":"Reprogram","floor":27,"key":"SMITH"},{"data":"White Noise","floor":29,"key":"SMITH"},{"data":"Self Repair","floor":32,"key":"SMITH"},{"data":"Sweeping Beam","floor":40,"key":"SMITH"},{"data":"Discovery","floor":46,"key":"SMITH"},{"data":"Biased Cognition","floor":49,"key":"SMITH"}],"neow_cost":"TEN_PERCENT_HP_LOSS","seed_source_timestamp":37838360986233,"circlet_count":0,"master_deck":["Strike_B","Defend_B","Defend_B","Zap+1","Dualcast+1","Ball Lightning","Injury","Conserve Battery","Self Repair+1","Glacier","Self Repair+1","Go for the Eyes+1","Rainbow+1","Redo+1","Ball Lightning+1","Sweeping Beam+1","Reprogram+1","Coolheaded+1","Clumsy","White Noise+1","Ball Lightning","Coolheaded+1","Electrodynamics+1","Compile Driver+1","Conserve Battery+1","Consume+1","Glacier","Gash+1","Thunder Strike","Tempest","Shame","Reprogram","Secret Weapon","Discovery+1","Dark Shackles","Biased Cognition+1","Conserve Battery+1"],"relics":["Cracked Core","Du-Vu Doll","Golden Idol","Kunai","Cursed Key","Juzu Bracelet","Ancient Tea Set","Philosopher\u0027s Stone","Incense Burner","Turnip"],"potions_floor_usage":[16,19,30,33,50,50],"damage_taken":[{"damage":0,"enemies":"Jaw Worm","floor":1,"turns":3},{"damage":3,"enemies":"Small Slimes","floor":4,"turns":3},{"damage":1,"enemies":"Cultist","floor":12,"turns":4},{"damage":0,"enemies":"Red Slaver","floor":14,"turns":5},{"damage":53,"enemies":"Hexaghost","floor":16,"turns":15},{"damage":9,"enemies":"3 Byrds","floor":18,"turns":6},{"damage":15,"enemies":"2 Thieves","floor":19,"turns":4},{"damage":18,"enemies":"Snake Plant","floor":20,"turns":4},{"damage":14,"enemies":"Snecko","floor":21,"turns":6},{"damage":3,"enemies":"Centurion and Healer","floor":28,"turns":8},{"damage":22,"enemies":"Shelled Parasite and Fungi","floor":30,"turns":5},{"damage":21,"enemies":"Snake Plant","floor":31,"turns":3},{"damage":40,"enemies":"Collector","floor":33,"turns":8},{"damage":20,"enemies":"3 Darklings","floor":35,"turns":3},{"damage":27,"enemies":"3 Shapes","floor":36,"turns":3},{"damage":5,"enemies":"3 Darklings","floor":37,"turns":3},{"damage":0,"enemies":"Maw","floor":41,"turns":9},{"damage":29,"enemies":"Nemesis","floor":47,"turns":5},{"damage":0,"enemies":"Sphere and 2 Shapes","floor":48,"turns":2},{"damage":44,"enemies":"Time Eater","floor":50,"turns":13}],"seed_played":"-506494933697567307","potions_obtained":[{"floor":12,"key":"FairyPotion"},{"floor":14,"key":"Energy Potion"},{"floor":16,"key":"SpeedPotion"},{"floor":18,"key":"Swift Potion"},{"floor":20,"key":"Weak Potion"},{"floor":30,"key":"Fire Potion"},{"floor":31,"key":"PowerPotion"},{"floor":33,"key":"Regen Potion"},{"floor":48,"key":"Ancient Potion"}],"is_trial":false,"path_per_floor":["M","?","?","M","$","R","$","R","T","R","?","M","$","M","R","B",null,"M","M","M","M","?","R","?","R","T","R","M","R","M","M","R","B",null,"M","M","M","$","?","R","M","$","T","$","?","R","E","M","R","B",null],"character_chosen":"DEFECT","items_purchased":["Self Repair","Glacier","Glacier","Thunder Strike","Tempest","Reprogram"],"campfire_rested":0,"item_purchase_floors":[5,7,38,42,42,44],"current_hp_per_floor":[68,68,57,54,54,54,54,54,54,54,54,68,68,68,68,32,68,68,68,67,68,68,68,68,68,68,68,68,68,63,68,68,48,68,68,68,68,68,68,68,68,68,68,68,58,58,49,59,59,44],"gold":76,"neow_bonus":"ONE_RARE_RELIC","is_prod":false,"is_daily":false,"chose_seed":false,"campfire_upgraded":12,"win_rate":0,"timestamp":1557273772,"path_taken":["M","?","?","M","$","R","$","R","T","R","?","?","?","M","R","BOSS","M","M","M","M","?","R","?","R","T","R","M","R","M","M","R","BOSS","M","M","M","$","?","R","M","?","T","$","?","R","E","M","R","BOSS"],"build_version":"2019-01-23","purchased_purges":2,"victory":true,"max_hp_per_floor":[68,68,68,68,68,68,68,68,68,68,68,68,68,68,68,68,68,68,68,68,68,68,68,68,68,68,68,68,68,68,68,68,68,68,68,68,68,68,68,68,68,68,68,68,68,68,68,68,68,68],"card_choices":[{"not_picked":["Turbo","Barrage"],"picked":"Ball Lightning","floor":1},{"not_picked":["Capacitor","Loop"],"picked":"Conserve Battery","floor":4},{"not_picked":["Reprogram","Sweeping Beam","Turbo"],"picked":"SKIP","floor":12},{"not_picked":["Chill","Hologram"],"picked":"Go for the Eyes","floor":14},{"not_picked":["Multi-Cast","Meteor Strike"],"picked":"Rainbow","floor":16},{"not_picked":["Steam","Stack"],"picked":"Redo+1","floor":18},{"not_picked":["Stack","Conserve Battery"],"picked":"Ball Lightning+1","floor":19},{"not_picked":["Steam Power+1","Turbo","Cold Snap"],"picked":"SKIP","floor":20},{"not_picked":["Force Field","Blizzard"],"picked":"Sweeping Beam","floor":21},{"not_picked":["Compile Driver","Leap+1"],"picked":"White Noise","floor":28},{"not_picked":["Barrage","Turbo"],"picked":"Ball Lightning","floor":30},{"not_picked":["Steam Power","Streamline"],"picked":"Coolheaded+1","floor":31},{"not_picked":["Hyperbeam","Fission"],"picked":"Electrodynamics","floor":33},{"not_picked":["Barrage+1","Leap+1"],"picked":"Compile Driver+1","floor":35},{"not_picked":["Doom and Gloom+1","Streamline+1"],"picked":"Conserve Battery+1","floor":36},{"not_picked":["Coolheaded","Beam Cell+1"],"picked":"Consume+1","floor":37},{"not_picked":["Hologram+1","Cold Snap"],"picked":"Gash+1","floor":41},{"not_picked":["Swift Strike","Thinking Ahead"],"picked":"Secret Weapon","floor":45},{"not_picked":["Impatience","Mind Blast"],"picked":"Discovery","floor":45},{"not_picked":["Swift Strike","Mind Blast"],"picked":"Dark Shackles","floor":45},{"not_picked":["Ball Lightning","Reprogram"],"picked":"Biased Cognition","floor":47},{"not_picked":["Leap","Lockon"],"picked":"Conserve Battery+1","floor":48}],"player_experience":1382237,"relics_obtained":[{"floor":9,"key":"Kunai"},{"floor":26,"key":"Ancient Tea Set"},{"floor":43,"key":"Incense Burner"},{"floor":47,"key":"Turnip"}],"event_choices":[{"damage_healed":0,"gold_gain":0,"player_choice":"Take Wound","damage_taken":0,"relics_obtained":["Golden Idol"],"max_hp_gain":0,"max_hp_loss":0,"event_name":"Golden Idol","floor":2,"gold_loss":0,"cards_obtained":["Injury"]},{"damage_healed":0,"gold_gain":75,"player_choice":"Gather Gold","damage_taken":11,"max_hp_gain":0,"max_hp_loss":0,"event_name":"World of Goop","floor":3,"gold_loss":0},{"damage_healed":0,"gold_gain":0,"cards_transformed":["Strike_B"],"player_choice":"Transformed","damage_taken":0,"max_hp_gain":0,"max_hp_loss":0,"event_name":"Transmorgrifier","floor":11,"gold_loss":0,"cards_obtained":["Self Repair"]},{"damage_healed":0,"gold_gain":0,"cards_transformed":["Strike_B","Defend_B"],"player_choice":"Became Test Subject","damage_taken":0,"max_hp_gain":0,"max_hp_loss":0,"event_name":"Drug Dealer","floor":22,"gold_loss":0,"cards_obtained":["Reprogram","Coolheaded"]},{"damage_healed":0,"gold_gain":0,"player_choice":"Opened","damage_taken":0,"relics_obtained":["Juzu Bracelet"],"max_hp_gain":0,"max_hp_loss":0,"event_name":"The Mausoleum","floor":24,"gold_loss":0},{"damage_healed":0,"gold_gain":0,"player_choice":"Upgraded","damage_taken":0,"max_hp_gain":0,"max_hp_loss":0,"event_name":"Upgrade Shrine","floor":39,"gold_loss":0,"cards_upgraded":["Electrodynamics"]},{"damage_healed":0,"gold_gain":0,"player_choice":"Memory 3","damage_taken":10,"max_hp_gain":0,"max_hp_loss":0,"event_name":"SensoryStone","floor":45,"gold_loss":0}],"is_beta":false,"boss_relics":[{"not_picked":["Snecko Eye","Calling Bell"],"picked":"Cursed Key"},{"not_picked":["Lizard Tail","Nuclear Battery"],"picked":"Philosopher\u0027s Stone"}],"items_purged_floors":[5,38],"is_endless":false,"potions_floor_spawned":[12,14,16,18,20,30,31,33,41,48],"ascension_level":0}