{"gold_per_floor":[115,47,57,74,93,93,109,142,142,142,142,142,158,174,174,174],"floor_reached":16,"playtime":736,"items_purged":[],"score":146,"play_id":"7d1e7ae1-3dce-460e-b692-ff16b1f29900","local_time":"20190221204809","is_ascension_mode":true,"campfire_choices":[{"data":"Body Slam","floor":6,"key":"SMITH"},{"floor":12,"key":"REST"},{"floor":15,"key":"REST"}],"neow_cost":"TEN_PERCENT_HP_LOSS","seed_source_timestamp":630465008256420,"circlet_count":0,"master_deck":["Strike_R","Strike_R","Strike_R","Defend_R","Defend_R","Defend_R","Defend_R","Bash","Barricade+1","Reckless Charge","Body Slam+1","Spot Weakness","True Grit","Iron Wave","Cleave","Evolve","Decay","Iron Wave","Body Slam"],"relics":["Burning Blood","Smiling Mask","Charon\u0027s Ashes"],"potions_floor_usage":[8],"damage_taken":[{"damage":0,"enemies":"2 Louse","floor":1,"turns":4},{"damage":14,"enemies":"Jaw Worm","floor":3,"turns":4},{"damage":0,"enemies":"Cultist","floor":4,"turns":3},{"damage":25,"enemies":"3 Louse","floor":5,"turns":4},{"damage":0,"enemies":"2 Fungi Beasts","floor":7,"turns":4},{"damage":43,"enemies":"Lagavulin","floor":8,"turns":6},{"damage":13,"enemies":"Lots of Slimes","floor":13,"turns":2},{"damage":15,"enemies":"Exordium Thugs","floor":14,"turns":4},{"damage":49,"enemies":"Hexaghost","floor":16,"turns":11}],"seed_played":"8349171500677571761","potions_obtained":[{"floor":1,"key":"Strength Potion"},{"floor":7,"key":"LiquidBronze"},{"floor":13,"key":"PowerPotion"}],"is_trial":false,"path_per_floor":["M","$","M","M","M","R","M","E","T","?","?","R","M","M","R","B"],"character_chosen":"IRONCLAD","items_purchased":["Spot Weakness"],"campfire_rested":2,"item_purchase_floors":[2],"current_hp_per_floor":[72,72,64,70,51,51,57,20,20,20,20,41,34,25,46,0],"gold":174,"neow_bonus":"TRANSFORM_TWO_CARDS","is_prod":false,"is_daily":false,"chose_seed":false,"campfire_upgraded":1,"win_rate":0,"timestamp":1550792889,"path_taken":["M","$","M","M","M","R","M","E","T","?","?","R","?","M","R","BOSS"],"build_version":"2019-01-23","purchased_purges":0,"victory":false,"max_hp_per_floor":[72,72,72,72,72,72,72,72,72,72,72,72,72,72,72,72],"card_choices":[{"not_picked":["Sever Soul","Heavy Blade"],"picked":"Body Slam","floor":1},{"not_picked":["Hemokinesis","Perfected Strike","Flex"],"picked":"SKIP","floor":3},{"not_picked":["Corruption","Thunderclap"],"picked":"True Grit","floor":4},{"not_picked":["Thunderclap","Pummel"],"picked":"Iron Wave","floor":5},{"not_picked":["Burning Pact","Bludgeon"],"picked":"Cleave","floor":7},{"not_picked":["Heavy Blade","Warcry"],"picked":"Evolve","floor":8},{"not_picked":["Clothesline","Heavy Blade"],"picked":"Iron Wave","floor":13},{"not_picked":["Anger","Seeing Red"],"picked":"Body Slam","floor":14}],"player_experience":813260,"relics_obtained":[{"floor":8,"key":"Smiling Mask"},{"floor":9,"key":"Charon\u0027s Ashes"}],"event_choices":[{"damage_healed":0,"gold_gain":0,"player_choice":"Grow","damage_taken":0,"max_hp_gain":0,"max_hp_loss":0,"event_name":"Living Wall","floor":10,"gold_loss":0,"cards_upgraded":["Barricade"]},{"damage_healed":0,"gold_gain":0,"player_choice":"Cursed","damage_taken":0,"max_hp_gain":0,"max_hp_loss":0,"event_name":"Wheel of Change","floor":11,"gold_loss":0,"cards_obtained":["Decay"]}],"is_beta":false,"boss_relics":[],"items_purged_floors":[],"is_endless":false,"potions_floor_spawned":[1,7,13],"killed_by":"Hexaghost","ascension_level":8}