{"gold_per_floor":[113,131,131,149,161,161,161,161,210,243,243,274,289,248,248,248],"floor_reached":16,"playtime":466,"items_purged":[],"score":138,"play_id":"8166a37b-1f6d-41f3-8f40-5750ce178973","local_time":"20190125183236","is_ascension_mode":true,"campfire_choices":[{"data":"Cloak And Dagger","floor":6,"key":"SMITH"},{"data":"Poisoned Stab","floor":8,"key":"SMITH"},{"floor":11,"key":"REST"},{"floor":15,"key":"REST"}],"neow_cost":"NONE","seed_source_timestamp":246950175463312,"circlet_count":0,"master_deck":["Defend_G","Defend_G+1","Defend_G","Defend_G","Defend_G+1","Strike_G","Strike_G","Strike_G","Strike_G","Strike_G","Survivor+1","Neutralize","Sucker Punch","Poisoned Stab+1","Regret","Cloak And Dagger+1","Caltrops+1","Heel Hook","Well Laid Plans","Poisoned Stab"],"relics":["Ring of the Snake","Blood Vial","Lantern","War Paint","Shovel"],"potions_floor_usage":[12,16],"damage_taken":[{"damage":0,"enemies":"Cultist","floor":1,"turns":4},{"damage":4,"enemies":"Small Slimes","floor":2,"turns":4},{"damage":2,"enemies":"Jaw Worm","floor":4,"turns":3},{"damage":15,"enemies":"Exordium Wildlife","floor":5,"turns":6},{"damage":32,"enemies":"Gremlin Nob","floor":10,"turns":5},{"damage":32,"enemies":"Lagavulin","floor":12,"turns":6},{"damage":9,"enemies":"Large Slime","floor":13,"turns":6},{"damage":35,"enemies":"The Guardian","floor":16,"turns":7}],"seed_played":"-4029154499062884499","potions_obtained":[{"floor":5,"key":"Fire Potion"},{"floor":12,"key":"FearPotion"}],"is_trial":false,"path_per_floor":["M","M","?","M","M","R","?","R","T","E","R","E","M","?","R","B"],"character_chosen":"THE_SILENT","items_purchased":[],"campfire_rested":2,"item_purchase_floors":[],"current_hp_per_floor":[70,66,66,66,53,53,53,53,53,23,44,14,7,7,28,0],"gold":248,"neow_bonus":"UPGRADE_CARD","is_prod":false,"is_daily":false,"chose_seed":false,"campfire_upgraded":2,"win_rate":0,"timestamp":1548451956,"path_taken":["M","M","?","M","M","R","?","R","T","E","R","E","M","?","R","BOSS"],"build_version":"2019-01-23","purchased_purges":0,"victory":false,"max_hp_per_floor":[70,70,70,70,70,70,70,70,70,70,70,70,70,70,70,70],"card_choices":[{"not_picked":["Outmaneuver","Slice"],"picked":"Sucker Punch","floor":1},{"not_picked":["Sucker Punch","Dagger Throw"],"picked":"Poisoned Stab","floor":2},{"not_picked":["Flying Knee","Bouncing Flask"],"picked":"Cloak And Dagger","floor":4},{"not_picked":["Blur","Dodge and Roll"],"picked":"Caltrops","floor":5},{"not_picked":["Prepared","Dodge and Roll"],"picked":"Heel Hook","floor":10},{"not_picked":["Leg Sweep","Heel Hook"],"picked":"Well Laid Plans","floor":12},{"not_picked":["Prepared","Endless Agony"],"picked":"Poisoned Stab","floor":13}],"player_experience":676091,"relics_obtained":[{"floor":9,"key":"Lantern"},{"floor":10,"key":"War Paint"},{"floor":12,"key":"Shovel"}],"event_choices":[{"damage_healed":0,"gold_gain":0,"player_choice":"Box","damage_taken":0,"relics_obtained":["Blood Vial"],"max_hp_gain":0,"max_hp_loss":0,"event_name":"Big Fish","floor":3,"gold_loss":0,"cards_obtained":["Regret"]},{"damage_healed":0,"gold_gain":0,"player_choice":"Grow","damage_taken":0,"max_hp_gain":0,"max_hp_loss":0,"event_name":"Living Wall","floor":7,"gold_loss":0,"cards_upgraded":["Caltrops"]},{"damage_healed":0,"gold_gain":0,"player_choice":"Left Gold","damage_taken":0,"max_hp_gain":0,"max_hp_loss":0,"event_name":"World of Goop","floor":14,"gold_loss":41}],"is_beta":false,"boss_relics":[],"items_purged_floors":[],"is_endless":false,"potions_floor_spawned":[5,12],"killed_by":"The Guardian","ascension_level":5}