{"gold_per_floor":[118,129,129,145,123,123,138,155,155,19,34,59,69,86,86,189,189,169,169,120,136,136,136],"floor_reached":23,"playtime":1200,"items_purged":[],"score":283,"play_id":"3a3640ac-7481-46e4-ae7d-0fbe71ab999c","local_time":"20190302235741","is_ascension_mode":true,"campfire_choices":[{"data":"Zap","floor":6,"key":"SMITH"},{"floor":15,"key":"REST"}],"neow_cost":"NONE","seed_source_timestamp":1419046451605889,"circlet_count":0,"master_deck":["Strike_B","Strike_B","Strike_B","Strike_B","Defend_B","Defend_B","Defend_B","Defend_B","Zap+1","Dualcast","Gash","Cold Snap","Compile Driver","Auto Shields","Sweeping Beam","Buffer","Rainbow","Creative AI","Glacier","Sweeping Beam","Electrodynamics","Compile Driver+1","Coolheaded","Darkness+1"],"relics":["FrozenCore","NeowsBlessing","Meat on the Bone","Dead Branch","Shovel"],"potions_floor_usage":[11,23,23],"damage_taken":[{"damage":0,"enemies":"Small Slimes","floor":1,"turns":1},{"damage":0,"enemies":"Cultist","floor":2,"turns":1},{"damage":0,"enemies":"Jaw Worm","floor":4,"turns":1},{"damage":19,"enemies":"Exordium Wildlife","floor":7,"turns":5},{"damage":16,"enemies":"3 Louse","floor":8,"turns":3},{"damage":7,"enemies":"Gremlin Gang","floor":11,"turns":4},{"damage":28,"enemies":"Gremlin Nob","floor":12,"turns":5},{"damage":6,"enemies":"Blue Slaver","floor":13,"turns":3},{"damage":5,"enemies":"Large Slime","floor":14,"turns":5},{"damage":32,"enemies":"Hexaghost","floor":16,"turns":9},{"damage":30,"enemies":"2 Thieves","floor":18,"turns":4},{"damage":14,"enemies":"Shell Parasite","floor":21,"turns":8},{"damage":31,"enemies":"Colosseum Slavers","floor":22,"turns":6},{"damage":32,"enemies":"Gremlin Leader","floor":23,"turns":3}],"seed_played":"-5024224516121441192","potions_obtained":[{"floor":1,"key":"EssenceOfSteel"},{"floor":4,"key":"Fire Potion"},{"floor":12,"key":"Strength Potion"},{"floor":13,"key":"Dexterity Potion"}],"is_trial":false,"path_per_floor":["M","M","?","M","$","R","M","M","T","$","M","E","M","M","R","B",null,"M","?","$","M","?","E"],"character_chosen":"DEFECT","items_purchased":["Compile Driver","Buffer","Coolheaded"],"campfire_rested":1,"item_purchase_floors":[5,10,20],"current_hp_per_floor":[68,68,68,68,68,68,49,45,45,45,38,22,28,35,57,37,66,48,34,34,32,13,0],"gold":136,"neow_bonus":"THREE_ENEMY_KILL","is_prod":false,"is_daily":false,"chose_seed":false,"campfire_upgraded":1,"win_rate":0,"timestamp":1551581861,"path_taken":["M","M","?","M","$","R","M","?","T","?","M","E","?","M","R","BOSS","M","?","$","M","?","E"],"build_version":"2019-01-23","purchased_purges":0,"victory":false,"max_hp_per_floor":[75,75,75,75,75,75,75,75,75,75,75,75,75,75,75,75,75,75,80,80,80,80,80],"card_choices":[{"not_picked":["Skim","BootSequence"],"picked":"Hello World","floor":1},{"not_picked":["Steam","Coolheaded"],"picked":"Gash","floor":2},{"not_picked":["Turbo","Force Field"],"picked":"Cold Snap","floor":4},{"not_picked":["Leap","Stack"],"picked":"Auto Shields","floor":7},{"not_picked":["Hologram","Undo"],"picked":"Sweeping Beam","floor":8},{"not_picked":["Undo","Steam"],"picked":"Rainbow","floor":11},{"not_picked":["Hologram","Go for the Eyes"],"picked":"Creative AI","floor":12},{"not_picked":["Leap","Conserve Battery"],"picked":"Glacier","floor":13},{"not_picked":["FTL","Barrage"],"picked":"Sweeping Beam","floor":14},{"not_picked":["Machine Learning","Core Surge"],"picked":"Electrodynamics","floor":16},{"not_picked":["Hello World","Blizzard"],"picked":"Compile Driver+1","floor":18},{"not_picked":["Hologram","Redo+1"],"picked":"Darkness+1","floor":21}],"player_experience":876772,"relics_obtained":[{"floor":9,"key":"Dead Branch"},{"floor":12,"key":"Shovel"}],"event_choices":[{"cards_removed":["Hello World"],"damage_healed":0,"gold_gain":0,"player_choice":"Gave Card","damage_taken":0,"relics_obtained":["Meat on the Bone"],"max_hp_gain":0,"max_hp_loss":0,"event_name":"WeMeetAgain","floor":3,"gold_loss":0},{"damage_healed":0,"gold_gain":0,"player_choice":"Shed Blood","damage_taken":19,"max_hp_gain":5,"max_hp_loss":0,"event_name":"Forgotten Altar","floor":19,"gold_loss":0},{"damage_healed":0,"gold_gain":0,"player_choice":"Fight","damage_taken":0,"max_hp_gain":0,"max_hp_loss":0,"event_name":"Colosseum","floor":22,"gold_loss":0},{"damage_healed":0,"gold_gain":0,"player_choice":"Fled From Nobs","damage_taken":0,"max_hp_gain":0,"max_hp_loss":0,"event_name":"Colosseum","floor":22,"gold_loss":0}],"is_beta":false,"boss_relics":[{"not_picked":["Runic Pyramid","White Beast Statue"],"picked":"FrozenCore"}],"items_purged_floors":[],"is_endless":false,"potions_floor_spawned":[1,4,12,13,22],"killed_by":"Gremlin Leader","ascension_level":9}