{"gold_per_floor":[114,56,83,270,282,294,333,362,401,446,201,201,218,218,218,316,316,326,64,64,164,164,164],"floor_reached":23,"playtime":550,"items_purged":["Doubt","Strike_R"],"score":319,"play_id":"2a28a208-bc16-4819-b0e8-3d268131b428","local_time":"20190224022527","is_ascension_mode":true,"campfire_choices":[{"data":"Wild Strike","floor":6,"key":"SMITH"},{"data":"Anger","floor":15,"key":"SMITH"}],"neow_cost":"NONE","seed_source_timestamp":823709956687946,"circlet_count":0,"master_deck":["Strike_R","Strike_R","Strike_R","Strike_R","Defend_R","Defend_R","Defend_R","Defend_R","Bash","Wild Strike+1","Cleave","Carnage+1","Anger+1","Demon Form","Sword Boomerang","Armaments+1","Rage","Heavy Blade"],"relics":["Black Blood","NeowsBlessing","MawBank","Smiling Mask","Pen Nib","Bag of Marbles","Prayer Wheel","Lee\u0027s Waffle","Membership Card","Girya","Mercury Hourglass"],"potions_floor_usage":[10,21,21,23],"damage_taken":[{"damage":0,"enemies":"Jaw Worm","floor":1,"turns":1},{"damage":0,"enemies":"Cultist","floor":3,"turns":1},{"damage":0,"enemies":"Gremlin Nob","floor":7,"turns":1},{"damage":10,"enemies":"Small Slimes","floor":8,"turns":2},{"damage":49,"enemies":"3 Sentries","floor":10,"turns":8},{"damage":1,"enemies":"Looter","floor":13,"turns":2},{"damage":70,"enemies":"Hexaghost","floor":16,"turns":8},{"damage":12,"enemies":"Chosen","floor":18,"turns":4},{"damage":24,"enemies":"Colosseum Slavers","floor":21,"turns":5},{"damage":23,"enemies":"Colosseum Nobs","floor":21,"turns":4},{"damage":42,"enemies":"Slavers","floor":23,"turns":3}],"seed_played":"8242641585428896068","potions_obtained":[{"floor":1,"key":"Regen Potion"},{"floor":3,"key":"Dexterity Potion"},{"floor":7,"key":"SpeedPotion"},{"floor":13,"key":"Ancient Potion"}],"is_trial":false,"path_per_floor":["M","?","M","?","?","R","E","M","T","E","$","?","M","?","R","B",null,"M","$","?","?","?","E"],"character_chosen":"IRONCLAD","items_purchased":["Lee\u0027s Waffle","Membership Card","Rage"],"campfire_rested":0,"item_purchase_floors":[11,19,19],"current_hp_per_floor":[78,78,80,80,62,62,68,64,64,36,87,87,87,87,87,23,71,69,69,69,42,42,0],"gold":164,"neow_bonus":"THREE_ENEMY_KILL","is_prod":false,"is_daily":false,"chose_seed":false,"campfire_upgraded":2,"win_rate":0,"timestamp":1550985927,"path_taken":["M","?","?","?","?","R","E","M","T","E","?","?","M","?","R","BOSS","M","?","?","?","?","E"],"build_version":"2019-01-23","purchased_purges":2,"victory":false,"max_hp_per_floor":[80,80,80,80,80,80,80,80,80,80,87,87,87,87,87,87,87,87,87,87,87,87,87],"card_choices":[{"not_picked":["Reckless Charge","Warcry"],"picked":"Wild Strike","floor":1},{"not_picked":["Rage","Anger"],"picked":"Cleave","floor":3},{"not_picked":["Feel No Pain","Rupture"],"picked":"Uppercut","floor":7},{"not_picked":["Hemokinesis","Body Slam","Second Wind"],"picked":"SKIP","floor":8},{"not_picked":["Shrug It Off","Clash"],"picked":"Carnage","floor":10},{"not_picked":["Reckless Charge","Pommel Strike"],"picked":"Anger","floor":13},{"not_picked":["Seeing Red","Warcry","Twin Strike"],"picked":"SKIP","floor":13},{"not_picked":["Exhume","Offering"],"picked":"Demon Form","floor":16},{"not_picked":["Fire Breathing","Armaments"],"picked":"Sword Boomerang","floor":18},{"not_picked":["True Grit+1","Rupture"],"picked":"Armaments+1","floor":18},{"not_picked":["Exhume","True Grit"],"picked":"Heavy Blade","floor":21}],"player_experience":849607,"relics_obtained":[{"floor":7,"key":"Pen Nib"},{"floor":9,"key":"Bag of Marbles"},{"floor":10,"key":"Prayer Wheel"},{"floor":21,"key":"Girya"},{"floor":21,"key":"Mercury Hourglass"}],"event_choices":[{"damage_healed":0,"gold_gain":0,"player_choice":"Paid Gold","damage_taken":0,"relics_obtained":["MawBank"],"max_hp_gain":0,"max_hp_loss":0,"event_name":"WeMeetAgain","floor":2,"gold_loss":58},{"damage_healed":0,"gold_gain":175,"player_choice":"AGREE","damage_taken":0,"max_hp_gain":0,"max_hp_loss":0,"event_name":"Liars Game","floor":4,"gold_loss":0,"cards_obtained":["Doubt"]},{"damage_healed":0,"gold_gain":0,"player_choice":"Success","damage_taken":18,"relics_obtained":["Smiling Mask"],"max_hp_gain":0,"max_hp_loss":0,"event_name":"Scrap Ooze","floor":5,"gold_loss":0},{"damage_healed":0,"gold_gain":0,"player_choice":"Grow","damage_taken":0,"max_hp_gain":0,"max_hp_loss":0,"event_name":"Living Wall","floor":12,"gold_loss":0,"cards_upgraded":["Carnage"]},{"cards_removed":["Uppercut"],"damage_healed":0,"gold_gain":0,"player_choice":"Offered Uncommon","damage_taken":0,"max_hp_gain":0,"max_hp_loss":0,"event_name":"Bonfire Elementals","floor":14,"gold_loss":0},{"damage_healed":0,"gold_gain":0,"player_choice":"Ignored","damage_taken":0,"max_hp_gain":0,"max_hp_loss":0,"event_name":"Beggar","floor":20,"gold_loss":0},{"damage_healed":0,"gold_gain":0,"player_choice":"Fight","damage_taken":0,"max_hp_gain":0,"max_hp_loss":0,"event_name":"Colosseum","floor":21,"gold_loss":0},{"damage_healed":0,"gold_gain":0,"player_choice":"Fought Nobs","damage_taken":0,"max_hp_gain":0,"max_hp_loss":0,"event_name":"Colosseum","floor":21,"gold_loss":0},{"damage_healed":0,"gold_gain":0,"player_choice":"Ignored","damage_taken":0,"max_hp_gain":0,"max_hp_loss":0,"event_name":"Ghosts","floor":22,"gold_loss":0}],"is_beta":false,"boss_relics":[{"not_picked":["Cursed Key","Snecko Eye"],"picked":"Black Blood"}],"items_purged_floors":[11,19],"is_endless":false,"potions_floor_spawned":[1,3,7,13],"killed_by":"Slavers","ascension_level":9}