{"path_per_floor":["M","T","M","?","?","E","R","M","T","M","M","$","E","M","R","B",null,"M","$","?","?","M"],"character_chosen":"DEFECT","items_purchased":["Capacitor","Whetstone","Reboot","Mind Blast"],"gold_per_floor":[113,195,211,211,211,242,242,255,278,291,306,99,131,145,145,242,242,258,7,7,38,57,57],"floor_reached":23,"campfire_rested":2,"playtime":1395,"item_purchase_floors":[12,12,19,19],"current_hp_per_floor":[74,74,68,68,68,43,65,59,59,42,32,32,28,19,41,9,75,38,38,38,12,24,0],"items_purged":[],"gold":57,"score":201,"play_id":"2ee7b7ee-6afd-435f-97a8-ff29c9b0a3de","local_time":"20180526033409","is_prod":false,"is_daily":false,"chose_seed":false,"is_ascension_mode":false,"campfire_upgraded":0,"win_rate":0.0,"timestamp":1527316449,"campfire_choices":[{"floor":7,"key":"REST"},{"floor":15,"key":"REST"}],"path_taken":["M","?","M","?","?","E","R","M","T","M","M","$","E","M","R","BOSS","M","$","?","?","M","E"],"build_version":"2018-05-24","seed_source_timestamp":448746920207687,"purchased_purges":0,"victory":false,"master_deck":["Strike_B","Strike_B","Strike_B","Strike_B","Defend_B","Defend_B","Defend_B","Defend_B","Zap","Dualcast","Go for the Eyes+1","Hello World+1","Injury","Chaos","Aggregate","Doom and Gloom+1","Defragment","Capacitor","Self Repair","Compile Driver","Reboot","Redo","Reboot","Mind Blast","Redo","Hologram+1"],"max_hp_per_floor":[75,75,75,75,75,75,75,75,75,75,75,75,75,75,75,75,75,75,75,75,75,75,75],"relics":["Cracked Core","Ornamental Fan","Torii","Bag of Marbles","Whetstone","Kunai","White Beast Statue","Red Mask"],"card_choices":[{"not_picked":["Consume","Aggregate"],"picked":"Go for the Eyes","floor":1},{"not_picked":["Streamline","Redo"],"picked":"Hello World","floor":3},{"not_picked":["Lockon","Capacitor"],"picked":"Chaos","floor":6},{"not_picked":["Heatsinks","Turbo"],"picked":"Aggregate","floor":8},{"not_picked":["Leap","Coolheaded"],"picked":"Doom and Gloom","floor":10},{"not_picked":["Biased Cognition","Cold Snap"],"picked":"Defragment","floor":11},{"not_picked":["Ball Lightning","Turbo"],"picked":"Self Repair","floor":13},{"not_picked":["Stack","Glacier"],"picked":"Compile Driver","floor":14},{"not_picked":["Fission","All For One"],"picked":"Reboot","floor":16},{"not_picked":["Self Repair","Darkness"],"picked":"Redo","floor":18},{"not_picked":["Scrape","Hologram"],"picked":"Redo","floor":21},{"not_picked":["Steam","BootSequence"],"picked":"Hologram+1","floor":22}],"player_experience":27379,"potions_floor_usage":[13,16,16,16,16,21,21,22,23],"damage_taken":[{"damage":1,"enemies":"Cultist","floor":1,"turns":3},{"damage":6,"enemies":"Jaw Worm","floor":3,"turns":3},{"damage":25,"enemies":"Gremlin Nob","floor":6,"turns":5},{"damage":6,"enemies":"Small Slimes","floor":8,"turns":3},{"damage":17,"enemies":"Looter","floor":10,"turns":3},{"damage":10,"enemies":"2 Fungi Beasts","floor":11,"turns":4},{"damage":16,"enemies":"3 Sentries","floor":13,"turns":4},{"damage":16,"enemies":"Exordium Wildlife","floor":14,"turns":3},{"damage":32,"enemies":"The Guardian","floor":16,"turns":9},{"damage":44,"enemies":"2 Thieves","floor":18,"turns":4},{"damage":33,"enemies":"Masked Bandits","floor":21,"turns":4},{"damage":0,"enemies":"3 Byrds","floor":22,"turns":3},{"damage":31,"enemies":"Book of Stabbing","floor":23,"turns":3}],"relics_obtained":[{"floor":2,"key":"Ornamental Fan"},{"floor":6,"key":"Torii"},{"floor":9,"key":"Bag of Marbles"},{"floor":13,"key":"Kunai"},{"floor":21,"key":"Red Mask"}],"event_choices":[{"event_name":"Accursed Blacksmith","player_choice":"Forge","floor":4,"damage_taken":0},{"event_name":"Golden Wing","player_choice":"Ignored","floor":5,"damage_taken":0},{"event_name":"The Lab","player_choice":"Got Potions","floor":20,"damage_taken":0},{"event_name":"Masked Bandits","player_choice":"Fought over 7 gold","floor":21,"damage_taken":0}],"boss_relics":[{"not_picked":["Velvet Choker","Astrolabe"],"picked":"White Beast Statue"}],"items_purged_floors":[],"potions_floor_spawned":[1,10,11,13,16,18,21,22],"seed_played":"-6791886707851543329","killed_by":"Book of Stabbing","ascension_level":0,"potions_obtained":[{"floor":1,"key":"Regen Potion"},{"floor":10,"key":"Dexterity Potion"},{"floor":11,"key":"Fire Potion"},{"floor":13,"key":"EntropicBrew"},{"floor":16,"key":"Dexterity Potion"},{"floor":18,"key":"PowerPotion"},{"floor":21,"key":"Regen Potion"},{"floor":22,"key":"Energy Potion"}],"is_trial":false}