{"gold_per_floor":[113,124,140,140,215,215,242,41,41,6,37,48,74,84,84,182,182,200,200,212,212,228,228,228,263,263,263,277,295,395,427,427,532,582,602,44,144,158,175,200,200,200,200,200,200,235,250,280,280,280,280,280,33,59,59],"floor_reached":56,"playtime":2839,"items_purged":["Thunderclap"],"score":1368,"play_id":"0163be03-82ce-48a7-9588-1742c2f736ea","local_time":"20190504195539","is_ascension_mode":false,"campfire_choices":[{"data":"Whirlwind","floor":6.0,"key":"SMITH"},{"data":"Juggernaut","floor":15.0,"key":"SMITH"},{"data":"Metallicize","floor":23.0,"key":"SMITH"},{"data":"Barricade","floor":32.0,"key":"SMITH"},{"data":"Body Slam","floor":41,"key":"SMITH"},{"floor":49,"key":"RECALL"},{"data":"Bash","floor":52,"key":"SMITH"}],"neow_cost":"NONE","seed_source_timestamp":0,"circlet_count":0,"master_deck":["Defend_R+1","Defend_R+1","Defend_R+1","Defend_R+1","Bash+1","Whirlwind+1","Clothesline+1","Ghostly Armor","Juggernaut+1","Shrug It Off+1","Barricade+1","Body Slam+1","Hemokinesis+1","Bite+1","Bite","Bite","Bite","Bite","Headbutt+1","Metallicize+1","Heavy Blade+1","True Grit+1","Burning Pact+1","Body Slam+1","Metallicize"],"special_seed":0,"relics":["Burning Blood","Self Forming Clay","Frozen Eye","Shuriken","Juzu Bracelet","Orichalcum","Busted Crown","Matryoshka","Bag of Preparation","Kunai","Meat on the Bone","Whetstone","Magic Flower","Dodecahedron","Charon\u0027s Ashes","Tiny House","Bottled Tornado","Mercury Hourglass","Unceasing Top","Singing Bowl","Ancient Tea Set","Question Card","OrangePellets","Art of War"],"potions_floor_usage":[38,48,55,55,55,55],"damage_taken":[{"damage":1.0,"enemies":"Cultist","floor":1.0,"turns":3.0},{"damage":0.0,"enemies":"Small Slimes","floor":2.0,"turns":3.0},{"damage":0.0,"enemies":"2 Louse","floor":3.0,"turns":3.0},{"damage":26.0,"enemies":"Lagavulin","floor":7.0,"turns":6.0},{"damage":6.0,"enemies":"Gremlin Nob","floor":11.0,"turns":3.0},{"damage":2.0,"enemies":"Large Slime","floor":12.0,"turns":6.0},{"damage":19.0,"enemies":"Lagavulin","floor":13.0,"turns":9.0},{"damage":6.0,"enemies":"Blue Slaver","floor":14.0,"turns":4.0},{"damage":39.0,"enemies":"Slime Boss","floor":16.0,"turns":9.0},{"damage":4.0,"enemies":"Spheric Guardian","floor":18.0,"turns":3.0},{"damage":6.0,"enemies":"Shell Parasite","floor":20.0,"turns":4.0},{"damage":8.0,"enemies":"Sentry and Sphere","floor":22.0,"turns":4.0},{"damage":19.0,"enemies":"Book of Stabbing","floor":25.0,"turns":6.0},{"damage":20.0,"enemies":"Centurion and Healer","floor":28.0,"turns":5.0},{"damage":14.0,"enemies":"Snake Plant","floor":29.0,"turns":5.0},{"damage":14.0,"enemies":"Colosseum Slavers","floor":30.0,"turns":3.0},{"damage":13.0,"enemies":"Colosseum Nobs","floor":30.0,"turns":4.0},{"damage":15.0,"enemies":"Slavers","floor":31.0,"turns":5.0},{"damage":14.0,"enemies":"Champ","floor":33.0,"turns":10.0},{"damage":0,"enemies":"Orb Walker","floor":35,"turns":4},{"damage":6,"enemies":"Mind Bloom Boss Battle","floor":37,"turns":7},{"damage":1,"enemies":"3 Darklings","floor":38,"turns":3},{"damage":0,"enemies":"Sphere and 2 Shapes","floor":39,"turns":3},{"damage":4,"enemies":"Reptomancer","floor":40,"turns":6},{"damage":4,"enemies":"Giant Head","floor":46,"turns":6},{"damage":4,"enemies":"Maw","floor":47,"turns":5},{"damage":28,"enemies":"Nemesis","floor":48,"turns":7},{"damage":38,"enemies":"Awakened One","floor":50,"turns":13},{"damage":40,"enemies":"Shield and Spear","floor":54,"turns":8},{"damage":65,"enemies":"The Heart","floor":55,"turns":12}],"seed_played":"-9196058453350684509","potions_obtained":[{"floor":0.0,"key":"EntropicBrew"},{"floor":0.0,"key":"SneckoOil"},{"floor":0.0,"key":"Fruit Juice"},{"floor":7.0,"key":"Strength Potion"},{"floor":11.0,"key":"Ancient Potion"},{"floor":14.0,"key":"Strength Potion"},{"floor":20.0,"key":"Fire Potion"},{"floor":28.0,"key":"Strength Potion"},{"floor":31.0,"key":"SneckoOil"},{"floor":34,"key":"LiquidBronze"},{"floor":46,"key":"Block Potion"}],"is_trial":false,"path_per_floor":["M","M","M","?","?","R","E","$","T","?","E","M","E","M","R","B",null,"M","?","M","?","M","R","?","E","T","T","M","M","?","E","R","B",null,"M","$","?","M","M","E","R","?","T","?","$","E","M","E","R","B",null,"R","$","E","B",null],"character_chosen":"IRONCLAD","items_purchased":["Frozen Eye","Bottled Tornado","Mercury Hourglass","OrangePellets","Metallicize"],"campfire_rested":0,"item_purchase_floors":[8,36,36,53,53],"current_hp_per_floor":[80,80,80,80,69,69,49,49,49,69,69,73,60,65,65,32,85,85,59,59,59,57,57,57,58,58,58,59,58,55,59,59,59,64,64,64,64,64,64,66,66,66,66,63,63,65,67,69,69,69,69,69,69,70,54],"gold":59,"neow_bonus":"THREE_SMALL_POTIONS","is_prod":false,"is_daily":false,"chose_seed":false,"campfire_upgraded":6,"win_rate":0,"timestamp":1556996139,"path_taken":["M","?","M","?","?","R","E","$","T","?","E","M","E","M","R","BOSS","M","?","M","?","M","R","?","E","T","?","M","M","?","E","R","BOSS","M","$","?","M","M","E","R","?","T","?","$","E","M","E","R","BOSS","R","$","E","BOSS"],"build_version":"2019-04-23","purchased_purges":1,"victory":true,"max_hp_per_floor":[80,80,80,80,80,80,80,80,80,80,80,80,80,85,85,85,85,85,59,59,59,59,59,59,59,59,59,59,59,59,59,59,59,64,64,64,64,64,64,66,66,66,66,63,63,65,67,69,69,69,69,69,69,71,71],"card_choices":[{"not_picked":["Warcry","Armaments"],"picked":"Thunderclap","floor":1.0},{"not_picked":["Rage","Shockwave"],"picked":"Whirlwind","floor":2.0},{"not_picked":["Iron Wave","Pommel Strike"],"picked":"Clothesline","floor":3.0},{"not_picked":["Burning Pact","Second Wind"],"picked":"Ghostly Armor","floor":7.0},{"not_picked":["Headbutt","Warcry"],"picked":"Juggernaut","floor":11.0},{"not_picked":["Thunderclap","Flex"],"picked":"Shrug It Off","floor":12.0},{"not_picked":["Pummel","Body Slam"],"picked":"Barricade","floor":13.0},{"not_picked":["Warcry","Ghostly Armor"],"picked":"Body Slam","floor":14.0},{"not_picked":[],"picked":"Hemokinesis+1","floor":18.0},{"not_picked":[],"picked":"Headbutt+1","floor":20.0},{"not_picked":["Clash"],"picked":"SKIP","floor":22.0},{"not_picked":["Reckless Charge"],"picked":"SKIP","floor":25.0},{"not_picked":["Perfected Strike+1"],"picked":"SKIP","floor":28.0},{"not_picked":[],"picked":"Heavy Blade+1","floor":29.0},{"not_picked":[],"picked":"True Grit+1","floor":31.0},{"not_picked":["Havoc+1"],"picked":"SKIP","floor":35},{"not_picked":[],"picked":"Burning Pact+1","floor":37},{"not_picked":[],"picked":"Body Slam+1","floor":38},{"not_picked":["Iron Wave"],"picked":"SKIP","floor":39},{"not_picked":["Warcry"],"picked":"Singing Bowl","floor":40},{"not_picked":["Clothesline+1"],"picked":"Singing Bowl","floor":46},{"not_picked":["True Grit+1"],"picked":"Singing Bowl","floor":47},{"not_picked":["Iron Wave"],"picked":"Singing Bowl","floor":48},{"not_picked":["Wild Strike","True Grit"],"picked":"Singing Bowl","floor":54}],"player_experience":1303836,"relics_obtained":[{"floor":7.0,"key":"Self Forming Clay"},{"floor":9.0,"key":"Shuriken"},{"floor":11.0,"key":"Juzu Bracelet"},{"floor":13.0,"key":"Orichalcum"},{"floor":25.0,"key":"Matryoshka"},{"floor":26.0,"key":"Bag of Preparation"},{"floor":26.0,"key":"Kunai"},{"floor":27.0,"key":"Meat on the Bone"},{"floor":27.0,"key":"Whetstone"},{"floor":30.0,"key":"Magic Flower"},{"floor":30.0,"key":"Dodecahedron"},{"floor":31.0,"key":"Charon\u0027s Ashes"},{"floor":37,"key":"Unceasing Top"},{"floor":40,"key":"Singing Bowl"},{"floor":46,"key":"Ancient Tea Set"},{"floor":48,"key":"Question Card"},{"floor":54,"key":"Art of War"}],"event_choices":[{"damage_healed":0.0,"max_hp_gain":0.0,"max_hp_loss":0.0,"gold_gain":0.0,"event_name":"Liars Game","player_choice":"Ignored","floor":4.0,"gold_loss":0.0,"damage_taken":0.0},{"damage_healed":0.0,"max_hp_gain":0.0,"max_hp_loss":0.0,"gold_gain":75.0,"event_name":"World of Goop","player_choice":"Gather Gold","floor":5.0,"gold_loss":0.0,"damage_taken":11.0},{"damage_healed":20.0,"max_hp_gain":0.0,"max_hp_loss":0.0,"gold_gain":0.0,"event_name":"The Cleric","player_choice":"Healed","floor":10.0,"gold_loss":35.0,"damage_taken":0.0},{"damage_healed":0.0,"max_hp_gain":0.0,"max_hp_loss":26.0,"gold_gain":0.0,"event_name":"Vampires","player_choice":"Became a vampire","floor":19.0,"gold_loss":0.0,"damage_taken":0.0,"cards_obtained":["Bite","Bite","Bite","Bite","Bite"]},{"damage_healed":0.0,"max_hp_gain":0.0,"max_hp_loss":0.0,"gold_gain":0.0,"event_name":"The Library","player_choice":"Read","floor":21.0,"gold_loss":0.0,"damage_taken":0.0,"cards_obtained":["Metallicize"]},{"damage_healed":0.0,"max_hp_gain":0.0,"max_hp_loss":0.0,"gold_gain":0.0,"event_name":"Back to Basics","player_choice":"Simplicity","floor":24.0,"gold_loss":0.0,"damage_taken":0.0,"cards_upgraded":["Defend_R","Defend_R","Defend_R","Defend_R"]},{"damage_healed":0.0,"max_hp_gain":0.0,"max_hp_loss":0.0,"gold_gain":0.0,"event_name":"Colosseum","player_choice":"Fight","floor":30.0,"gold_loss":0.0,"damage_taken":0.0},{"damage_healed":0.0,"max_hp_gain":0.0,"max_hp_loss":0.0,"gold_gain":0.0,"event_name":"Colosseum","player_choice":"Fought Nobs","floor":30.0,"gold_loss":0.0,"damage_taken":0.0},{"damage_healed":0,"gold_gain":0,"player_choice":"Fight","damage_taken":0,"max_hp_gain":0,"max_hp_loss":0,"event_name":"MindBloom","floor":37,"gold_loss":0},{"damage_healed":0,"gold_gain":0,"player_choice":"Ignored","damage_taken":0,"max_hp_gain":0,"max_hp_loss":0,"event_name":"SecretPortal","floor":42,"gold_loss":0},{"damage_healed":0,"gold_gain":0,"player_choice":"Max HP","damage_taken":0,"max_hp_gain":0,"max_hp_loss":3,"event_name":"Winding Halls","floor":44,"gold_loss":0}],"is_beta":true,"boss_relics":[{"not_picked":["Eternal Feather","Sozu"],"picked":"Busted Crown"},{"not_picked":["Runic Dome","Philosopher\u0027s Stone"],"picked":"Tiny House"}],"items_purged_floors":[36],"is_endless":false,"potions_floor_spawned":[7,11,12,14,20,28,29,31,37,46],"ascension_level":0}