{"gold_per_floor":[119,69,69,80,90,90,102,102,126,156,186,21,21,48,48,119,119,19,19,19,19,19,19,19,19,19,19,19,19,19,19,19,19,19,19,19,19,19,19,19,19,19,19,19,19,19,19,19,19,19,19],"floor_reached":52,"playtime":2914,"items_purged":["Strike_G"],"score":1799,"play_id":"8504b232-8bb6-4e66-a084-9fc316ee0e28","local_time":"20190502222727","is_ascension_mode":true,"campfire_choices":[{"data":"Backstab","floor":6.0,"key":"SMITH"},{"data":"Neutralize","floor":8.0,"key":"SMITH"},{"data":"Noxious Fumes","floor":13.0,"key":"SMITH"},{"data":"Footwork","floor":15.0,"key":"SMITH"},{"data":"After Image","floor":23.0,"key":"SMITH"},{"data":"Dodge and Roll","floor":27.0,"key":"SMITH"},{"data":"Corpse Explosion","floor":29.0,"key":"SMITH"},{"data":"Bouncing Flask","floor":32.0,"key":"SMITH"},{"data":"Crippling Poison","floor":40.0,"key":"SMITH"},{"floor":42.0,"key":"REST"},{"data":"Dodge and Roll","floor":49.0,"key":"SMITH"}],"neow_cost":"NONE","seed_source_timestamp":405731590066993,"circlet_count":0,"master_deck":["AscendersBane","Defend_G","Defend_G","Defend_G","Defend_G+1","Defend_G","Strike_G","Strike_G","Survivor","Neutralize+1","Backstab+1","Slice","Dodge and Roll+1","Footwork+1","Noxious Fumes+1","Die Die Die","Dodge and Roll+1","Corpse Explosion+1","After Image+1","Adrenaline","PiercingWail","Backflip+1","Bouncing Flask+1","Caltrops+1","Crippling Poison+1","After Image+1","Dodge and Roll+1","Backflip"],"special_seed":0,"relics":["Ring of the Serpent","War Paint","Anchor","Odd Mushroom","Dream Catcher","Ectoplasm","Frozen Egg 2","Art of War","Old Coin","Potion Belt"],"potions_floor_usage":[51,51,51],"damage_taken":[{"damage":0.0,"enemies":"2 Louse","floor":1.0,"turns":3.0},{"damage":0.0,"enemies":"Cultist","floor":4.0,"turns":3.0},{"damage":0.0,"enemies":"Jaw Worm","floor":5.0,"turns":4.0},{"damage":6.0,"enemies":"Large Slime","floor":7.0,"turns":8.0},{"damage":20.0,"enemies":"3 Sentries","floor":10.0,"turns":10.0},{"damage":0.0,"enemies":"The Mushroom Lair","floor":11.0,"turns":3.0},{"damage":14.0,"enemies":"Lagavulin","floor":14.0,"turns":5.0},{"damage":1.0,"enemies":"Hexaghost","floor":16.0,"turns":11.0},{"damage":0.0,"enemies":"2 Thieves","floor":18.0,"turns":4.0},{"damage":0.0,"enemies":"3 Byrds","floor":20.0,"turns":3.0},{"damage":10.0,"enemies":"Sentry and Sphere","floor":22.0,"turns":6.0},{"damage":6.0,"enemies":"Book of Stabbing","floor":28.0,"turns":7.0},{"damage":0.0,"enemies":"Centurion and Healer","floor":30.0,"turns":7.0},{"damage":0.0,"enemies":"Snake Plant","floor":31.0,"turns":5.0},{"damage":4.0,"enemies":"Champ","floor":33.0,"turns":14.0},{"damage":0.0,"enemies":"3 Darklings","floor":35.0,"turns":3.0},{"damage":0.0,"enemies":"3 Shapes","floor":36.0,"turns":5.0},{"damage":11.0,"enemies":"Spire Growth","floor":37.0,"turns":8.0},{"damage":0.0,"enemies":"4 Shapes","floor":39.0,"turns":5.0},{"damage":25.0,"enemies":"Giant Head","floor":41.0,"turns":10.0},{"damage":41.0,"enemies":"Transient","floor":44.0,"turns":6.0},{"damage":5.0,"enemies":"3 Darklings","floor":45.0,"turns":4.0},{"damage":2.0,"enemies":"Spire Growth","floor":48.0,"turns":6.0},{"damage":44.0,"enemies":"Time Eater","floor":50.0,"turns":17.0},{"damage":9,"enemies":"Donu and Deca","floor":51,"turns":9}],"seed_played":"8144507609124698546","potions_obtained":[{"floor":1.0,"key":"Swift Potion"},{"floor":11.0,"key":"AttackPotion"},{"floor":16.0,"key":"SteroidPotion"},{"floor":20.0,"key":"Swift Potion"},{"floor":22.0,"key":"Poison Potion"},{"floor":31.0,"key":"GamblersBrew"},{"floor":35.0,"key":"Regen Potion"},{"floor":37.0,"key":"Strength Potion"},{"floor":39.0,"key":"SkillPotion"},{"floor":41.0,"key":"PowerPotion"},{"floor":48.0,"key":"Ancient Potion"}],"is_trial":false,"path_per_floor":["M","$","?","M","M","R","M","R","T","E","?","$","R","E","R","B",null,"M","$","M","?","M","R","?","T","T","R","E","R","M","M","R","B",null,"M","M","M","?","M","R","E","R","T","M","M","?","$","M","R","B","B",null],"character_chosen":"THE_SILENT","items_purchased":["Slice","Corpse Explosion"],"campfire_rested":1,"item_purchase_floors":[2,12],"current_hp_per_floor":[65,65,65,65,65,65,59,59,59,39,39,39,39,25,25,24,60,60,60,60,60,50,50,50,50,50,50,44,44,44,44,44,40,64,64,64,53,53,53,53,42,63,63,22,17,59,59,57,57,13,4],"gold":19,"neow_bonus":"TEN_PERCENT_HP_BONUS","is_prod":false,"is_daily":false,"chose_seed":false,"campfire_upgraded":10,"win_rate":0,"timestamp":1556850447,"path_taken":["M","$","?","M","?","R","M","R","T","E","?","$","R","E","R","BOSS","M","$","M","?","M","R","?","?","T","R","E","R","M","?","R","BOSS","M","M","M","?","M","R","E","R","T","M","M","?","?","M","R","BOSS","BOSS"],"build_version":"2019-04-23","purchased_purges":1,"victory":true,"max_hp_per_floor":[72,72,72,72,72,72,72,72,72,72,72,72,72,72,72,72,72,72,72,72,72,72,72,72,72,72,72,72,72,72,72,72,72,72,72,72,72,72,72,72,72,72,72,72,72,59,59,59,59,59,59],"card_choices":[{"not_picked":["Backflip","Flechettes"],"picked":"Backstab","floor":1.0},{"not_picked":["Prepared","Choke"],"picked":"Dodge and Roll","floor":4.0},{"not_picked":["PiercingWail","Poisoned Stab"],"picked":"Footwork","floor":5.0},{"not_picked":["All Out Attack","Dagger Throw"],"picked":"Noxious Fumes","floor":7.0},{"not_picked":["Quick Slash","Flying Knee"],"picked":"Die Die Die","floor":10.0},{"not_picked":["Deflect","Backflip"],"picked":"Dodge and Roll","floor":11.0},{"not_picked":["Dagger Spray","Bouncing Flask"],"picked":"After Image","floor":14.0},{"not_picked":["Burst","Grand Finale"],"picked":"Adrenaline","floor":16.0},{"not_picked":["Riddle With Holes","Dash"],"picked":"PiercingWail","floor":18.0},{"not_picked":["Finisher","Flying Knee","Outmaneuver"],"picked":"SKIP","floor":20.0},{"not_picked":["Setup","PiercingWail","Prepared"],"picked":"SKIP","floor":22.0},{"not_picked":["Reflex","A Thousand Cuts+1","Deflect"],"picked":"SKIP","floor":28.0},{"not_picked":["Dash","Dagger Throw"],"picked":"Backflip+1","floor":30.0},{"not_picked":["Backflip+1","Prepared"],"picked":"Bouncing Flask","floor":31.0},{"not_picked":["Cloak And Dagger","Prepared"],"picked":"Caltrops+1","floor":35.0},{"not_picked":["Cloak And Dagger","PiercingWail","Dagger Spray"],"picked":"SKIP","floor":36.0},{"not_picked":["Cloak And Dagger","PiercingWail","Dagger Spray"],"picked":"SKIP","floor":36.0},{"not_picked":["Endless Agony","Underhanded Strike+1"],"picked":"Crippling Poison","floor":37.0},{"not_picked":["Cloak And Dagger","Flying Knee","Tactician"],"picked":"SKIP","floor":39.0},{"not_picked":["Well Laid Plans+1","Terror"],"picked":"After Image+1","floor":41.0},{"not_picked":["Crippling Poison","Cloak And Dagger"],"picked":"Dodge and Roll","floor":44.0},{"not_picked":["Deadly Poison","PiercingWail+1"],"picked":"Backflip","floor":45.0},{"not_picked":["Terror","Tactician","Underhanded Strike+1"],"picked":"SKIP","floor":48.0}],"player_experience":801898,"relics_obtained":[{"floor":9.0,"key":"War Paint"},{"floor":10.0,"key":"Anchor"},{"floor":11.0,"key":"Odd Mushroom"},{"floor":14.0,"key":"Dream Catcher"},{"floor":25.0,"key":"Frozen Egg 2"},{"floor":26.0,"key":"Art of War"},{"floor":28.0,"key":"Old Coin"},{"floor":41.0,"key":"Potion Belt"}],"event_choices":[{"cards_removed":["Strike_G"],"damage_healed":0.0,"max_hp_gain":0.0,"max_hp_loss":0.0,"gold_gain":0.0,"event_name":"Purifier","player_choice":"Purged","floor":3.0,"gold_loss":0.0,"damage_taken":0.0},{"damage_healed":0.0,"max_hp_gain":0.0,"max_hp_loss":0.0,"gold_gain":0.0,"event_name":"Mushrooms","player_choice":"Fought Mushrooms","floor":11.0,"gold_loss":0.0,"damage_taken":0.0},{"damage_healed":0.0,"max_hp_gain":0.0,"max_hp_loss":0.0,"gold_gain":0.0,"event_name":"Cursed Tome","player_choice":"Ignored","floor":21.0,"gold_loss":0.0,"damage_taken":0.0},{"damage_healed":0.0,"max_hp_gain":0.0,"max_hp_loss":0.0,"gold_gain":0.0,"event_name":"The Mausoleum","player_choice":"Ignored","floor":24.0,"gold_loss":0.0,"damage_taken":0.0},{"cards_removed":["Strike_G"],"damage_healed":0.0,"max_hp_gain":0.0,"max_hp_loss":0.0,"gold_gain":0.0,"event_name":"Falling","player_choice":"Removed Attack","floor":38.0,"gold_loss":0.0,"damage_taken":0.0},{"damage_healed":59.0,"max_hp_gain":0.0,"max_hp_loss":13.0,"gold_gain":0.0,"event_name":"The Moai Head","player_choice":"Heal","floor":46.0,"gold_loss":0.0,"damage_taken":0.0}],"is_beta":true,"boss_relics":[{"not_picked":["Tiny House","Coffee Dripper"],"picked":"Ectoplasm"},{"not_picked":["Pandora\u0027s Box","Philosopher\u0027s Stone"],"picked":"Ring of the Serpent"}],"items_purged_floors":[12],"is_endless":false,"potions_floor_spawned":[1,11,16,20,22,31,35,37,39,41,48],"ascension_level":20}