{"gold_per_floor":[113,128,53,64,78,78,107,107,107,107,118,151,151,183,183,258,258,278,278,14,31,50,50,62,62,62,62,73,103,115,133,133,212,212,225,236,69,81,101,101,131,148,229,229,257,257,287,307,307,307],"floor_reached":51,"playtime":3920,"items_purged":["Strike_R","Strike_R","Strike_R"],"score":1541,"play_id":"e64f1be7-ad41-4122-8af4-3eeda630a9ad","local_time":"20190212233953","is_ascension_mode":true,"campfire_choices":[{"data":"Armaments","floor":6,"key":"SMITH"},{"data":"Body Slam","floor":8,"key":"SMITH"},{"data":"Clothesline","floor":10,"key":"SMITH"},{"data":"Burning Pact","floor":15,"key":"SMITH"},{"data":"Shrug It Off","floor":23,"key":"SMITH"},{"floor":25,"key":"REST"},{"data":"Battle Trance","floor":27,"key":"SMITH"},{"floor":32,"key":"DIG"},{"floor":40,"key":"DIG"},{"floor":44,"key":"DIG"},{"floor":46,"key":"REST"},{"floor":49,"key":"DIG"}],"neow_cost":"NONE","seed_source_timestamp":736595473343060,"circlet_count":0,"master_deck":["AscendersBane","Strike_R","Defend_R","Defend_R","Defend_R","Defend_R","Bash","Body Slam+1","Cleave","Combust+1","Armaments+1","Anger","Clothesline+1","Burning Pact+1","Bloodletting","Shrug It Off+1","Feed","Headbutt+1","Spot Weakness+1","Battle Trance+1","Seeing Red+1","Entrench+1","Seeing Red","Warcry+1","Reaper","Dual Wield","Rupture","Sentinel+1","Shockwave","Pommel Strike+1","Inflame+1"],"relics":["Burning Blood","Dream Catcher","Meat on the Bone","Mango","Shuriken","Runic Pyramid","Blue Candle","Oddly Smooth Stone","Bag of Marbles","Shovel","War Paint","Fusion Hammer","Anchor","Molten Egg 2","Strawberry","Red Skull","Bird Faced Urn","Bronze Scales"],"potions_floor_usage":[5,16,28,29,33,36,38,41,50,50],"damage_taken":[{"damage":1,"enemies":"Cultist","floor":1,"turns":4},{"damage":10,"enemies":"Small Slimes","floor":2,"turns":3},{"damage":5,"enemies":"2 Louse","floor":4,"turns":2},{"damage":3,"enemies":"Blue Slaver","floor":5,"turns":5},{"damage":32,"enemies":"Gremlin Nob","floor":7,"turns":5},{"damage":11,"enemies":"Looter","floor":11,"turns":3},{"damage":18,"enemies":"3 Sentries","floor":12,"turns":5},{"damage":26,"enemies":"Gremlin Nob","floor":14,"turns":4},{"damage":30,"enemies":"Slime Boss","floor":16,"turns":7},{"damage":9,"enemies":"Chosen","floor":18,"turns":3},{"damage":7,"enemies":"Spheric Guardian","floor":21,"turns":4},{"damage":26,"enemies":"Centurion and Healer","floor":22,"turns":7},{"damage":30,"enemies":"Snake Plant","floor":24,"turns":4},{"damage":3,"enemies":"Snecko","floor":28,"turns":5},{"damage":16,"enemies":"Book of Stabbing","floor":29,"turns":4},{"damage":16,"enemies":"3 Cultists","floor":30,"turns":5},{"damage":3,"enemies":"Snake Plant","floor":31,"turns":3},{"damage":17,"enemies":"Automaton","floor":33,"turns":9},{"damage":71,"enemies":"3 Darklings","floor":35,"turns":6},{"damage":8,"enemies":"Orb Walker","floor":36,"turns":3},{"damage":35,"enemies":"Sphere and 2 Shapes","floor":38,"turns":8},{"damage":50,"enemies":"Writhing Mass","floor":39,"turns":7},{"damage":62,"enemies":"Nemesis","floor":41,"turns":7},{"damage":3,"enemies":"4 Shapes","floor":42,"turns":7},{"damage":38,"enemies":"Reptomancer","floor":45,"turns":5},{"damage":14,"enemies":"Giant Head","floor":47,"turns":6},{"damage":20,"enemies":"Sphere and 2 Shapes","floor":48,"turns":5},{"damage":62,"enemies":"Donu and Deca","floor":50,"turns":7}],"seed_played":"-4772210252420951476","potions_obtained":[{"floor":1,"key":"SkillPotion"},{"floor":7,"key":"LiquidBronze"},{"floor":11,"key":"Explosive Potion"},{"floor":14,"key":"SpeedPotion"},{"floor":16,"key":"Ancient Potion"},{"floor":18,"key":"LiquidBronze"},{"floor":29,"key":"EntropicBrew"},{"floor":38,"key":"Swift Potion"},{"floor":39,"key":"Poison Potion"},{"floor":42,"key":"Strength Potion"}],"is_trial":false,"path_per_floor":["M","M","$","M","M","R","E","R","T","R","M","E","?","E","R","B",null,"M","T","$","M","M","R","M","R","T","R","M","E","M","M","R","B",null,"M","M","$","M","M","R","E","M","T","R","E","R","E","M","R","B",null],"character_chosen":"IRONCLAD","items_purchased":["Oddly Smooth Stone","Rupture"],"campfire_rested":2,"item_purchase_floors":[20,37],"current_hp_per_floor":[73,69,69,70,73,73,47,47,47,47,54,68,68,60,60,48,79,80,80,80,83,67,67,59,90,90,90,97,91,85,92,92,85,115,71,98,98,86,80,80,82,110,110,117,89,135,144,157,157,125],"gold":307,"neow_bonus":"TRANSFORM_CARD","is_prod":false,"is_daily":false,"chose_seed":false,"campfire_upgraded":6,"win_rate":0,"timestamp":1550014793,"path_taken":["M","M","$","M","M","R","E","R","T","R","M","E","?","E","R","BOSS","M","?","$","M","?","R","?","R","T","R","M","E","M","M","R","BOSS","M","?","$","M","M","R","E","M","T","R","E","R","E","M","R","BOSS"],"build_version":"2019-02-06","purchased_purges":3,"victory":true,"max_hp_per_floor":[75,75,75,75,75,75,75,75,75,75,75,89,89,89,89,89,89,93,93,93,97,101,101,105,105,105,105,109,113,117,121,121,125,125,129,132,132,132,136,136,136,143,143,150,154,154,154,158,158,166],"card_choices":[{"not_picked":["Warcry","Heavy Blade"],"picked":"Cleave","floor":1},{"not_picked":["True Grit","Rupture"],"picked":"Combust","floor":2},{"not_picked":["Heavy Blade","Pommel Strike"],"picked":"Armaments","floor":4},{"not_picked":["Havoc","True Grit"],"picked":"Anger","floor":5},{"not_picked":["Cleave","Rage"],"picked":"Clothesline","floor":7},{"not_picked":["Wild Strike","Body Slam"],"picked":"Burning Pact","floor":11},{"not_picked":["Dark Embrace","Whirlwind"],"picked":"Bloodletting","floor":12},{"not_picked":["Pommel Strike","Wild Strike"],"picked":"Shrug It Off","floor":14},{"not_picked":["Exhume","Brutality"],"picked":"Feed","floor":16},{"not_picked":["Heavy Blade","Warcry","Reckless Charge"],"picked":"SKIP","floor":18},{"not_picked":["Cleave","Immolate"],"picked":"Headbutt+1","floor":21},{"not_picked":["Clothesline","Rampage","Ghostly Armor"],"picked":"SKIP","floor":22},{"not_picked":["Body Slam+1","Pommel Strike"],"picked":"Spot Weakness+1","floor":24},{"not_picked":["Armaments","Searing Blow"],"picked":"Battle Trance","floor":25},{"not_picked":["Shrug It Off","Iron Wave"],"picked":"Seeing Red","floor":28},{"not_picked":["Fire Breathing+1","Carnage"],"picked":"Entrench","floor":29},{"not_picked":["Burning Pact","Shrug It Off"],"picked":"Seeing Red","floor":30},{"not_picked":["Headbutt","Armaments"],"picked":"Warcry+1","floor":31},{"not_picked":["Exhume","Double Tap"],"picked":"Reaper","floor":33},{"not_picked":["Sword Boomerang","Iron Wave+1"],"picked":"Dual Wield","floor":35},{"not_picked":["Sword Boomerang","Bludgeon","Reckless Charge"],"picked":"SKIP","floor":36},{"not_picked":["Blood for Blood","Bloodletting+1"],"picked":"Sentinel+1","floor":38},{"not_picked":["Twin Strike+1","Power Through","Clothesline"],"picked":"SKIP","floor":39},{"not_picked":["Clash","Wild Strike+1"],"picked":"Shockwave","floor":41},{"not_picked":["Body Slam","Armaments","True Grit"],"picked":"SKIP","floor":42},{"not_picked":["Flex+1","Clothesline+1","Shockwave+1"],"picked":"SKIP","floor":45},{"not_picked":["Dual Wield","Clash+1"],"picked":"Pommel Strike+1","floor":46},{"not_picked":["Dual Wield","Body Slam+1"],"picked":"Inflame+1","floor":47},{"not_picked":["Headbutt+1","Body Slam+1","Sentinel"],"picked":"SKIP","floor":48}],"player_experience":887181,"relics_obtained":[{"floor":7,"key":"Dream Catcher"},{"floor":9,"key":"Meat on the Bone"},{"floor":12,"key":"Mango"},{"floor":14,"key":"Shuriken"},{"floor":19,"key":"Blue Candle"},{"floor":26,"key":"Bag of Marbles"},{"floor":29,"key":"Shovel"},{"floor":32,"key":"War Paint"},{"floor":40,"key":"Anchor"},{"floor":43,"key":"Molten Egg 2"},{"floor":44,"key":"Strawberry"},{"floor":45,"key":"Red Skull"},{"floor":47,"key":"Bird Faced Urn"},{"floor":49,"key":"Bronze Scales"}],"event_choices":[{"damage_healed":0,"gold_gain":0,"player_choice":"Forge","damage_taken":0,"max_hp_gain":0,"max_hp_loss":0,"event_name":"Accursed Blacksmith","floor":13,"gold_loss":0,"cards_upgraded":["Combust"]}],"is_beta":true,"boss_relics":[{"not_picked":["Tiny House","Snecko Eye"],"picked":"Runic Pyramid"},{"not_picked":["Pandora\u0027s Box","Coffee Dripper"],"picked":"Fusion Hammer"}],"items_purged_floors":[3,20,37],"is_endless":false,"potions_floor_spawned":[1,7,11,14,16,18,21,22,29,38,39,42],"ascension_level":17}