{"gold_per_floor":[211,211,211,176,14,14,26,44,116,127,154,154,184,195,195,270,270,286,286,286,298,27,27,54,69,69,101,20,20,20,38,38,110,110,122,122,122,138,152,183,195,221,233,259,271,310,334,25,25,25,25,25,7,32,32],"floor_reached":56,"playtime":2854,"items_purged":["Writhe","Strike_G"],"score":1946,"play_id":"46a5f4c0-09d8-4069-860b-f1be46347448","local_time":"20190509235908","is_ascension_mode":true,"campfire_choices":[{"data":"Apotheosis","floor":6,"key":"SMITH"},{"floor":12,"key":"REST"},{"floor":15,"key":"REST"},{"data":"Ghostly","floor":23,"key":"SMITH"},{"floor":32,"key":"REST"},{"floor":41,"key":"REST"},{"floor":45,"key":"REST"},{"floor":49,"key":"RECALL"},{"floor":52,"key":"REST"}],"neow_cost":"NONE","seed_source_timestamp":2453544640535942,"circlet_count":0,"master_deck":["AscendersBane","Defend_G","Defend_G","Defend_G","Defend_G","Defend_G","Strike_G","Strike_G","Survivor","Neutralize","Catalyst+1","Apotheosis+1","Backflip","Calculated Gamble","Escape Plan","Malaise","After Image","Ghostly+1","Ghostly","Ghostly","Burst","Bouncing Flask","Poisoned Stab","Poisoned Stab","After Image","Crippling Poison","Escape Plan+1","Leg Sweep","Adrenaline","Catalyst+1","Noxious Fumes","Well Laid Plans"],"relics":["Ring of the Snake","Paper Crane","Bag of Marbles","Letter Opener","Runic Dome","Darkstone Periapt","Lee\u0027s Waffle","Dream Catcher","Singing Bowl","Ancient Tea Set","Black Star","Unceasing Top","Matryoshka","MawBank","Juzu Bracelet","Bronze Scales","Membership Card","Gambling Chip","Bottled Tornado"],"potions_floor_usage":[11,13,16,24,27,40,50,55],"damage_taken":[{"damage":6,"enemies":"Small Slimes","floor":1,"turns":4},{"damage":0,"enemies":"2 Louse","floor":7,"turns":2},{"damage":0,"enemies":"Jaw Worm","floor":8,"turns":5},{"damage":0,"enemies":"Looter","floor":10,"turns":4},{"damage":34,"enemies":"Gremlin Nob","floor":11,"turns":6},{"damage":18,"enemies":"3 Sentries","floor":13,"turns":18},{"damage":0,"enemies":"Blue Slaver","floor":14,"turns":4},{"damage":7,"enemies":"The Guardian","floor":16,"turns":14},{"damage":0,"enemies":"Shell Parasite","floor":18,"turns":9},{"damage":5,"enemies":"3 Byrds","floor":21,"turns":6},{"damage":3,"enemies":"Book of Stabbing","floor":24,"turns":7},{"damage":7,"enemies":"Shelled Parasite and Fungi","floor":25,"turns":14},{"damage":3,"enemies":"Slavers","floor":27,"turns":13},{"damage":7,"enemies":"Centurion and Healer","floor":31,"turns":7},{"damage":10,"enemies":"Champ","floor":33,"turns":7},{"damage":10,"enemies":"3 Shapes","floor":35,"turns":6},{"damage":6,"enemies":"Orb Walker","floor":38,"turns":3},{"damage":9,"enemies":"Writhing Mass","floor":39,"turns":7},{"damage":11,"enemies":"Reptomancer","floor":40,"turns":6},{"damage":0,"enemies":"3 Darklings","floor":42,"turns":5},{"damage":2,"enemies":"Transient","floor":44,"turns":5},{"damage":9,"enemies":"Nemesis","floor":46,"turns":5},{"damage":0,"enemies":"Writhing Mass","floor":47,"turns":5},{"damage":13,"enemies":"Time Eater","floor":50,"turns":7},{"damage":17,"enemies":"Shield and Spear","floor":54,"turns":6},{"damage":39,"enemies":"The Heart","floor":55,"turns":7}],"seed_played":"-7306853738741011577","potions_obtained":[{"floor":1,"key":"SteroidPotion"},{"floor":11,"key":"Explosive Potion"},{"floor":13,"key":"Strength Potion"},{"floor":14,"key":"Block Potion"},{"floor":16,"key":"LiquidBronze"},{"floor":24,"key":"Strength Potion"},{"floor":31,"key":"Strength Potion"},{"floor":40,"key":"LiquidBronze"},{"floor":47,"key":"SkillPotion"}],"is_trial":false,"path_per_floor":["M","?","?","?","$","R","M","M","T","M","E","R","E","M","R","B",null,"M","?","?","M","$","R","E","M","T","E","$","?","?","M","R","B",null,"M","?","T","M","M","E","R","M","T","M","R","E","M","$","R","B",null,"R","$","E","B",null],"character_chosen":"THE_SILENT","items_purchased":["Apotheosis","Lee\u0027s Waffle","Bouncing Flask","Noxious Fumes","Membership Card","Well Laid Plans"],"campfire_rested":6,"item_purchase_floors":[5,22,28,48,48,53],"current_hp_per_floor":[53,46,46,62,62,62,62,62,62,62,28,47,29,29,48,41,60,60,33,39,34,46,46,43,36,36,33,33,33,33,26,39,29,42,32,32,32,28,21,12,27,29,29,29,45,36,36,36,36,23,48,58,58,43,4],"gold":32,"neow_bonus":"HUNDRED_GOLD","is_prod":false,"is_daily":false,"chose_seed":false,"campfire_upgraded":2,"win_rate":0,"timestamp":1557457148,"path_taken":["M","?","?","?","$","R","M","M","T","M","E","R","E","M","R","BOSS","M","?","?","M","?","R","E","?","T","E","$","?","?","M","R","BOSS","M","?","?","M","M","E","R","M","T","M","R","E","M","$","R","BOSS","R","$","E","BOSS"],"build_version":"2019-01-23","purchased_purges":2,"victory":true,"max_hp_per_floor":[66,66,66,66,66,66,66,66,66,66,66,66,66,66,66,66,66,66,33,39,39,46,46,46,46,46,46,46,46,46,46,46,46,46,46,46,46,48,50,52,52,54,54,56,56,56,56,56,56,56,56,58,58,60,60],"card_choices":[{"not_picked":["Reflex","Sucker Punch"],"picked":"Catalyst","floor":1},{"not_picked":["Underhanded Strike","Distraction"],"picked":"Backflip","floor":7},{"not_picked":["Backflip","Tactician"],"picked":"Calculated Gamble","floor":8},{"not_picked":["Sucker Punch","Flechettes","Flying Knee"],"picked":"SKIP","floor":10},{"not_picked":["Eviscerate","Backflip","Concentrate"],"picked":"SKIP","floor":11},{"not_picked":["Predator","PiercingWail"],"picked":"Escape Plan","floor":13},{"not_picked":["Expertise","Dagger Spray"],"picked":"Malaise","floor":14},{"not_picked":["Tools of the Trade","A Thousand Cuts"],"picked":"After Image","floor":16},{"not_picked":["Outmaneuver","Blade Dance","Flying Knee"],"picked":"SKIP","floor":18},{"not_picked":["Underhanded Strike","Cloak And Dagger+1","Finisher"],"picked":"SKIP","floor":21},{"not_picked":["Infinite Blades","Concentrate","Setup"],"picked":"SKIP","floor":24},{"not_picked":["PiercingWail","Escape Plan"],"picked":"Dash","floor":25},{"not_picked":["Endless Agony","Flying Knee"],"picked":"Burst","floor":27},{"not_picked":["Blade Dance","Backflip"],"picked":"Poisoned Stab","floor":31},{"not_picked":["Acrobatics","Dagger Throw"],"picked":"Poisoned Stab","floor":32},{"not_picked":["Malaise","Doppelganger"],"picked":"After Image","floor":33},{"not_picked":["Quick Slash","Cloak And Dagger"],"picked":"Crippling Poison","floor":35},{"not_picked":["Deadly Poison","Blade Dance","Finisher"],"picked":"Singing Bowl","floor":38},{"not_picked":["Prepared","Blade Dance+1","Concentrate"],"picked":"Singing Bowl","floor":39},{"not_picked":["Crippling Poison","Cloak And Dagger","Glass Knife"],"picked":"Singing Bowl","floor":40},{"not_picked":["Outmaneuver","Backflip"],"picked":"Escape Plan+1","floor":41},{"not_picked":["Blade Dance+1","Bouncing Flask","Deadly Poison"],"picked":"Singing Bowl","floor":42},{"not_picked":["All Out Attack","Prepared","Accuracy"],"picked":"Singing Bowl","floor":44},{"not_picked":["Endless Agony","Flechettes"],"picked":"Leg Sweep","floor":45},{"not_picked":["Cloak And Dagger","Crippling Poison+1"],"picked":"Adrenaline","floor":46},{"not_picked":["All Out Attack","Outmaneuver"],"picked":"Catalyst+1","floor":47},{"not_picked":["Setup","Escape Plan","Flying Knee"],"picked":"Singing Bowl","floor":52},{"not_picked":["Crippling Poison","Deadly Poison","Bane+1"],"picked":"Singing Bowl","floor":54}],"player_experience":1319769,"relics_obtained":[{"floor":9,"key":"Paper Crane"},{"floor":11,"key":"Bag of Marbles"},{"floor":13,"key":"Letter Opener"},{"floor":24,"key":"Dream Catcher"},{"floor":26,"key":"Singing Bowl"},{"floor":27,"key":"Ancient Tea Set"},{"floor":37,"key":"Unceasing Top"},{"floor":40,"key":"Matryoshka"},{"floor":40,"key":"MawBank"},{"floor":43,"key":"Juzu Bracelet"},{"floor":46,"key":"Bronze Scales"},{"floor":54,"key":"Gambling Chip"},{"floor":54,"key":"Bottled Tornado"}],"event_choices":[{"cards_removed":["Strike_G"],"damage_healed":0,"gold_gain":0,"player_choice":"Card Removal","damage_taken":7,"max_hp_gain":0,"max_hp_loss":0,"event_name":"Golden Wing","floor":2,"gold_loss":0},{"damage_healed":0,"gold_gain":0,"player_choice":"Grow","damage_taken":0,"max_hp_gain":0,"max_hp_loss":0,"event_name":"Living Wall","floor":3,"gold_loss":0,"cards_upgraded":["Catalyst"]},{"damage_healed":16,"gold_gain":0,"player_choice":"Healed","damage_taken":0,"max_hp_gain":0,"max_hp_loss":0,"event_name":"The Cleric","floor":4,"gold_loss":35},{"damage_healed":0,"gold_gain":0,"player_choice":"Became a Ghost","damage_taken":0,"max_hp_gain":0,"max_hp_loss":33,"event_name":"Ghosts","floor":19,"gold_loss":0,"cards_obtained":["Ghostly","Ghostly","Ghostly"]},{"damage_healed":0,"gold_gain":0,"player_choice":"Opened","damage_taken":0,"relics_obtained":["Darkstone Periapt"],"max_hp_gain":0,"max_hp_loss":0,"event_name":"The Mausoleum","floor":20,"gold_loss":0,"cards_obtained":["Writhe"]},{"cards_removed":["Strike_G"],"damage_healed":0,"gold_gain":0,"player_choice":"Elegance","damage_taken":0,"max_hp_gain":0,"max_hp_loss":0,"event_name":"Back to Basics","floor":29,"gold_loss":0},{"damage_healed":0,"gold_gain":0,"player_choice":"Ignored","damage_taken":0,"max_hp_gain":0,"max_hp_loss":0,"event_name":"Beggar","floor":30,"gold_loss":0},{"cards_removed":["Dash"],"damage_healed":0,"gold_gain":0,"player_choice":"Removed Attack","damage_taken":0,"max_hp_gain":0,"max_hp_loss":0,"event_name":"Falling","floor":36,"gold_loss":0}],"is_beta":false,"boss_relics":[{"not_picked":["Empty Cage","Coffee Dripper"],"picked":"Runic Dome"},{"not_picked":["Orrery","Velvet Choker"],"picked":"Black Star"}],"items_purged_floors":[22,48],"is_endless":false,"potions_floor_spawned":[1,11,13,14,16,18,21,24,31,38,40,44,47],"ascension_level":15}