{"gold_per_floor":[110,110,127,139,139,99,127,127,153,167,181,181,215,226,226,300,300,318,14,33,46,65,65,84,112,112,62,62],"floor_reached":28,"playtime":2620,"items_purged":[],"score":504,"play_id":"a20971c8-7a3e-4c93-9a2a-1f435f0d3638","local_time":"20181208182249","is_ascension_mode":true,"campfire_choices":[{"data":"Clothesline","floor":8,"key":"SMITH"},{"data":"Disarm","floor":12,"key":"SMITH"},{"data":"Combust","floor":15,"key":"SMITH"},{"floor":23,"key":"REST"}],"neow_cost":"NONE","seed_source_timestamp":86049349954936,"circlet_count":0,"master_deck":["AscendersBane","Bash","Disarm+1","Twin Strike","Thunderclap","Armaments","Clothesline+1","Combust+1","Burning Pact","Clothesline","Cleave","Twin Strike","Headbutt","Seeing Red+1","Warcry+1","Rampage","Metallicize","Inflame","Havoc+1","Battle Trance","Rage"],"relics":["Burning Blood","NeowsBlessing","Bag of Preparation","Bag of Marbles","Ornamental Fan","Pandora\u0027s Box","Sling","Sundial"],"potions_floor_usage":[7,13,14,25,25],"damage_taken":[{"damage":0,"enemies":"Jaw Worm","floor":1,"turns":1},{"damage":0,"enemies":"Cultist","floor":3,"turns":1},{"damage":0,"enemies":"Small Slimes","floor":4,"turns":1},{"damage":6,"enemies":"Looter","floor":6,"turns":4},{"damage":31,"enemies":"Gremlin Nob","floor":7,"turns":4},{"damage":15,"enemies":"Exordium Thugs","floor":10,"turns":5},{"damage":16,"enemies":"Large Slime","floor":11,"turns":5},{"damage":28,"enemies":"Lagavulin","floor":13,"turns":8},{"damage":5,"enemies":"Blue Slaver","floor":14,"turns":5},{"damage":10,"enemies":"The Guardian","floor":16,"turns":22},{"damage":22,"enemies":"3 Byrds","floor":18,"turns":6},{"damage":8,"enemies":"Spheric Guardian","floor":20,"turns":5},{"damage":2,"enemies":"3 Cultists","floor":21,"turns":3},{"damage":25,"enemies":"Centurion and Healer","floor":22,"turns":6},{"damage":16,"enemies":"Cultist and Chosen","floor":24,"turns":5},{"damage":42,"enemies":"Slavers","floor":25,"turns":5},{"damage":18,"enemies":"Book of Stabbing","floor":28,"turns":3}],"seed_played":"5439997323989994392","potions_obtained":[{"floor":1,"key":"SpeedPotion"},{"floor":4,"key":"Fire Potion"},{"floor":13,"key":"Regen Potion"},{"floor":14,"key":"Ancient Potion"},{"floor":20,"key":"FearPotion"},{"floor":24,"key":"Regen Potion"}],"is_trial":false,"path_per_floor":["M","?","M","M","?","M","E","R","T","M","M","R","E","M","R","B",null,"M","$","M","M","M","R","M","E","T","?","E"],"character_chosen":"IRONCLAD","items_purchased":["Sling","Inflame"],"campfire_rested":1,"item_purchase_floors":[19,19],"current_hp_per_floor":[74,74,75,75,75,75,50,50,50,41,31,31,9,24,24,20,61,45,45,43,47,28,50,40,18,18,18,0],"gold":62,"neow_bonus":"THREE_ENEMY_KILL","is_prod":false,"is_daily":false,"chose_seed":false,"campfire_upgraded":3,"win_rate":0,"timestamp":1544311369,"path_taken":["M","?","?","?","?","M","E","R","T","M","M","R","E","M","R","BOSS","M","$","M","M","M","R","M","E","T","?","E"],"build_version":"2018-12-06","purchased_purges":0,"victory":false,"max_hp_per_floor":[75,75,75,75,75,75,75,75,75,75,75,75,75,75,75,75,75,75,75,75,75,75,75,75,75,75,75,75],"card_choices":[{"not_picked":["Sentinel","Fire Breathing"],"picked":"Disarm","floor":1},{"not_picked":["Warcry","Perfected Strike"],"picked":"Twin Strike","floor":3},{"not_picked":["Pommel Strike","Cleave"],"picked":"Thunderclap","floor":4},{"not_picked":["Cleave","Reckless Charge"],"picked":"Armaments","floor":6},{"not_picked":["Rampage","Exhume"],"picked":"Clothesline","floor":7},{"not_picked":["Clash","Havoc","Warcry"],"picked":"SKIP","floor":10},{"not_picked":["Clash","Havoc","Warcry"],"picked":"SKIP","floor":10},{"not_picked":["Armaments","Power Through","Body Slam"],"picked":"SKIP","floor":11},{"not_picked":["Cleave","Pommel Strike"],"picked":"Combust","floor":13},{"not_picked":["Entrench","Thunderclap"],"picked":"Burning Pact","floor":14},{"not_picked":["Second Wind","Heavy Blade","Havoc"],"picked":"SKIP","floor":18},{"not_picked":["Perfected Strike","Sword Boomerang","Flex"],"picked":"SKIP","floor":20},{"not_picked":["Pommel Strike","Anger"],"picked":"Havoc+1","floor":21},{"not_picked":["Second Wind+1","Thunderclap","Perfected Strike+1"],"picked":"SKIP","floor":22},{"not_picked":["Clash","Havoc+1"],"picked":"Battle Trance","floor":24},{"not_picked":["Heavy Blade","Barricade"],"picked":"Rage","floor":25}],"player_experience":1058110,"relics_obtained":[{"floor":7,"key":"Bag of Preparation"},{"floor":9,"key":"Bag of Marbles"},{"floor":13,"key":"Ornamental Fan"},{"floor":25,"key":"Sundial"}],"event_choices":[{"cards_removed":["Strike_R"],"damage_healed":0,"gold_gain":0,"player_choice":"Purged","damage_taken":0,"max_hp_gain":0,"max_hp_loss":0,"event_name":"Purifier","floor":2,"gold_loss":0},{"damage_healed":0,"gold_gain":0,"player_choice":"Ignored","damage_taken":0,"max_hp_gain":0,"max_hp_loss":0,"event_name":"Liars Game","floor":5,"gold_loss":0},{"damage_healed":0,"gold_gain":0,"player_choice":"Upgraded Two","damage_taken":0,"max_hp_gain":0,"max_hp_loss":0,"event_name":"Designer","floor":27,"gold_loss":50,"cards_upgraded":["Warcry","Seeing Red"]}],"is_beta":true,"boss_relics":[{"not_picked":["Runic Cube","Astrolabe"],"picked":"Pandora\u0027s Box"}],"items_purged_floors":[],"is_endless":false,"potions_floor_spawned":[1,4,13,14,20,22,24],"killed_by":"Book of Stabbing","ascension_level":20}