{"gold_per_floor":[363,377,11,0,13,13,43,43,43,43,54,54,66,91,91,189,189,203,34,53,103,153,153,25,40,94,94,107,142,204,237,237,333,333,351,165,215,265,275,275,325,340,387,437,359,371,197,214,214,214,214,214,36,61,61],"floor_reached":55,"playtime":2685,"items_purged":["Defend_G","Defend_G","Backstab","Bite"],"score":740,"play_id":"1191325c-7050-4f2d-b7ea-c03df492cd2f","local_time":"20190513192007","is_ascension_mode":false,"campfire_choices":[{"data":"Neutralize","floor":6,"key":"SMITH"},{"data":"Deadly Poison","floor":10,"key":"SMITH"},{"data":"Deadly Poison","floor":12,"key":"SMITH"},{"data":"Caltrops","floor":15,"key":"SMITH"},{"data":"Noxious Fumes","floor":23,"key":"SMITH"},{"data":"Bouncing Flask","floor":27,"key":"SMITH"},{"data":"Adrenaline","floor":32,"key":"SMITH"},{"data":"Burst","floor":40,"key":"SMITH"},{"floor":49,"key":"RECALL"},{"data":"Calculated Gamble","floor":52,"key":"SMITH"}],"neow_cost":"PERCENT_DAMAGE","seed_source_timestamp":1323589014035255,"circlet_count":0,"master_deck":["Defend_G","Defend_G","Defend_G","Survivor","Neutralize+1","Deadly Poison+1","Backflip+1","Deadly Poison+1","Bouncing Flask+1","Caltrops+1","Adrenaline+1","Leg Sweep","Noxious Fumes+1","Acrobatics+1","Bite","Bite","Bite","Acrobatics","PiercingWail","Backflip","Burst+1","Acrobatics","Bandage Up","Dark Shackles","PiercingWail+1","Caltrops+1","Blur+1","Calculated Gamble+1","Acrobatics"],"relics":["Ring of the Snake","Membership Card","Meat on the Bone","Bottled Flame","SsserpentHead","Dodecahedron","Ice Cream","Sozu","Letter Opener","War Paint","OrangePellets","Gremlin Horn","Gambling Chip","Black Star","Strange Spoon","Potion Belt","Snake Skull","Bag of Preparation","Anchor","Tough Bandages","Bottled Lightning"],"potions_floor_usage":[7,33,55],"damage_taken":[{"damage":0,"enemies":"2 Louse","floor":1,"turns":4},{"damage":4,"enemies":"Cultist","floor":2,"turns":4},{"damage":0,"enemies":"Small Slimes","floor":5,"turns":2},{"damage":9,"enemies":"3 Sentries","floor":7,"turns":10},{"damage":2,"enemies":"3 Louse","floor":11,"turns":2},{"damage":0,"enemies":"2 Fungi Beasts","floor":13,"turns":3},{"damage":7,"enemies":"Lagavulin","floor":14,"turns":5},{"damage":23,"enemies":"Hexaghost","floor":16,"turns":7},{"damage":1,"enemies":"Chosen","floor":18,"turns":4},{"damage":9,"enemies":"2 Thieves","floor":20,"turns":3},{"damage":0,"enemies":"Centurion and Healer","floor":25,"turns":5},{"damage":0,"enemies":"Shelled Parasite and Fungi","floor":28,"turns":4},{"damage":0,"enemies":"Book of Stabbing","floor":29,"turns":4},{"damage":12,"enemies":"3 Cultists","floor":30,"turns":4},{"damage":7,"enemies":"Slavers","floor":31,"turns":5},{"damage":31,"enemies":"Collector","floor":33,"turns":8},{"damage":11,"enemies":"3 Darklings","floor":35,"turns":3},{"damage":15,"enemies":"Orb Walker","floor":39,"turns":3},{"damage":0,"enemies":"4 Shapes","floor":42,"turns":3},{"damage":6,"enemies":"Jaw Worm Horde","floor":46,"turns":3},{"damage":0,"enemies":"3 Darklings","floor":48,"turns":3},{"damage":24,"enemies":"Donu and Deca","floor":50,"turns":7},{"damage":13,"enemies":"Shield and Spear","floor":54,"turns":5},{"damage":51,"enemies":"The Heart","floor":55,"turns":3}],"seed_played":"4265580279932282922","potions_obtained":[{"floor":2,"key":"AttackPotion"},{"floor":11,"key":"Weak Potion"},{"floor":13,"key":"GhostInAJar"}],"is_trial":false,"path_per_floor":["M","M","$","?","M","R","E","?","T","R","M","R","M","E","R","B",null,"M","$","M","?","?","R","$","M","T","R","M","E","M","E","R","B",null,"M","$","?","?","M","R","?","M","T","?","$","M","$","M","R","B",null,"R","$","E","B"],"character_chosen":"THE_SILENT","items_purchased":["Membership Card","Meat on the Bone","Backstab","Letter Opener","Noxious Fumes","OrangePellets","Acrobatics","Strange Spoon","Bandage Up","Snake Skull","Bag of Preparation","Calculated Gamble","Acrobatics","Anchor"],"campfire_rested":0,"item_purchase_floors":[3,3,3,19,19,24,24,36,36,45,47,47,53,53],"current_hp_per_floor":[49,45,45,45,45,45,36,36,36,36,46,46,46,39,39,28,70,69,69,60,49,49,49,49,49,49,49,49,49,43,42,42,25,49,42,42,32,32,25,25,25,35,35,35,35,39,39,47,47,35,47,47,47,42,0],"gold":61,"neow_bonus":"TWO_FIFTY_GOLD","is_prod":false,"is_daily":false,"chose_seed":false,"campfire_upgraded":9,"win_rate":0,"timestamp":1557771607,"path_taken":["M","M","$","?","M","R","E","?","T","R","M","R","M","E","R","BOSS","M","$","M","?","?","R","$","M","T","R","M","E","?","E","R","BOSS","M","$","?","?","M","R","?","M","T","?","?","M","$","M","R","BOSS","R","$","E","BOSS"],"build_version":"2019-05-07","purchased_purges":4,"victory":false,"max_hp_per_floor":[70,70,70,70,70,70,70,70,70,70,70,70,70,70,70,70,70,70,70,70,49,49,49,49,49,49,49,49,49,49,49,49,49,49,49,49,49,49,49,49,49,49,49,47,47,47,47,47,47,47,47,47,47,47,47],"card_choices":[{"not_picked":["Prepared","Choke"],"picked":"Deadly Poison","floor":1},{"not_picked":["Dodge and Roll","Eviscerate"],"picked":"Backflip","floor":2},{"not_picked":["Underhanded Strike","Choke"],"picked":"Deadly Poison","floor":5},{"not_picked":["Slice","Sucker Punch"],"picked":"Cloak And Dagger","floor":7},{"not_picked":["Infinite Blades","Bane","Setup"],"picked":"SKIP","floor":11},{"not_picked":["Escape Plan","Calculated Gamble"],"picked":"Bouncing Flask","floor":13},{"not_picked":["Backflip","Backstab"],"picked":"Caltrops","floor":14},{"not_picked":["Envenom","Night Terror"],"picked":"Adrenaline","floor":16},{"not_picked":["Dagger Spray","Heel Hook"],"picked":"Leg Sweep","floor":18},{"not_picked":["Dagger Throw+1","Distraction"],"picked":"Acrobatics","floor":20},{"not_picked":["Blade Dance","Terror+1","Dagger Spray"],"picked":"SKIP","floor":25},{"not_picked":["Cloak And Dagger","PiercingWail","Slice+1"],"picked":"SKIP","floor":28},{"not_picked":["Cloak And Dagger","Slice+1"],"picked":"PiercingWail","floor":28},{"not_picked":["Caltrops","Expertise"],"picked":"Backflip","floor":29},{"not_picked":["Poisoned Stab","Dash","Eviscerate"],"picked":"SKIP","floor":30},{"not_picked":["Bouncing Flask","Dagger Throw","Eviscerate+1"],"picked":"SKIP","floor":31},{"not_picked":["Bullet Time","Envenom"],"picked":"Burst","floor":33},{"not_picked":["Dodge and Roll","Blade Dance"],"picked":"Acrobatics","floor":35},{"not_picked":["Purity","Mayhem"],"picked":"Dark Shackles","floor":37},{"not_picked":["Sucker Punch+1","Dagger Spray"],"picked":"PiercingWail+1","floor":39},{"not_picked":["Underhanded Strike+1","Riddle With Holes"],"picked":"Caltrops+1","floor":42},{"not_picked":["Deadly Poison+1","Quick Slash"],"picked":"Blur+1","floor":46},{"not_picked":["Slice+1","Underhanded Strike","Cloak And Dagger+1"],"picked":"SKIP","floor":48},{"not_picked":["Poisoned Stab+1","Dagger Throw","Dodge and Roll"],"picked":"SKIP","floor":54}],"player_experience":1414074,"relics_obtained":[{"floor":7,"key":"Bottled Flame"},{"floor":9,"key":"Dodecahedron"},{"floor":14,"key":"Ice Cream"},{"floor":29,"key":"Gremlin Horn"},{"floor":31,"key":"Gambling Chip"},{"floor":43,"key":"Potion Belt"},{"floor":54,"key":"Tough Bandages"},{"floor":54,"key":"Bottled Lightning"}],"event_choices":[{"damage_healed":0,"gold_gain":0,"player_choice":"Left Gold","damage_taken":0,"max_hp_gain":0,"max_hp_loss":0,"event_name":"World of Goop","floor":4,"gold_loss":11},{"damage_healed":0,"gold_gain":0,"player_choice":"Trade","damage_taken":0,"relics_obtained":["SsserpentHead"],"max_hp_gain":0,"max_hp_loss":0,"event_name":"FaceTrader","floor":8,"gold_loss":0},{"damage_healed":0,"gold_gain":0,"player_choice":"Became a vampire","damage_taken":0,"max_hp_gain":0,"max_hp_loss":21,"event_name":"Vampires","floor":21,"gold_loss":0,"cards_obtained":["Bite","Bite","Bite","Bite","Bite"]},{"cards_removed":["Cloak And Dagger"],"damage_healed":0,"gold_gain":0,"player_choice":"Gave Card","damage_taken":0,"relics_obtained":["War Paint"],"max_hp_gain":0,"max_hp_loss":0,"event_name":"WeMeetAgain","floor":22,"gold_loss":0},{"damage_healed":0,"gold_gain":0,"player_choice":"Memory 3","damage_taken":10,"max_hp_gain":0,"max_hp_loss":0,"event_name":"SensoryStone","floor":37,"gold_loss":0},{"cards_removed":["Bite"],"damage_healed":0,"gold_gain":0,"player_choice":"Removed Attack","damage_taken":0,"max_hp_gain":0,"max_hp_loss":0,"event_name":"Falling","floor":38,"gold_loss":0},{"damage_healed":0,"gold_gain":0,"player_choice":"Ignored","damage_taken":0,"max_hp_gain":0,"max_hp_loss":0,"event_name":"Tomb of Lord Red Mask","floor":41,"gold_loss":0},{"damage_healed":0,"gold_gain":0,"player_choice":"Max HP","damage_taken":0,"max_hp_gain":0,"max_hp_loss":2,"event_name":"Winding Halls","floor":44,"gold_loss":0}],"is_beta":true,"boss_relics":[{"not_picked":["White Beast Statue","Calling Bell"],"picked":"Sozu"},{"not_picked":["HoveringKite","Busted Crown"],"picked":"Black Star"}],"items_purged_floors":[36,45,47,53],"is_endless":false,"potions_floor_spawned":[2,11,13,18,20,28,33,39,46],"killed_by":"The Heart","ascension_level":0}