{"gold_per_floor":[114,131,144,190,190,190,222,222,222,255,266,286,286,301,301,396,396,416,426,426,5,5],"floor_reached":22,"playtime":1048,"items_purged":[],"score":235,"play_id":"401fdbb6-eacb-431a-a4af-e4585fb5b137","local_time":"20181231205221","is_ascension_mode":true,"campfire_choices":[{"data":"Prepared","floor":6,"key":"SMITH"},{"floor":8,"key":"REST"},{"floor":13,"key":"REST"},{"floor":15,"key":"DIG"}],"neow_cost":"NONE","seed_source_timestamp":865088953823981,"circlet_count":0,"master_deck":["Defend_G","Defend_G","Defend_G","Defend_G","Defend_G","Strike_G","Strike_G","Strike_G","Strike_G","Strike_G","Survivor","Neutralize","Flying Knee","Sucker Punch","Prepared+1","Backflip","Noxious Fumes","Flechettes","PiercingWail","Backstab","Envenom+1","Prepared","Bane","Adrenaline"],"relics":["Ring of the Snake","NeowsBlessing","Omamori","CultistMask","Sundial","Pantograph","Shovel","Frozen Egg 2","Busted Crown","Ice Cream"],"potions_floor_usage":[7,18],"damage_taken":[{"damage":0,"enemies":"Cultist","floor":1,"turns":1},{"damage":0,"enemies":"Small Slimes","floor":2,"turns":1},{"damage":0,"enemies":"2 Louse","floor":3,"turns":1},{"damage":36,"enemies":"Lagavulin","floor":7,"turns":7},{"damage":29,"enemies":"3 Sentries","floor":10,"turns":11},{"damage":4,"enemies":"Red Slaver","floor":11,"turns":4},{"damage":17,"enemies":"Gremlin Gang","floor":12,"turns":6},{"damage":4,"enemies":"3 Louse","floor":14,"turns":4},{"damage":17,"enemies":"The Guardian","floor":16,"turns":15},{"damage":13,"enemies":"3 Byrds","floor":18,"turns":5},{"damage":36,"enemies":"Spheric Guardian","floor":19,"turns":6},{"damage":23,"enemies":"Snecko","floor":22,"turns":4}],"seed_played":"-5628867720861642844","potions_obtained":[{"floor":1,"key":"AttackPotion"},{"floor":11,"key":"SpeedPotion"},{"floor":16,"key":"Explosive Potion"},{"floor":19,"key":"SpeedPotion"}],"is_trial":false,"path_per_floor":["M","M","M","T","?","R","E","R","T","E","M","M","R","M","R","B",null,"M","M","?","$","M"],"character_chosen":"THE_SILENT","items_purchased":["Adrenaline","Ice Cream"],"campfire_rested":2,"item_purchase_floors":[21,21],"current_hp_per_floor":[70,70,70,70,70,70,34,55,55,26,22,5,26,22,22,30,70,57,21,21,21,0],"gold":5,"neow_bonus":"THREE_ENEMY_KILL","is_prod":false,"is_daily":false,"chose_seed":false,"campfire_upgraded":1,"win_rate":0,"timestamp":1546300341,"path_taken":["M","M","?","?","?","R","E","R","T","E","?","M","R","M","R","BOSS","M","M","?","$","?"],"build_version":"2018-12-20","purchased_purges":0,"victory":false,"max_hp_per_floor":[70,70,70,70,70,70,70,70,70,70,70,70,70,70,70,70,70,70,70,70,70,70],"card_choices":[{"not_picked":["Blur","Masterful Stab"],"picked":"Flying Knee","floor":1},{"not_picked":["Quick Slash","Underhanded Strike"],"picked":"Sucker Punch","floor":2},{"not_picked":["Bane","Eviscerate"],"picked":"Prepared","floor":3},{"not_picked":["Acrobatics","Setup"],"picked":"Backflip","floor":7},{"not_picked":["Storm of Steel","Acrobatics"],"picked":"Noxious Fumes","floor":10},{"not_picked":["Leg Sweep","Flying Knee"],"picked":"Flechettes","floor":11},{"not_picked":["Dagger Throw","Blur"],"picked":"PiercingWail","floor":12},{"not_picked":["Distraction","Finisher"],"picked":"Backstab","floor":14},{"not_picked":["Unload","Die Die Die"],"picked":"Envenom+1","floor":16},{"not_picked":[],"picked":"Prepared","floor":18},{"not_picked":["Bane"],"picked":"SKIP","floor":19},{"not_picked":[],"picked":"Bane","floor":19}],"player_experience":590634,"relics_obtained":[{"floor":4,"key":"Omamori"},{"floor":7,"key":"Sundial"},{"floor":9,"key":"Pantograph"},{"floor":10,"key":"Shovel"},{"floor":15,"key":"Frozen Egg 2"}],"event_choices":[{"damage_healed":0,"gold_gain":0,"player_choice":"Trade","damage_taken":0,"relics_obtained":["CultistMask"],"max_hp_gain":0,"max_hp_loss":0,"event_name":"FaceTrader","floor":5,"gold_loss":0},{"damage_healed":0,"gold_gain":0,"player_choice":"Ignored","damage_taken":0,"max_hp_gain":0,"max_hp_loss":0,"event_name":"Purifier","floor":20,"gold_loss":0}],"is_beta":false,"boss_relics":[{"not_picked":["Coffee Dripper","Pandora\u0027s Box"],"picked":"Busted Crown"}],"items_purged_floors":[],"is_endless":false,"potions_floor_spawned":[1,11,16,19],"killed_by":"Snecko","ascension_level":4}