{"gold_per_floor":[112,112,129,129,139,139,150,185,212,230,230,244,257,71,71,71],"floor_reached":16,"playtime":3904,"items_purged":[],"score":120,"play_id":"221f0ed1-6b9f-43ab-a827-b19fee058d97","local_time":"20190515141758","is_ascension_mode":true,"campfire_choices":[{"data":"Deflect","floor":6,"key":"SMITH"},{"floor":11,"key":"REST"},{"floor":15,"key":"REST"}],"neow_cost":"NONE","seed_source_timestamp":416683762964400,"circlet_count":0,"master_deck":["Defend_G","Defend_G","Defend_G","Defend_G","Defend_G","Strike_G","Strike_G","Strike_G","Strike_G","Strike_G","Survivor","Neutralize+1","Backstab","Backstab","Deflect+1","Backflip","Deadly Poison","Leg Sweep","Poisoned Stab","All Out Attack","Crippling Poison"],"relics":["Ring of the Snake","NeowsBlessing","CultistMask","Snake Skull","Pen Nib","Blood Vial"],"potions_floor_usage":[8,8,16],"damage_taken":[{"damage":0,"enemies":"Small Slimes","floor":1,"turns":1},{"damage":0,"enemies":"Cultist","floor":3,"turns":1},{"damage":0,"enemies":"Jaw Worm","floor":5,"turns":1},{"damage":0,"enemies":"Exordium Wildlife","floor":7,"turns":5},{"damage":51,"enemies":"Gremlin Nob","floor":8,"turns":6},{"damage":0,"enemies":"2 Fungi Beasts","floor":10,"turns":2},{"damage":3,"enemies":"Lots of Slimes","floor":12,"turns":4},{"damage":1,"enemies":"Red Slaver","floor":13,"turns":3},{"damage":64,"enemies":"Slime Boss","floor":16,"turns":11}],"seed_played":"1759909224019177024","potions_obtained":[{"floor":1,"key":"Weak Potion"},{"floor":5,"key":"Explosive Potion"},{"floor":7,"key":"SpeedPotion"},{"floor":12,"key":"Swift Potion"}],"is_trial":false,"path_per_floor":["M","?","M","?","M","R","M","E","T","M","R","M","M","$","R","B"],"character_chosen":"THE_SILENT","items_purchased":["Blood Vial","Crippling Poison"],"campfire_rested":2,"item_purchase_floors":[14,14],"current_hp_per_floor":[70,70,70,70,70,70,70,19,19,19,40,37,36,36,57,0],"gold":71,"neow_bonus":"THREE_ENEMY_KILL","is_prod":false,"is_daily":false,"chose_seed":false,"campfire_upgraded":1,"win_rate":0,"timestamp":1557944278,"path_taken":["M","?","M","?","M","R","M","E","T","M","R","M","?","$","R","BOSS"],"build_version":"2019-01-23","purchased_purges":0,"victory":false,"max_hp_per_floor":[70,70,70,70,70,70,70,70,70,70,70,70,70,70,70,70],"card_choices":[{"not_picked":["Footwork","Tactician"],"picked":"Backstab","floor":1},{"not_picked":["Finisher","Dagger Spray"],"picked":"Backstab","floor":3},{"not_picked":["Sucker Punch","Leg Sweep"],"picked":"Deflect","floor":5},{"not_picked":["Infinite Blades","Deadly Poison"],"picked":"Backflip","floor":7},{"not_picked":["Cloak And Dagger","Escape Plan"],"picked":"Deadly Poison","floor":8},{"not_picked":["Concentrate","Sucker Punch"],"picked":"Leg Sweep","floor":10},{"not_picked":["Quick Slash","Setup"],"picked":"Poisoned Stab","floor":12},{"not_picked":["Eviscerate","Flying Knee"],"picked":"All Out Attack","floor":13}],"player_experience":176626,"relics_obtained":[{"floor":8,"key":"Snake Skull"},{"floor":9,"key":"Pen Nib"}],"event_choices":[{"damage_healed":0,"gold_gain":0,"player_choice":"Grow","damage_taken":0,"max_hp_gain":0,"max_hp_loss":0,"event_name":"Living Wall","floor":2,"gold_loss":0,"cards_upgraded":["Neutralize"]},{"damage_healed":0,"gold_gain":0,"player_choice":"Trade","damage_taken":0,"relics_obtained":["CultistMask"],"max_hp_gain":0,"max_hp_loss":0,"event_name":"FaceTrader","floor":4,"gold_loss":0}],"is_beta":false,"boss_relics":[],"items_purged_floors":[],"is_endless":false,"potions_floor_spawned":[1,5,7,12],"killed_by":"Slime Boss","ascension_level":3}