{"gold_per_floor":[113,113,38,52,52,52,77,116,116,156,175,208,221,260,260,384,384,398,157,177,177,177,218,218,156,156,177,177,208,208,233,233,233],"floor_reached":33,"playtime":1155,"items_purged":[],"score":479,"play_id":"29fbdc84-fd96-420d-9661-2f0b88eaa9de","local_time":"20190509142011","is_ascension_mode":true,"campfire_choices":[{"data":"Rampage","floor":6,"key":"SMITH"},{"data":"True Grit","floor":15,"key":"SMITH"},{"data":"Whirlwind","floor":28,"key":"SMITH"},{"data":"Flame Barrier","floor":30,"key":"SMITH"},{"data":"Anger","floor":32,"key":"SMITH"}],"neow_cost":"NONE","seed_source_timestamp":76582614672900,"circlet_count":0,"master_deck":["Strike_R","Strike_R","Strike_R","Strike_R","Strike_R","Defend_R","Defend_R","Defend_R","Defend_R","Bash","Pummel","Reckless Charge","Rampage+1","Anger+1","Whirlwind+1","True Grit+1","Clothesline","Berserk","Dual Wield+1","Pommel Strike+1","Thunderclap+1","Ghostly","Ghostly","Ghostly","Ghostly","Ghostly","Flame Barrier+1"],"relics":["Burning Blood","NeowsBlessing","Golden Idol","Bag of Marbles","Orichalcum","Mercury Hourglass","Omamori","Pear","Ginger","Eternal Feather","Pantograph","The Courier","PreservedInsect","Lantern"],"potions_floor_usage":[16,16,18,18,23,33,33],"damage_taken":[{"damage":0,"enemies":"Jaw Worm","floor":1,"turns":1},{"damage":0,"enemies":"2 Louse","floor":4,"turns":1},{"damage":0,"enemies":"Lagavulin","floor":8,"turns":1},{"damage":13,"enemies":"3 Sentries","floor":10,"turns":5},{"damage":0,"enemies":"Cultist","floor":11,"turns":2},{"damage":24,"enemies":"Lagavulin","floor":12,"turns":4},{"damage":1,"enemies":"Blue Slaver","floor":13,"turns":2},{"damage":11,"enemies":"3 Sentries","floor":14,"turns":5},{"damage":50,"enemies":"The Guardian","floor":16,"turns":12},{"damage":37,"enemies":"2 Thieves","floor":18,"turns":3},{"damage":6,"enemies":"Chosen","floor":20,"turns":4},{"damage":47,"enemies":"Book of Stabbing","floor":23,"turns":5},{"damage":6,"enemies":"3 Cultists","floor":27,"turns":4},{"damage":39,"enemies":"Slavers","floor":29,"turns":3},{"damage":0,"enemies":"Snake Plant","floor":31,"turns":4},{"damage":45,"enemies":"Automaton","floor":33,"turns":8}],"seed_played":"-8841070261240838649","potions_obtained":[{"floor":10,"key":"SpeedPotion"},{"floor":11,"key":"Swift Potion"},{"floor":12,"key":"Ancient Potion"},{"floor":13,"key":"BloodPotion"},{"floor":16,"key":"PowerPotion"},{"floor":18,"key":"LiquidBronze"},{"floor":29,"key":"Fire Potion"},{"floor":31,"key":"Poison Potion"}],"is_trial":false,"path_per_floor":["M","?","$","M","?","R","T","E","T","E","M","E","M","E","R","B",null,"M","$","M","?","?","E","?","$","T","M","R","E","R","M","R","B"],"character_chosen":"IRONCLAD","items_purchased":["Reckless Charge","Pantograph","Flame Barrier"],"campfire_rested":0,"item_purchase_floors":[3,19,25],"current_hp_per_floor":[78,78,78,80,74,74,74,74,74,67,73,65,70,65,65,21,68,45,45,45,73,73,32,32,32,32,32,42,9,24,30,42,0],"gold":233,"neow_bonus":"THREE_ENEMY_KILL","is_prod":false,"is_daily":false,"chose_seed":false,"campfire_upgraded":5,"win_rate":0,"timestamp":1557426011,"path_taken":["M","?","$","M","?","R","?","E","T","E","M","E","M","E","R","BOSS","M","$","?","?","?","E","?","$","T","M","R","E","R","M","R","BOSS"],"build_version":"2019-01-23","purchased_purges":0,"victory":false,"max_hp_per_floor":[80,80,80,80,74,74,74,74,74,74,74,84,84,84,84,84,84,84,84,84,84,84,84,42,42,42,42,42,42,42,42,42,42],"card_choices":[{"not_picked":["Armaments","Hemokinesis"],"picked":"Pummel","floor":1},{"not_picked":["Thunderclap","Twin Strike"],"picked":"Rampage","floor":4},{"not_picked":["Havoc","Sword Boomerang"],"picked":"Anger","floor":8},{"not_picked":["Seeing Red","Carnage"],"picked":"Whirlwind","floor":10},{"not_picked":["Anger","Searing Blow","Bloodletting"],"picked":"SKIP","floor":11},{"not_picked":["Sever Soul","Body Slam"],"picked":"True Grit","floor":12},{"not_picked":["Rupture","Clothesline","Bludgeon"],"picked":"SKIP","floor":13},{"not_picked":["Pummel","True Grit"],"picked":"Clothesline","floor":14},{"not_picked":["Brutality","Exhume"],"picked":"Berserk","floor":16},{"not_picked":["Searing Blow","Combust"],"picked":"Dual Wield+1","floor":18},{"not_picked":["Heavy Blade","Hemokinesis+1"],"picked":"Pommel Strike+1","floor":20},{"not_picked":["Berserk","Reckless Charge"],"picked":"Thunderclap+1","floor":23},{"not_picked":["Headbutt+1","True Grit","Whirlwind"],"picked":"SKIP","floor":27},{"not_picked":["Perfected Strike","Iron Wave","Twin Strike"],"picked":"SKIP","floor":29},{"not_picked":["Clash","Twin Strike","Body Slam"],"picked":"SKIP","floor":31}],"player_experience":170471,"relics_obtained":[{"floor":7,"key":"Bag of Marbles"},{"floor":8,"key":"Orichalcum"},{"floor":9,"key":"Mercury Hourglass"},{"floor":10,"key":"Omamori"},{"floor":12,"key":"Pear"},{"floor":14,"key":"Ginger"},{"floor":23,"key":"PreservedInsect"},{"floor":29,"key":"Lantern"}],"event_choices":[{"damage_healed":0,"gold_gain":0,"player_choice":"Ignored","damage_taken":0,"max_hp_gain":0,"max_hp_loss":0,"event_name":"Golden Wing","floor":2,"gold_loss":0},{"damage_healed":0,"gold_gain":0,"player_choice":"Lose Max HP","damage_taken":0,"relics_obtained":["Golden Idol"],"max_hp_gain":0,"max_hp_loss":6,"event_name":"Golden Idol","floor":5,"gold_loss":0},{"damage_healed":28,"gold_gain":0,"player_choice":"Heal","damage_taken":0,"max_hp_gain":0,"max_hp_loss":0,"event_name":"The Library","floor":21,"gold_loss":0},{"damage_healed":0,"gold_gain":0,"player_choice":"Opened","damage_taken":0,"relics_obtained":["The Courier"],"max_hp_gain":0,"max_hp_loss":0,"event_name":"The Mausoleum","floor":22,"gold_loss":0},{"damage_healed":0,"gold_gain":0,"player_choice":"Became a Ghost","damage_taken":0,"max_hp_gain":0,"max_hp_loss":42,"event_name":"Ghosts","floor":24,"gold_loss":0,"cards_obtained":["Ghostly","Ghostly","Ghostly","Ghostly","Ghostly"]}],"is_beta":false,"boss_relics":[{"not_picked":["Runic Pyramid","Coffee Dripper"],"picked":"Eternal Feather"}],"items_purged_floors":[],"is_endless":false,"potions_floor_spawned":[10,11,12,13,16,18,29,31],"killed_by":"Automaton","ascension_level":7}