{"gold_per_floor":[144,7,7,52,97,97,187,187,237,282,327,327,372,417,417,717,717,762,762,762,807,139,229,274,319,344,389,389,39,84,129,129,429,429,474,519,519,19,64,154,199,15,15,15,105,150,195,195,195,195],"floor_reached":51,"playtime":2350,"items_purged":["Writhe"],"score":860,"play_id":"4f4daf5b-2beb-43a8-b170-6bbb8feccbfa","local_time":"20190418140101","daily_mods":["Specialized","Vintage","Midas"],"is_ascension_mode":false,"campfire_choices":[{"floor":6,"key":"REST"},{"floor":8,"key":"REST"},{"floor":12,"key":"REST"},{"floor":15,"key":"REST"},{"data":"1","floor":32,"key":"LIFT"},{"data":"2","floor":44,"key":"LIFT"},{"data":"3","floor":49,"key":"LIFT"}],"neow_cost":"","seed_source_timestamp":0,"circlet_count":0,"master_deck":["Strike_B+1","Strike_B","Strike_B","Strike_B","Defend_B","Defend_B","Defend_B","Defend_B","Zap","Dualcast","Rebound","Rebound","Rebound+1","Gash","Self Repair","Conserve Battery","Stack","Streamline+1","Conserve Battery+1","Ball Lightning+1","Gash+1","Echo Form","Self Repair","Loop"],"special_seed":18004,"relics":["Cracked Core","Dodecahedron","Blood Vial","Shuriken","Meat on the Bone","Boot","Bottled Lightning","Regal Pillow","Ancient Tea Set","Happy Flower","Empty Cage","Centennial Puzzle","Toxic Egg 2","Molten Egg 2","Oddly Smooth Stone","Bag of Marbles","Sling","Pen Nib","Girya","Pear","Smiling Mask","Mango","DollysMirror","Strawberry","Dream Catcher","Omamori","Nuclear Battery","Sundial","Bag of Preparation","Mummified Hand","Mercury Hourglass","Gremlin Horn","FossilizedHelix","Ginger","Lantern","Ornamental Fan","Incense Burner","Art of War","Bottled Tornado"],"potions_floor_usage":[24,24,33,33],"damage_taken":[{"damage":2,"enemies":"Small Slimes","floor":1,"turns":2},{"damage":0,"enemies":"2 Louse","floor":4,"turns":2},{"damage":11,"enemies":"Jaw Worm","floor":5,"turns":2},{"damage":17,"enemies":"Lagavulin","floor":7,"turns":6},{"damage":2,"enemies":"2 Fungi Beasts","floor":10,"turns":3},{"damage":1,"enemies":"Gremlin Gang","floor":11,"turns":4},{"damage":4,"enemies":"Exordium Wildlife","floor":13,"turns":3},{"damage":3,"enemies":"Lots of Slimes","floor":14,"turns":3},{"damage":66,"enemies":"The Guardian","floor":16,"turns":10},{"damage":24,"enemies":"3 Byrds","floor":18,"turns":6},{"damage":3,"enemies":"Chosen","floor":21,"turns":4},{"damage":32,"enemies":"Gremlin Leader","floor":23,"turns":6},{"damage":6,"enemies":"Snecko","floor":24,"turns":5},{"damage":14,"enemies":"3 Cultists","floor":25,"turns":6},{"damage":8,"enemies":"Centurion and Healer","floor":27,"turns":7},{"damage":20,"enemies":"Sentry and Sphere","floor":30,"turns":5},{"damage":18,"enemies":"Cultist and Chosen","floor":31,"turns":5},{"damage":57,"enemies":"Champ","floor":33,"turns":12},{"damage":24,"enemies":"3 Darklings","floor":35,"turns":4},{"damage":5,"enemies":"3 Shapes","floor":36,"turns":4},{"damage":2,"enemies":"Transient","floor":39,"turns":5},{"damage":15,"enemies":"Giant Head","floor":40,"turns":6},{"damage":10,"enemies":"Sphere and 2 Shapes","floor":41,"turns":4},{"damage":18,"enemies":"Nemesis","floor":45,"turns":5},{"damage":0,"enemies":"3 Darklings","floor":46,"turns":4},{"damage":0,"enemies":"Spire Growth","floor":47,"turns":3},{"damage":44,"enemies":"Donu and Deca","floor":50,"turns":9}],"seed_played":"-4024911570082513858","potions_obtained":[{"floor":10,"key":"Energy Potion"},{"floor":11,"key":"FocusPotion"},{"floor":13,"key":"FocusPotion"},{"floor":21,"key":"Block Potion"},{"floor":31,"key":"SpeedPotion"},{"floor":33,"key":"AttackPotion"},{"floor":36,"key":"Block Potion"},{"floor":39,"key":"SpeedPotion"}],"is_trial":false,"path_per_floor":["M","$","?","M","M","R","E","R","T","M","M","R","M","M","R","B",null,"M","?","?","M","$","E","M","M","T","M","?","$","M","M","R","B",null,"M","M","?","$","M","E","M","$","T","R","E","M","M","?","R","B",null],"character_chosen":"DEFECT","items_purchased":["Gash","Self Repair","Conserve Battery","Oddly Smooth Stone","Streamline+1","Conserve Battery+1","Bag of Marbles","Sling","DollysMirror","Strawberry","Mummified Hand","Mercury Hourglass","Self Repair","Lantern"],"campfire_rested":4,"item_purchase_floors":[2,2,2,22,22,22,22,22,29,29,38,38,42,42],"current_hp_per_floor":[73,73,58,58,56,75,65,75,75,75,75,75,71,70,75,28,75,58,58,44,50,50,39,54,59,59,74,64,71,72,63,63,27,111,94,98,98,98,111,110,108,108,108,108,106,111,111,111,111,88],"gold":195,"neow_bonus":"","is_prod":false,"is_daily":true,"chose_seed":false,"campfire_upgraded":0,"win_rate":0,"timestamp":1555610461,"path_taken":["M","$","?","M","M","R","E","R","T","M","M","R","M","M","R","BOSS","M","?","?","M","$","E","M","M","T","M","?","$","M","?","R","BOSS","M","M","?","$","M","E","?","?","T","R","E","M","M","?","R","BOSS"],"build_version":"2019-01-23","purchased_purges":1,"victory":true,"max_hp_per_floor":[75,75,75,75,75,75,75,75,75,75,75,75,75,75,75,75,75,75,75,80,80,80,80,80,90,90,104,104,111,111,111,111,111,111,111,111,111,111,111,111,111,111,111,111,111,111,111,111,111,111],"card_choices":[{"not_picked":["Steam Power","Rip and Tear"],"picked":"Stack","floor":7},{"not_picked":["Amplify","Fission"],"picked":"Rainbow","floor":16},{"not_picked":["Melter+1","Loop"],"picked":"Ball Lightning+1","floor":23},{"not_picked":["Multi-Cast+1","Electrodynamics"],"picked":"Echo Form","floor":33},{"not_picked":["Turbo+1","Aggregate+1","Compile Driver+1"],"picked":"SKIP","floor":40},{"not_picked":["Compile Driver+1","Ball Lightning+1"],"picked":"Loop","floor":45}],"player_experience":92203,"relics_obtained":[{"floor":1,"key":"Dodecahedron"},{"floor":4,"key":"Blood Vial"},{"floor":5,"key":"Shuriken"},{"floor":7,"key":"Meat on the Bone"},{"floor":9,"key":"Boot"},{"floor":10,"key":"Bottled Lightning"},{"floor":11,"key":"Regal Pillow"},{"floor":13,"key":"Ancient Tea Set"},{"floor":14,"key":"Happy Flower"},{"floor":18,"key":"Centennial Puzzle"},{"floor":21,"key":"Molten Egg 2"},{"floor":23,"key":"Pen Nib"},{"floor":24,"key":"Girya"},{"floor":25,"key":"Pear"},{"floor":26,"key":"Smiling Mask"},{"floor":27,"key":"Mango"},{"floor":30,"key":"Dream Catcher"},{"floor":31,"key":"Omamori"},{"floor":35,"key":"Sundial"},{"floor":36,"key":"Bag of Preparation"},{"floor":39,"key":"Gremlin Horn"},{"floor":40,"key":"FossilizedHelix"},{"floor":41,"key":"Ginger"},{"floor":43,"key":"Ornamental Fan"},{"floor":45,"key":"Incense Burner"},{"floor":46,"key":"Art of War"},{"floor":47,"key":"Bottled Tornado"}],"event_choices":[{"damage_healed":0,"gold_gain":0,"player_choice":"Entered Light","damage_taken":15,"max_hp_gain":0,"max_hp_loss":0,"event_name":"Shining Light","floor":3,"gold_loss":0,"cards_upgraded":["Rebound","Strike_B"]},{"damage_healed":0,"gold_gain":0,"player_choice":"Opened","damage_taken":0,"relics_obtained":["Toxic Egg 2"],"max_hp_gain":0,"max_hp_loss":0,"event_name":"The Mausoleum","floor":19,"gold_loss":0,"cards_obtained":["Writhe"]},{"damage_healed":0,"gold_gain":0,"player_choice":"Shed Blood","damage_taken":19,"max_hp_gain":5,"max_hp_loss":0,"event_name":"Forgotten Altar","floor":20,"gold_loss":0},{"damage_healed":0,"gold_gain":0,"player_choice":"Damaged","damage_taken":10,"max_hp_gain":0,"max_hp_loss":0,"event_name":"Wheel of Change","floor":28,"gold_loss":0},{"cards_removed":["Rainbow"],"damage_healed":0,"gold_gain":0,"player_choice":"Purged","damage_taken":0,"max_hp_gain":0,"max_hp_loss":0,"event_name":"Purifier","floor":37,"gold_loss":0},{"damage_healed":0,"gold_gain":0,"player_choice":"Ignored","damage_taken":0,"max_hp_gain":0,"max_hp_loss":0,"event_name":"SecretPortal","floor":48,"gold_loss":0}],"is_beta":false,"boss_relics":[{"not_picked":["Velvet Choker","Philosopher\u0027s Stone"],"picked":"Empty Cage"},{"not_picked":["Black Star","Pandora\u0027s Box"],"picked":"Nuclear Battery"}],"items_purged_floors":[22],"is_endless":false,"potions_floor_spawned":[10,11,13,16,21,23,31,33,36,39,41,47],"ascension_level":0}