{"gold_per_floor":[110,123,137,152,0,26,26,58,58,73,23,33,33,64,64,164,164,177,24,40,50,50,83,83,101,101,126,145,145,160,189,189,287,287,301,319,319,330,375,409,420,445,445,181,210,229,229,37,37,37,37,37,11,40,40],"floor_reached":56,"playtime":4239,"items_purged":["Strike_B"],"score":1607,"play_id":"edc14311-8c62-41b0-ae0b-3e31af163e32","local_time":"20190309052945","is_ascension_mode":true,"campfire_choices":[{"data":"Hello World","floor":7,"key":"SMITH"},{"data":"Defragment","floor":13,"key":"SMITH"},{"data":"Darkness","floor":15,"key":"SMITH"},{"data":"Dualcast","floor":24,"key":"SMITH"},{"data":"Go for the Eyes","floor":29,"key":"SMITH"},{"data":"Multi-Cast","floor":32,"key":"SMITH"},{"floor":49,"key":"RECALL"},{"data":"Glacier","floor":52,"key":"SMITH"}],"neow_cost":"NONE","seed_source_timestamp":138093627893150,"circlet_count":0,"master_deck":["Defend_B+1","Defend_B+1","Defend_B+1","Defend_B+1","Zap+1","Dualcast+1","Rainbow+1","Genetic Algorithm+1","Conserve Battery+1","Ball Lightning+1","Hello World+1","Go for the Eyes+1","Core Surge+1","Defragment+1","Darkness+1","Conserve Battery+1","Multi-Cast+1","Defragment+1","Steam Power+1","Coolheaded+1","Steam+1","Genetic Algorithm+1","Meteor Strike+1","Electrodynamics+1","Conserve Battery+1","Machine Learning+1","Auto Shields+1","Turbo+1","Chill+1","Cold Snap+1","Coolheaded+1","Darkness+1","White Noise+1","Loop+1","BootSequence+1","Lockon+1","Glacier+1","Hologram","White Noise+1"],"relics":["Cracked Core","War Paint","Symbiotic Virus","Gambling Chip","Coffee Dripper","Unceasing Top","Mercury Hourglass","Pocketwatch","Dream Catcher","Nuclear Battery","Ice Cream","Gremlin Horn","Question Card","Blood Vial","Lee\u0027s Waffle","PreservedInsect","Mark of the Bloom","Lantern","Oddly Smooth Stone"],"potions_floor_usage":[23,33,55,55],"damage_taken":[{"damage":0,"enemies":"Cultist","floor":1,"turns":3},{"damage":0,"enemies":"2 Louse","floor":2,"turns":3},{"damage":1,"enemies":"Jaw Worm","floor":3,"turns":5},{"damage":0,"enemies":"Looter","floor":4,"turns":3},{"damage":16,"enemies":"3 Sentries","floor":6,"turns":6},{"damage":6,"enemies":"Gremlin Nob","floor":8,"turns":4},{"damage":2,"enemies":"Blue Slaver","floor":10,"turns":3},{"damage":0,"enemies":"3 Louse","floor":12,"turns":2},{"damage":9,"enemies":"Lagavulin","floor":14,"turns":5},{"damage":0,"enemies":"Hexaghost","floor":16,"turns":7},{"damage":14,"enemies":"2 Thieves","floor":18,"turns":3},{"damage":0,"enemies":"Spheric Guardian","floor":20,"turns":3},{"damage":0,"enemies":"Snake Plant","floor":21,"turns":3},{"damage":15,"enemies":"Gremlin Leader","floor":23,"turns":7},{"damage":0,"enemies":"Sentry and Sphere","floor":25,"turns":3},{"damage":7,"enemies":"Book of Stabbing","floor":27,"turns":5},{"damage":0,"enemies":"Cultist and Chosen","floor":28,"turns":4},{"damage":0,"enemies":"Centurion and Healer","floor":30,"turns":3},{"damage":8,"enemies":"Slavers","floor":31,"turns":4},{"damage":0,"enemies":"Champ","floor":33,"turns":13},{"damage":0,"enemies":"Orb Walker","floor":35,"turns":2},{"damage":0,"enemies":"3 Shapes","floor":36,"turns":3},{"damage":0,"enemies":"3 Darklings","floor":38,"turns":3},{"damage":24,"enemies":"2 Orb Walkers","floor":39,"turns":5},{"damage":0,"enemies":"Reptomancer","floor":40,"turns":5},{"damage":19,"enemies":"Writhing Mass","floor":41,"turns":5},{"damage":3,"enemies":"Giant Head","floor":42,"turns":6},{"damage":0,"enemies":"Reptomancer","floor":45,"turns":3},{"damage":0,"enemies":"Jaw Worm Horde","floor":46,"turns":2},{"damage":0,"enemies":"Awakened One","floor":50,"turns":11},{"damage":0,"enemies":"Shield and Spear","floor":54,"turns":4},{"damage":28,"enemies":"The Heart","floor":55,"turns":8}],"seed_played":"6248324456548768203","potions_obtained":[{"floor":3,"key":"Explosive Potion"},{"floor":6,"key":"Energy Potion"},{"floor":8,"key":"Regen Potion"},{"floor":25,"key":"SpeedPotion"},{"floor":27,"key":"Dexterity Potion"},{"floor":33,"key":"Fire Potion"},{"floor":35,"key":"Ancient Potion"},{"floor":54,"key":"LiquidBronze"}],"is_trial":false,"path_per_floor":["M","M","M","M","$","E","R","E","T","M","?","M","R","E","R","B",null,"M","$","M","M","?","E","R","M","T","E","M","R","M","E","R","B",null,"M","M","?","M","?","E","M","E","T","$","E","M","?","$","R","B",null,"R","$","E","B",null],"character_chosen":"DEFECT","items_purchased":["Hello World","Regen Potion","Steam Power","Loop","Lee\u0027s Waffle","Glacier","Lantern","Hologram"],"campfire_rested":0,"item_purchase_floors":[5,5,19,44,44,48,48,53],"current_hp_per_floor":[75,75,74,74,74,58,58,52,52,50,50,50,50,41,41,41,75,61,61,61,61,61,46,46,46,46,39,39,39,39,31,31,31,75,75,75,75,75,51,51,32,29,29,82,82,82,82,82,82,82,82,82,82,82,54],"gold":40,"neow_bonus":"ONE_RANDOM_RARE_CARD","is_prod":false,"is_daily":false,"chose_seed":false,"campfire_upgraded":7,"win_rate":0,"timestamp":1552127385,"path_taken":["M","?","?","M","$","E","R","E","T","M","?","M","R","E","R","BOSS","M","$","M","M","?","E","R","M","T","E","M","R","M","E","R","BOSS","M","M","?","M","?","E","M","E","T","$","E","M","?","$","R","BOSS","R","$","E","BOSS"],"build_version":"2019-02-06","purchased_purges":1,"victory":true,"max_hp_per_floor":[75,75,75,75,75,75,75,75,75,75,75,75,75,75,75,75,75,75,75,75,75,75,75,75,75,75,75,75,75,75,75,75,75,75,75,75,75,75,75,75,75,75,75,82,82,82,82,82,82,82,82,82,82,82,82],"card_choices":[{"not_picked":["Coolheaded","Gash"],"picked":"Genetic Algorithm","floor":1},{"not_picked":["Redo","Barrage","Scrape"],"picked":"SKIP","floor":2},{"not_picked":["Rebound","Thunder Strike"],"picked":"Conserve Battery","floor":3},{"not_picked":["Reprogram","Compile Driver"],"picked":"Ball Lightning","floor":4},{"not_picked":["Barrage","White Noise"],"picked":"Go for the Eyes","floor":6},{"not_picked":["Reboot","Genetic Algorithm"],"picked":"Core Surge","floor":8},{"not_picked":["Streamline","Hologram"],"picked":"Defragment","floor":10},{"not_picked":["White Noise","Tempest"],"picked":"Darkness","floor":12},{"not_picked":["Genetic Algorithm","Rebound"],"picked":"Conserve Battery","floor":14},{"not_picked":["Core Surge","Echo Form"],"picked":"Multi-Cast","floor":16},{"not_picked":["Capacitor","Stack"],"picked":"Defragment+1","floor":18},{"not_picked":["Doom and Gloom","Static Discharge+1"],"picked":"Coolheaded","floor":20},{"not_picked":["Gash","Reprogram"],"picked":"Steam","floor":21},{"not_picked":["Conserve Battery","Barrage+1","Stack+1"],"picked":"SKIP","floor":23},{"not_picked":["Beam Cell+1","Gash","Aggregate"],"picked":"SKIP","floor":25},{"not_picked":["Coolheaded","Rip and Tear+1"],"picked":"Electrodynamics","floor":27},{"not_picked":["Turbo+1","Melter"],"picked":"Conserve Battery+1","floor":28},{"not_picked":["Darkness+1","Stack","Rip and Tear+1"],"picked":"SKIP","floor":30},{"not_picked":["Sunder","Conserve Battery","Storm"],"picked":"SKIP","floor":31},{"not_picked":["Amplify","Meteor Strike"],"picked":"Machine Learning","floor":33},{"not_picked":["Blizzard","Consume"],"picked":"Auto Shields+1","floor":35},{"not_picked":["Streamline+1","Beam Cell+1"],"picked":"Turbo+1","floor":36},{"not_picked":["Stack+1","Hello World+1"],"picked":"Chill","floor":38},{"not_picked":["Lockon","Ball Lightning"],"picked":"Cold Snap","floor":39},{"not_picked":["Conserve Battery+1","Rebound+1"],"picked":"Coolheaded","floor":40},{"not_picked":["Streamline+1","Consume+1"],"picked":"Darkness","floor":41},{"not_picked":["Redo","Streamline+1"],"picked":"White Noise+1","floor":42},{"not_picked":["Conserve Battery","Hologram+1","Undo"],"picked":"BootSequence+1","floor":45},{"not_picked":["Hello World+1","Sunder","Beam Cell"],"picked":"Lockon","floor":46},{"not_picked":["Aggregate","Seek","Cold Snap"],"picked":"White Noise+1","floor":54}],"player_experience":4870413,"relics_obtained":[{"floor":6,"key":"War Paint"},{"floor":8,"key":"Symbiotic Virus"},{"floor":14,"key":"Gambling Chip"},{"floor":23,"key":"Unceasing Top"},{"floor":26,"key":"Mercury Hourglass"},{"floor":27,"key":"Pocketwatch"},{"floor":31,"key":"Dream Catcher"},{"floor":39,"key":"Ice Cream"},{"floor":40,"key":"Gremlin Horn"},{"floor":42,"key":"Question Card"},{"floor":43,"key":"Blood Vial"},{"floor":45,"key":"PreservedInsect"},{"floor":54,"key":"Oddly Smooth Stone"}],"event_choices":[{"cards_removed":["Strike_B"],"damage_healed":0,"gold_gain":0,"player_choice":"Card Removal","damage_taken":0,"max_hp_gain":0,"max_hp_loss":0,"event_name":"The Cleric","floor":11,"gold_loss":50},{"damage_healed":0,"gold_gain":0,"cards_transformed":["Strike_B","Strike_B"],"player_choice":"Became Test Subject","damage_taken":0,"max_hp_gain":0,"max_hp_loss":0,"event_name":"Drug Dealer","floor":22,"gold_loss":0,"cards_obtained":["Genetic Algorithm","Meteor Strike"]},{"damage_healed":0,"gold_gain":0,"player_choice":"Ignored","damage_taken":0,"max_hp_gain":0,"max_hp_loss":0,"event_name":"Tomb of Lord Red Mask","floor":37,"gold_loss":0},{"damage_healed":0,"gold_gain":0,"player_choice":"Fight","damage_taken":0,"max_hp_gain":0,"max_hp_loss":0,"event_name":"Mysterious Sphere","floor":39,"gold_loss":0},{"damage_healed":0,"gold_gain":0,"player_choice":"Upgrade","damage_taken":0,"relics_obtained":["Mark of the Bloom"],"max_hp_gain":0,"max_hp_loss":0,"event_name":"MindBloom","floor":47,"gold_loss":0,"cards_upgraded":["Defend_B","Defend_B","Defend_B","Zap","Rainbow","Conserve Battery","Ball Lightning","Core Surge","Conserve Battery","Steam Power","Coolheaded","Steam","Genetic Algorithm","Meteor Strike","Electrodynamics","Machine Learning","Chill","Cold Snap","Coolheaded","Darkness","Loop","Lockon"]}],"is_beta":true,"boss_relics":[{"not_picked":["White Beast Statue","Empty Cage"],"picked":"Coffee Dripper"},{"not_picked":["Fusion Hammer","Runic Pyramid"],"picked":"Nuclear Battery"}],"items_purged_floors":[19],"is_endless":false,"potions_floor_spawned":[3,6,8,12,18,25,27,33,35,36,40,46,54],"ascension_level":1}