{"path_per_floor":["M","?","?","M","M","E","R","M","T","?","T","$","?","E","R","B",null,"M","$","?","$","M","R","M","R","T","M","E","M","R","?","R","B",null,"M","M","?","?","M","R","E","?","T"],"character_chosen":"THE_SILENT","items_purchased":["Lantern","Poisoned Stab","Footwork","Noxious Fumes"],"gold_per_floor":[109,109,109,129,139,164,164,176,257,257,307,26,26,59,59,159,159,178,111,26,26,36,36,54,54,54,64,95,106,106,31,31,133,133,143,160,160,160,173,173,206,206,206,206],"floor_reached":44,"campfire_rested":6,"playtime":2887,"current_hp_per_floor":[70,70,70,66,61,38,59,57,57,80,87,87,87,78,87,33,87,53,53,53,53,30,64,52,87,87,63,44,41,77,77,87,25,87,87,58,58,58,45,85,24,19,19,0],"items_purged":[],"gold":206,"score":514,"play_id":"f8da995d-9c67-457d-85a1-91da49bdb903","local_time":"20180507015810","is_prod":false,"is_daily":false,"chose_seed":false,"is_ascension_mode":false,"campfire_upgraded":1,"timestamp":1525669090,"path_taken":["M","?","?","?","M","E","R","M","T","?","?","$","?","E","R","BOSS","M","?","?","$","M","R","M","R","T","M","E","?","R","?","R","BOSS","M","M","?","?","?","R","E","?","T","E"],"build_version":"2018-05-03","seed_source_timestamp":638270444164923,"purchased_purges":0,"victory":false,"master_deck":["Defend_G","Defend_G","Defend_G","Defend_G+1","Defend_G","Strike_G","Strike_G","Strike_G","Strike_G","Survivor","Neutralize","Footwork+1","Prepared","Flying Knee","Prepared","Poisoned Stab","Footwork+1","Backstab","Doppelganger","Dagger Spray","Noxious Fumes+1","Flying Knee+1","Deflect+1","Noxious Fumes+1","Outmaneuver+1","Deadly Poison","Die Die Die","Distraction+1","Crippling Poison+1","Backstab+1","After Image","Dagger Throw","Backflip+1","Dodge and Roll+1","Dagger Spray+1","Skewer+1","Finesse","Enlightenment"],"max_hp_per_floor":[70,70,70,70,70,70,70,70,70,80,87,87,87,87,87,87,87,87,87,87,87,87,87,87,87,87,87,87,87,87,87,87,87,87,87,87,87,87,87,87,87,87,87,87],"relics":["Ring of the Snake","Bird Faced Urn","Anchor","Mercury Hourglass","Strawberry","Lantern","Ancient Tea Set","Eternal Feather","Matryoshka","Ninja Scroll","Oddly Smooth Stone","Orichalcum","Orrery","Dodecahedron","War Paint","Ginger"],"card_choices":[{"not_picked":["Sucker Punch","Choke"],"picked":"Footwork","floor":1},{"not_picked":["Bouncing Flask","Acrobatics"],"picked":"Prepared","floor":4},{"not_picked":["Endless Agony","Blur"],"picked":"Flying Knee","floor":5},{"not_picked":["Reflex","Skewer"],"picked":"Prepared","floor":6},{"not_picked":["Quick Slash","Prepared"],"picked":"Envenom","floor":8},{"not_picked":["Flechettes","Acrobatics"],"picked":"Backstab","floor":14},{"not_picked":["Envenom","A Thousand Cuts"],"picked":"Doppelganger","floor":16},{"not_picked":["Backflip","Prepared"],"picked":"Dagger Spray","floor":18},{"not_picked":["Endless Agony","Deflect"],"picked":"Flying Knee","floor":22},{"not_picked":["Flechettes","Acrobatics"],"picked":"Deflect","floor":24},{"not_picked":["Well Laid Plans","Dagger Spray"],"picked":"Noxious Fumes","floor":27},{"not_picked":["PiercingWail","Leg Sweep"],"picked":"Outmaneuver","floor":28},{"not_picked":["Endless Agony","Dodge and Roll"],"picked":"Deadly Poison","floor":29},{"not_picked":["Glass Knife","Wraith Form v2"],"picked":"Die Die Die","floor":33},{"not_picked":["Outmaneuver","Flying Knee"],"picked":"Distraction","floor":34},{"not_picked":["Backflip","Bouncing Flask"],"picked":"Crippling Poison","floor":34},{"not_picked":["Dagger Spray","Dodge and Roll"],"picked":"Backstab","floor":34},{"not_picked":["Deadly Poison","Quick Slash"],"picked":"After Image","floor":34},{"not_picked":["Malaise","Flying Knee"],"picked":"Dagger Throw","floor":34},{"not_picked":["Leg Sweep","Underhanded Strike"],"picked":"Backflip","floor":35},{"not_picked":["Eviscerate","Backflip"],"picked":"Dodge and Roll","floor":36},{"not_picked":["PiercingWail","Dash"],"picked":"Dagger Spray","floor":39},{"not_picked":["Envenom","Dodge and Roll"],"picked":"Skewer","floor":41},{"not_picked":["Thinking Ahead","Flash of Steel"],"picked":"Finesse","floor":42},{"not_picked":["Panacea","Master of Strategy"],"picked":"Enlightenment","floor":42}],"player_experience":1847,"potions_floor_usage":[6,16,16,28,33,33,44],"damage_taken":[{"damage":0,"enemies":"2 Louse","floor":1,"turns":3},{"damage":4,"enemies":"Cultist","floor":4,"turns":6},{"damage":5,"enemies":"Small Slimes","floor":5,"turns":4},{"damage":25,"enemies":"Lagavulin","floor":6,"turns":11},{"damage":4,"enemies":"3 Louse","floor":8,"turns":4},{"damage":11,"enemies":"Gremlin Nob","floor":14,"turns":5},{"damage":54,"enemies":"Hexaghost","floor":16,"turns":16},{"damage":38,"enemies":"Spheric Guardian","floor":18,"turns":7},{"damage":29,"enemies":"2 Thieves","floor":22,"turns":5},{"damage":18,"enemies":"Snecko","floor":24,"turns":6},{"damage":24,"enemies":"Chosen and Byrds","floor":27,"turns":6},{"damage":27,"enemies":"Gremlin Leader","floor":28,"turns":7},{"damage":11,"enemies":"Snake Plant","floor":29,"turns":5},{"damage":79,"enemies":"Automaton","floor":33,"turns":11},{"damage":0,"enemies":"3 Shapes","floor":35,"turns":4},{"damage":33,"enemies":"Flame Bruiser 1 Orb","floor":36,"turns":6},{"damage":17,"enemies":"3 Darklings","floor":39,"turns":4},{"damage":67,"enemies":"2 Orb Walkers","floor":41,"turns":6},{"damage":30,"enemies":"Nemesis","floor":44,"turns":3}],"event_choices":[{"event_name":"The Cleric","player_choice":"Leave","floor":2,"damage_taken":0},{"event_name":"Big Fish","player_choice":"Box","floor":3,"damage_taken":0},{"event_name":"Bonfire Elementals","player_choice":"RARE","floor":10,"damage_taken":0},{"event_name":"Upgrade Shrine","player_choice":"Upgraded","floor":13,"damage_taken":0},{"event_name":"Addict","player_choice":"Obtained Relic","floor":20,"damage_taken":0},{"event_name":"Beggar","player_choice":"Gave Gold","floor":31,"damage_taken":0},{"event_name":"Upgrade Shrine","player_choice":"Upgraded","floor":38,"damage_taken":0},{"event_name":"SensoryStone","player_choice":"Memory 2","floor":42,"damage_taken":0}],"boss_relics":[{"not_picked":["White Beast Statue","Velvet Choker"],"picked":"Eternal Feather"},{"not_picked":["Astrolabe","Runic Pyramid"],"picked":"Orrery"}],"potions_floor_spawned":[1,6,14,24,27,29,36],"seed_played":"4700596692958985399","killed_by":"Nemesis","ascension_level":0,"is_trial":false}