{"gold_per_floor":[114,114,114,132,149,149,178,178,178,192,192,192,367,386,386,481,481,497,497,497,509,535,535],"floor_reached":23,"playtime":476,"items_purged":[],"score":255,"play_id":"6650e79e-b6c8-4577-83e7-27805b509a10","local_time":"20190126212615","is_ascension_mode":true,"campfire_choices":[{"data":"Havoc","floor":6,"key":"SMITH"},{"data":"Havoc","floor":8,"key":"SMITH"},{"floor":12,"key":"REST"},{"floor":15,"key":"REST"}],"neow_cost":"NONE","seed_source_timestamp":343762220063909,"circlet_count":0,"master_deck":["Strike_R","Strike_R","Strike_R","Strike_R","Strike_R","Defend_R","Defend_R","Defend_R","Defend_R+1","Bash+1","Havoc+1","Thunderclap","Havoc+1","Shockwave","Infernal Blade+1","Sever Soul+1","Doubt","Carnage+1","Reaper+1","Sentinel+1","Havoc+1"],"relics":["Black Blood","Ornamental Fan","Ginger","Molten Egg 2","Boot"],"potions_floor_usage":[10,23],"damage_taken":[{"damage":6,"enemies":"Cultist","floor":1,"turns":4},{"damage":6,"enemies":"2 Louse","floor":4,"turns":3},{"damage":2,"enemies":"Jaw Worm","floor":5,"turns":3},{"damage":33,"enemies":"Lagavulin","floor":7,"turns":7},{"damage":9,"enemies":"Exordium Wildlife","floor":10,"turns":4},{"damage":8,"enemies":"Looter","floor":14,"turns":3},{"damage":43,"enemies":"Hexaghost","floor":16,"turns":9},{"damage":33,"enemies":"Spheric Guardian","floor":18,"turns":4},{"damage":0,"enemies":"Chosen","floor":21,"turns":3},{"damage":55,"enemies":"Book of Stabbing","floor":23,"turns":4}],"seed_played":"-1345459847912568127","potions_obtained":[{"floor":1,"key":"Ancient Potion"},{"floor":7,"key":"Weak Potion"},{"floor":16,"key":"Dexterity Potion"}],"is_trial":false,"path_per_floor":["M","T","?","M","M","R","E","R","T","M","?","R","?","M","R","B",null,"M","?","?","M","T","E"],"character_chosen":"IRONCLAD","items_purchased":[],"campfire_rested":2,"item_purchase_floors":[],"current_hp_per_floor":[72,72,72,72,76,76,49,49,49,46,30,54,54,52,76,39,70,47,32,32,47,47,0],"gold":535,"neow_bonus":"THREE_CARDS","is_prod":false,"is_daily":false,"chose_seed":false,"campfire_upgraded":2,"win_rate":0,"timestamp":1548548775,"path_taken":["M","?","?","M","?","R","E","R","T","M","?","R","?","M","R","BOSS","M","?","?","?","?","E"],"build_version":"2019-01-23","purchased_purges":0,"victory":false,"max_hp_per_floor":[80,80,80,80,80,80,80,80,80,80,80,80,80,80,80,80,80,80,85,85,85,85,85],"card_choices":[{"not_picked":["Headbutt","Pummel"],"picked":"Havoc","floor":0},{"not_picked":["Blood for Blood","Clothesline"],"picked":"Thunderclap","floor":1},{"not_picked":["Iron Wave","Clash"],"picked":"Havoc","floor":4},{"not_picked":["Sword Boomerang","Warcry"],"picked":"Shockwave","floor":5},{"not_picked":["Iron Wave","Rampage"],"picked":"Infernal Blade","floor":7},{"not_picked":["Dual Wield","Disarm"],"picked":"Sever Soul+1","floor":10},{"not_picked":["Cleave+1","Sentinel"],"picked":"Carnage+1","floor":14},{"not_picked":["Limit Break","Double Tap"],"picked":"Reaper+1","floor":16},{"not_picked":["Cleave+1","Clash+1"],"picked":"Sentinel+1","floor":18},{"not_picked":["Evolve","Ghostly Armor"],"picked":"Havoc+1","floor":21}],"player_experience":677145,"relics_obtained":[{"floor":2,"key":"Ornamental Fan"},{"floor":7,"key":"Ginger"},{"floor":9,"key":"Molten Egg 2"},{"floor":22,"key":"Boot"}],"event_choices":[{"damage_healed":0,"gold_gain":0,"player_choice":"Ignored","damage_taken":0,"max_hp_gain":0,"max_hp_loss":0,"event_name":"Golden Wing","floor":3,"gold_loss":0},{"damage_healed":0,"gold_gain":0,"player_choice":"Entered Light","damage_taken":16,"max_hp_gain":0,"max_hp_loss":0,"event_name":"Shining Light","floor":11,"gold_loss":0,"cards_upgraded":["Bash","Defend_R"]},{"damage_healed":0,"gold_gain":175,"player_choice":"AGREE","damage_taken":0,"max_hp_gain":0,"max_hp_loss":0,"event_name":"Liars Game","floor":13,"gold_loss":0,"cards_obtained":["Doubt"]},{"damage_healed":0,"gold_gain":0,"player_choice":"Shed Blood","damage_taken":20,"max_hp_gain":5,"max_hp_loss":0,"event_name":"Forgotten Altar","floor":19,"gold_loss":0},{"damage_healed":0,"gold_gain":0,"player_choice":"Forge","damage_taken":0,"max_hp_gain":0,"max_hp_loss":0,"event_name":"Accursed Blacksmith","floor":20,"gold_loss":0,"cards_upgraded":["Infernal Blade"]}],"is_beta":false,"boss_relics":[{"not_picked":["Cursed Key","Calling Bell"],"picked":"Black Blood"}],"items_purged_floors":[],"is_endless":false,"potions_floor_spawned":[1,7,16],"killed_by":"Book of Stabbing","ascension_level":7}