{"gold_per_floor":[116,136,148,148,163,163,190,204,204,204,204,234,234,253,253,331,331,331,274,274,274,274,274,33,33,33,33,33],"floor_reached":28,"playtime":1417,"items_purged":["Strike_G"],"score":500,"play_id":"fb1af5da-b110-4618-aebf-58e2e8eec8b4","local_time":"20190419181618","is_ascension_mode":true,"campfire_choices":[{"data":"Neutralize","floor":6.0,"key":"SMITH"},{"floor":10.0,"key":"REST"},{"data":"Infinite Blades","floor":15.0,"key":"SMITH"},{"floor":23,"key":"REST"}],"neow_cost":"NONE","seed_source_timestamp":695721956857300,"circlet_count":0,"master_deck":["AscendersBane","Defend_G","Defend_G","Defend_G","Defend_G","Defend_G","Strike_G","Strike_G","Strike_G","Strike_G","Survivor","Neutralize+1","Predator","Dagger Throw","Bouncing Flask","Infinite Blades+1","Catalyst","Dash","Quick Slash+1","Well Laid Plans","Burst","PiercingWail","Footwork","Deadly Poison","Glass Knife+1","Poisoned Stab+1","Crippling Poison"],"special_seed":0,"relics":["Ring of the Snake","Question Card","Molten Egg 2","Oddly Smooth Stone","Ectoplasm","Ice Cream","Mummified Hand"],"potions_floor_usage":[18,25,27,27],"damage_taken":[{"damage":11.0,"enemies":"Jaw Worm","floor":1.0,"turns":8.0},{"damage":0.0,"enemies":"Small Slimes","floor":2.0,"turns":3.0},{"damage":0.0,"enemies":"2 Louse","floor":3.0,"turns":3.0},{"damage":4.0,"enemies":"Red Slaver","floor":5.0,"turns":3.0},{"damage":20.0,"enemies":"Lagavulin","floor":7.0,"turns":6.0},{"damage":26.0,"enemies":"Lots of Slimes","floor":8.0,"turns":5.0},{"damage":21.0,"enemies":"3 Sentries","floor":12.0,"turns":10.0},{"damage":1.0,"enemies":"Exordium Wildlife","floor":14.0,"turns":4.0},{"damage":20.0,"enemies":"Hexaghost","floor":16.0,"turns":9.0},{"damage":4,"enemies":"Spheric Guardian","floor":18,"turns":5},{"damage":5,"enemies":"Shell Parasite","floor":21,"turns":7},{"damage":18,"enemies":"3 Cultists","floor":22,"turns":7},{"damage":46,"enemies":"Slavers","floor":25,"turns":8},{"damage":0,"enemies":"Chosen and Byrds","floor":27,"turns":4},{"damage":4,"enemies":"Gremlin Leader","floor":28,"turns":2}],"seed_played":"-1895130730727048617","potions_obtained":[{"floor":1.0,"key":"Ancient Potion"},{"floor":3.0,"key":"GhostInAJar"},{"floor":12.0,"key":"GamblersBrew"},{"floor":18,"key":"Energy Potion"},{"floor":20,"key":"Block Potion"},{"floor":25,"key":"Fire Potion"}],"is_trial":false,"path_per_floor":["M","M","M","?","M","R","E","M","T","R","?","E","?","M","R","B",null,"M","$","?","M","M","R","$","E","T","M","E"],"character_chosen":"THE_SILENT","items_purchased":["PiercingWail","Glass Knife+1"],"campfire_rested":2,"item_purchase_floors":[19,24],"current_hp_per_floor":[54,54,54,54,50,50,30,4,4,25,25,4,28,27,27,7,56,52,52,52,47,29,50,50,4,4,4,0],"gold":33,"neow_bonus":"TEN_PERCENT_HP_BONUS","is_prod":false,"is_daily":false,"chose_seed":false,"campfire_upgraded":2,"win_rate":0,"timestamp":1555712178,"path_taken":["M","M","M","?","M","R","E","M","T","R","?","E","?","M","R","BOSS","M","$","?","M","M","R","$","E","T","?","E"],"build_version":"2019-04-04","purchased_purges":1,"victory":false,"max_hp_per_floor":[72,72,72,72,72,72,72,72,72,72,72,72,72,72,72,72,72,72,72,72,72,72,72,72,72,72,72,72],"card_choices":[{"not_picked":["Deflect","Backflip"],"picked":"Predator","floor":1.0},{"not_picked":["Deflect","Dodge and Roll"],"picked":"Dagger Throw","floor":2.0},{"not_picked":["Cloak And Dagger","Expertise"],"picked":"Bouncing Flask","floor":3.0},{"not_picked":["Deflect","Distraction"],"picked":"Infinite Blades","floor":5.0},{"not_picked":["Riddle With Holes","Blur"],"picked":"Catalyst","floor":7.0},{"not_picked":["Phantasmal Killer","Distraction","Dodge and Roll"],"picked":"Dash","floor":8.0},{"not_picked":["Deadly Poison","Flying Knee+1","Underhanded Strike+1"],"picked":"Quick Slash+1","floor":12.0},{"not_picked":["Deflect","Prepared","Sucker Punch+1"],"picked":"Well Laid Plans","floor":14.0},{"not_picked":["Envenom","Grand Finale+1","Wraith Form v2"],"picked":"Burst","floor":16.0},{"not_picked":["Accuracy+1","Underhanded Strike+1","Prepared","Outmaneuver"],"picked":"SKIP","floor":18},{"not_picked":["Crippling Poison","Dagger Spray+1","Outmaneuver"],"picked":"Footwork","floor":21},{"not_picked":["Underhanded Strike+1","Poisoned Stab+1","Caltrops"],"picked":"Deadly Poison","floor":22},{"not_picked":["Quick Slash+1","Expertise","Accuracy"],"picked":"Poisoned Stab+1","floor":25},{"not_picked":["Cloak And Dagger","Doppelganger","Blur"],"picked":"Crippling Poison","floor":27}],"player_experience":979382,"relics_obtained":[{"floor":7.0,"key":"Question Card"},{"floor":9.0,"key":"Molten Egg 2"},{"floor":12.0,"key":"Oddly Smooth Stone"},{"floor":25,"key":"Ice Cream"},{"floor":26,"key":"Mummified Hand"}],"event_choices":[{"damage_healed":0.0,"max_hp_gain":0.0,"max_hp_loss":0.0,"gold_gain":0.0,"event_name":"Liars Game","player_choice":"Ignored","floor":4.0,"gold_loss":0.0,"damage_taken":0.0},{"damage_healed":0.0,"max_hp_gain":0.0,"max_hp_loss":0.0,"gold_gain":0.0,"event_name":"Shining Light","player_choice":"Ignored","floor":11.0,"gold_loss":0.0,"damage_taken":0.0},{"damage_healed":24.0,"max_hp_gain":0.0,"max_hp_loss":0.0,"gold_gain":0.0,"event_name":"Big Fish","player_choice":"Banana","floor":13.0,"gold_loss":0.0,"damage_taken":0.0},{"damage_healed":0,"gold_gain":0,"player_choice":"Got Potions","damage_taken":0,"max_hp_gain":0,"max_hp_loss":0,"event_name":"Lab","floor":20,"gold_loss":0}],"is_beta":true,"boss_relics":[{"not_picked":["Ring of the Serpent","Black Star"],"picked":"Ectoplasm"}],"items_purged_floors":[24],"is_endless":false,"potions_floor_spawned":[1,3,12,18,22,25],"killed_by":"Gremlin Leader","ascension_level":20}