{"gold_per_floor":[116,131,51,51,62,62,95,106,106,181,181,181,181,211,211,284,284,295,312,312,215,228,228,260,185,209,222,222,222,239,273,273,350,350,363,253,273,285,297,297,297],"floor_reached":41,"playtime":1450,"items_purged":["Strike_R"],"score":1100,"play_id":"690b7874-3e3c-4f6a-915a-baded22e1853","local_time":"20190508204313","is_ascension_mode":true,"campfire_choices":[{"data":"Armaments","floor":6.0,"key":"SMITH"},{"floor":11.0,"key":"REST"},{"data":"Bash","floor":13.0,"key":"SMITH"},{"data":"Perfected Strike","floor":15.0,"key":"SMITH"},{"data":"Perfected Strike","floor":23.0,"key":"SMITH"},{"data":"Perfected Strike","floor":29.0,"key":"SMITH"},{"floor":32.0,"key":"REST"},{"floor":40,"key":"REST"}],"neow_cost":"NONE","seed_source_timestamp":79364025795200,"circlet_count":0,"master_deck":["AscendersBane","Strike_R+1","Strike_R+1","Strike_R","Strike_R","Defend_R","Defend_R","Defend_R+1","Defend_R","Bash+1","Perfected Strike+1","Thunderclap","Armaments+1","Wild Strike","Pommel Strike","Perfected Strike+1","Double Tap+1","Perfected Strike","Wild Strike","True Grit+1","Perfected Strike+1","Sever Soul","Immolate"],"special_seed":0,"relics":["Burning Blood","Torii","Nunchaku","CultistMask","Self Forming Clay","Snecko Eye","Nilry\u0027s Codex","Shuriken","Pen Nib","Ancient Tea Set","Matryoshka","Fusion Hammer"],"potions_floor_usage":[38,38],"damage_taken":[{"damage":4.0,"enemies":"2 Louse","floor":1.0,"turns":4.0},{"damage":2.0,"enemies":"Cultist","floor":2.0,"turns":4.0},{"damage":9.0,"enemies":"Small Slimes","floor":5.0,"turns":4.0},{"damage":28.0,"enemies":"Lagavulin","floor":7.0,"turns":7.0},{"damage":14.0,"enemies":"Red Slaver","floor":8.0,"turns":3.0},{"damage":8.0,"enemies":"Gremlin Nob","floor":14.0,"turns":3.0},{"damage":0.0,"enemies":"Slime Boss","floor":16.0,"turns":4.0},{"damage":28.0,"enemies":"2 Thieves","floor":18.0,"turns":4.0},{"damage":0.0,"enemies":"Chosen","floor":19.0,"turns":3.0},{"damage":0.0,"enemies":"Snecko","floor":22.0,"turns":3.0},{"damage":0.0,"enemies":"Gremlin Leader","floor":24.0,"turns":6.0},{"damage":14.0,"enemies":"3 Cultists","floor":27.0,"turns":4.0},{"damage":0.0,"enemies":"Centurion and Healer","floor":30.0,"turns":2.0},{"damage":0.0,"enemies":"Book of Stabbing","floor":31.0,"turns":2.0},{"damage":36.0,"enemies":"Champ","floor":33.0,"turns":5.0},{"damage":28.0,"enemies":"3 Shapes","floor":35.0,"turns":1.0},{"damage":0.0,"enemies":"Orb Walker","floor":37.0,"turns":1.0},{"damage":36,"enemies":"Writhing Mass","floor":38,"turns":5},{"damage":9,"enemies":"3 Darklings","floor":39,"turns":3},{"damage":65,"enemies":"Giant Head","floor":41,"turns":5}],"seed_played":"4809161048883342922","potions_obtained":[{"floor":2.0,"key":"Regen Potion"},{"floor":5.0,"key":"Weak Potion"},{"floor":14.0,"key":"AttackPotion"},{"floor":18.0,"key":"Weak Potion"},{"floor":22.0,"key":"Ancient Potion"},{"floor":35.0,"key":"SkillPotion"}],"is_trial":false,"path_per_floor":["M","M","$","?","M","R","E","M","T","?","R","?","R","E","R","B",null,"M","M","?","?","M","R","E","$","T","M","?","R","M","E","R","B",null,"M","?","M","M","M","R","E"],"character_chosen":"IRONCLAD","items_purchased":["Thunderclap","Armaments"],"campfire_rested":3,"item_purchase_floors":[3,3],"current_hp_per_floor":[77,81,81,56,53,53,46,38,38,27,51,51,51,49,49,55,75,53,59,38,38,44,44,50,50,50,42,42,42,48,54,78,48,74,52,52,58,28,25,49,0],"gold":297,"neow_bonus":"TEN_PERCENT_HP_BONUS","is_prod":false,"is_daily":false,"chose_seed":false,"campfire_upgraded":5,"win_rate":0,"timestamp":1557340993,"path_taken":["M","M","$","?","M","R","E","M","T","?","R","?","R","E","R","BOSS","M","?","?","?","?","R","E","?","T","M","?","R","M","E","R","BOSS","M","?","M","M","M","R","E"],"build_version":"2019-01-23","purchased_purges":1,"victory":false,"max_hp_per_floor":[82,82,82,82,82,82,82,82,82,82,82,82,82,82,82,82,82,82,82,82,82,82,82,82,82,82,82,82,82,82,82,82,82,82,82,82,82,82,82,82,82],"card_choices":[{"not_picked":["Body Slam","Wild Strike"],"picked":"Perfected Strike","floor":1.0},{"not_picked":["Feel No Pain","Flex"],"picked":"Sword Boomerang","floor":2.0},{"not_picked":["Heavy Blade","Clothesline"],"picked":"Wild Strike","floor":5.0},{"not_picked":["Fire Breathing","Dropkick"],"picked":"Pommel Strike","floor":7.0},{"not_picked":["Cleave","Rage"],"picked":"Perfected Strike","floor":8.0},{"not_picked":["Reckless Charge","Corruption","Clothesline"],"picked":"SKIP","floor":14.0},{"not_picked":["Fiend Fire","Barricade"],"picked":"Double Tap","floor":16.0},{"not_picked":["Clothesline","Headbutt"],"picked":"Perfected Strike","floor":18.0},{"not_picked":["Bloodletting","Body Slam"],"picked":"Wild Strike","floor":19.0},{"not_picked":["Hemokinesis","Dropkick"],"picked":"True Grit+1","floor":22.0},{"not_picked":["Cleave","Havoc","True Grit"],"picked":"SKIP","floor":24.0},{"not_picked":["Shrug It Off","Clothesline"],"picked":"Perfected Strike","floor":27.0},{"not_picked":["Heavy Blade","Armaments+1"],"picked":"Sever Soul","floor":30.0},{"not_picked":["Armaments","Thunderclap","Berserk"],"picked":"SKIP","floor":31.0},{"not_picked":["Fiend Fire","Impervious"],"picked":"Immolate","floor":33.0},{"not_picked":["Combust","Sword Boomerang","Carnage"],"picked":"SKIP","floor":35.0},{"not_picked":["Armaments+1","Combust+1","Sentinel+1"],"picked":"SKIP","floor":37.0},{"not_picked":["Sever Soul","Body Slam","Clash"],"picked":"SKIP","floor":38},{"not_picked":["Corruption","Havoc","Heavy Blade"],"picked":"SKIP","floor":39}],"player_experience":669957,"relics_obtained":[{"floor":7.0,"key":"Torii"},{"floor":9.0,"key":"Nunchaku"},{"floor":14.0,"key":"Self Forming Clay"},{"floor":20.0,"key":"Nilry\u0027s Codex"},{"floor":24.0,"key":"Pen Nib"},{"floor":26.0,"key":"Ancient Tea Set"},{"floor":31.0,"key":"Matryoshka"}],"event_choices":[{"damage_healed":0.0,"max_hp_gain":0.0,"max_hp_loss":0.0,"gold_gain":0.0,"event_name":"Shining Light","player_choice":"Entered Light","floor":4.0,"gold_loss":0.0,"damage_taken":25.0,"cards_upgraded":["Defend_R","Strike_R"]},{"damage_healed":0.0,"max_hp_gain":0.0,"max_hp_loss":0.0,"gold_gain":75.0,"event_name":"World of Goop","player_choice":"Gather Gold","floor":10.0,"gold_loss":0.0,"damage_taken":11.0},{"damage_healed":0.0,"max_hp_gain":0.0,"max_hp_loss":0.0,"gold_gain":0.0,"event_name":"FaceTrader","player_choice":"Trade","floor":12.0,"gold_loss":0.0,"damage_taken":0.0,"relics_obtained":["CultistMask"]},{"damage_healed":0.0,"max_hp_gain":0.0,"max_hp_loss":0.0,"gold_gain":0.0,"event_name":"Cursed Tome","player_choice":"Obtained Book","floor":20.0,"gold_loss":0.0,"damage_taken":21.0},{"damage_healed":0.0,"max_hp_gain":0.0,"max_hp_loss":0.0,"gold_gain":0.0,"event_name":"WeMeetAgain","player_choice":"Paid Gold","floor":21.0,"gold_loss":97.0,"damage_taken":0.0,"relics_obtained":["Shuriken"]},{"damage_healed":0.0,"max_hp_gain":0.0,"max_hp_loss":0.0,"gold_gain":0.0,"event_name":"Accursed Blacksmith","player_choice":"Forge","floor":28.0,"gold_loss":0.0,"damage_taken":0.0,"cards_upgraded":["Double Tap"]},{"cards_removed":["Sword Boomerang"],"damage_healed":0.0,"max_hp_gain":0.0,"max_hp_loss":0.0,"gold_gain":0.0,"event_name":"Designer","player_choice":"Upgrade and Remove","floor":36.0,"gold_loss":110.0,"damage_taken":0.0,"cards_upgraded":["Strike_R"]}],"is_beta":false,"boss_relics":[{"not_picked":["Philosopher\u0027s Stone","Empty Cage"],"picked":"Snecko Eye"},{"not_picked":["Black Star","Tiny House"],"picked":"Fusion Hammer"}],"items_purged_floors":[25],"is_endless":false,"potions_floor_spawned":[2,5,14,18,22,27,35,37],"killed_by":"Giant Head","ascension_level":18}