{"gold_per_floor":[114,114,33,45,145,145,164,164,191,191,202,228,238,3,3,104,104,118,33,68,87,287,318,318,334,416,433,464,478,495,513,513,617,617,632,648,870,870,887,887,887],"floor_reached":41,"playtime":1573,"items_purged":[],"score":646,"play_id":"c0e3cc39-44f2-4d4d-9e6a-59d3a712a6af","local_time":"20190205045533","is_ascension_mode":true,"campfire_choices":[{"data":"Metallicize","floor":6,"key":"SMITH"},{"data":"Anger","floor":8,"key":"SMITH"},{"data":"Bash","floor":10,"key":"SMITH"},{"data":"Demon Form","floor":15,"key":"SMITH"},{"floor":24,"key":"REST"},{"floor":32,"key":"REST"},{"floor":40,"key":"REST"}],"neow_cost":"PERCENT_DAMAGE","seed_source_timestamp":532451521871179,"circlet_count":0,"master_deck":["Strike_R+1","Strike_R+1","Strike_R","Defend_R","Defend_R+1","Defend_R+1","Defend_R+1","Bash+1","Battle Trance","Metallicize+1","Anger+1","Battle Trance+1","Infernal Blade","True Grit","Iron Wave","Demon Form+1","Bludgeon","Rage+1","Rage","Infernal Blade","Disarm+1","Spot Weakness","True Grit+1","Immolate","Metallicize","Pummel+1","Havoc+1"],"relics":["Burning Blood","Gambling Chip","War Paint","Whetstone","Fusion Hammer","Ornamental Fan","Red Mask","Lantern","Tiny Chest","Ancient Tea Set","Empty Cage","Question Card"],"potions_floor_usage":[16,23,23,25,33,36,41],"damage_taken":[{"damage":13,"enemies":"Jaw Worm","floor":1,"turns":4},{"damage":0,"enemies":"2 Louse","floor":4,"turns":2},{"damage":0,"enemies":"Cultist","floor":7,"turns":3},{"damage":0,"enemies":"Looter","floor":11,"turns":4},{"damage":20,"enemies":"3 Sentries","floor":12,"turns":9},{"damage":3,"enemies":"2 Fungi Beasts","floor":13,"turns":4},{"damage":13,"enemies":"The Guardian","floor":16,"turns":8},{"damage":17,"enemies":"3 Byrds","floor":18,"turns":5},{"damage":33,"enemies":"Masked Bandits","floor":20,"turns":5},{"damage":0,"enemies":"Spheric Guardian","floor":21,"turns":4},{"damage":30,"enemies":"Slavers","floor":23,"turns":6},{"damage":2,"enemies":"Centurion and Healer","floor":25,"turns":5},{"damage":4,"enemies":"Cultist and Chosen","floor":27,"turns":6},{"damage":3,"enemies":"Book of Stabbing","floor":28,"turns":5},{"damage":15,"enemies":"Snecko","floor":29,"turns":5},{"damage":8,"enemies":"Centurion and Healer","floor":30,"turns":5},{"damage":15,"enemies":"Shelled Parasite and Fungi","floor":31,"turns":6},{"damage":38,"enemies":"Champ","floor":33,"turns":8},{"damage":30,"enemies":"3 Shapes","floor":35,"turns":4},{"damage":24,"enemies":"3 Darklings","floor":36,"turns":6},{"damage":5,"enemies":"Jaw Worm Horde","floor":39,"turns":2},{"damage":54,"enemies":"Reptomancer","floor":41,"turns":3}],"seed_played":"6811061709171748803","potions_obtained":[{"floor":1,"key":"SpeedPotion"},{"floor":13,"key":"Explosive Potion"},{"floor":21,"key":"Explosive Potion"},{"floor":23,"key":"Energy Potion"},{"floor":25,"key":"Strength Potion"},{"floor":27,"key":"PowerPotion"},{"floor":29,"key":"Strength Potion"},{"floor":33,"key":"SpeedPotion"},{"floor":35,"key":"Explosive Potion"},{"floor":36,"key":"Energy Potion"}],"is_trial":false,"path_per_floor":["M","?","$","M","?","R","M","R","T","R","M","E","M","$","R","B",null,"M","?","?","M","?","E","R","M","T","M","E","M","M","M","R","B",null,"M","M","?","T","M","R","E"],"character_chosen":"IRONCLAD","items_purchased":["Metallicize","Demon Form","Whetstone"],"campfire_rested":3,"item_purchase_floors":[3,14,14],"current_hp_per_floor":[44,28,28,34,34,34,40,40,40,40,46,32,35,35,35,28,67,56,56,29,35,35,11,35,39,39,41,44,35,33,24,48,16,64,40,22,22,22,23,47,0],"gold":887,"neow_bonus":"ONE_RARE_RELIC","is_prod":false,"is_daily":false,"chose_seed":false,"campfire_upgraded":4,"win_rate":0,"timestamp":1549353333,"path_taken":["M","?","$","M","?","R","?","R","T","R","M","E","M","$","R","BOSS","M","?","?","M","?","E","R","M","T","M","E","M","M","M","R","BOSS","M","?","?","?","?","R","E"],"build_version":"2019-01-23","purchased_purges":0,"victory":false,"max_hp_per_floor":[80,80,80,80,80,80,80,80,80,80,80,80,80,80,80,80,80,80,80,80,80,80,80,80,80,80,80,80,80,80,80,80,80,80,80,80,80,80,80,80,80],"card_choices":[{"not_picked":["Rupture","Dropkick"],"picked":"Battle Trance","floor":1},{"not_picked":["Disarm","Flex"],"picked":"Anger","floor":4},{"not_picked":["Iron Wave","Twin Strike"],"picked":"Battle Trance","floor":7},{"not_picked":["Shrug It Off","Clash"],"picked":"Infernal Blade","floor":11},{"not_picked":["Heavy Blade","Anger"],"picked":"True Grit","floor":12},{"not_picked":["Entrench","Twin Strike"],"picked":"Iron Wave","floor":13},{"not_picked":["Barricade","Dark Embrace"],"picked":"Bludgeon","floor":16},{"not_picked":["Pommel Strike","Rampage","Whirlwind"],"picked":"SKIP","floor":18},{"not_picked":["Reckless Charge+1","Pommel Strike+1"],"picked":"Rage+1","floor":20},{"not_picked":["Perfected Strike","Pommel Strike"],"picked":"Rage","floor":21},{"not_picked":["Twin Strike+1","Demon Form"],"picked":"Infernal Blade","floor":23},{"not_picked":["Thunderclap","Flame Barrier"],"picked":"Disarm+1","floor":25},{"not_picked":["Flex","Battle Trance"],"picked":"Spot Weakness","floor":27},{"not_picked":["Armaments","Body Slam","Headbutt"],"picked":"SKIP","floor":28},{"not_picked":["Headbutt","Rampage"],"picked":"True Grit+1","floor":29},{"not_picked":["Blood for Blood+1","Combust","Dropkick"],"picked":"SKIP","floor":30},{"not_picked":["Sword Boomerang","Immolate","Body Slam+1"],"picked":"SKIP","floor":31},{"not_picked":["Brutality","Bludgeon"],"picked":"Immolate","floor":33},{"not_picked":["Wild Strike+1","Infernal Blade"],"picked":"Metallicize","floor":35},{"not_picked":["Clothesline+1","Havoc"],"picked":"Pummel+1","floor":36},{"not_picked":["Flex","Carnage+1","Sentinel+1"],"picked":"Havoc+1","floor":39}],"player_experience":721745,"relics_obtained":[{"floor":12,"key":"War Paint"},{"floor":20,"key":"Red Mask"},{"floor":23,"key":"Lantern"},{"floor":26,"key":"Tiny Chest"},{"floor":28,"key":"Ancient Tea Set"},{"floor":38,"key":"Question Card"}],"event_choices":[{"damage_healed":0,"gold_gain":0,"player_choice":"Entered Light","damage_taken":16,"max_hp_gain":0,"max_hp_loss":0,"event_name":"Shining Light","floor":2,"gold_loss":0,"cards_upgraded":["Defend_R","Defend_R"]},{"damage_healed":0,"gold_gain":100,"player_choice":"Gold","damage_taken":0,"max_hp_gain":0,"max_hp_loss":0,"event_name":"Wheel of Change","floor":5,"gold_loss":0},{"damage_healed":0,"gold_gain":0,"player_choice":"Obtained Relic","damage_taken":0,"relics_obtained":["Ornamental Fan"],"max_hp_gain":0,"max_hp_loss":0,"event_name":"Addict","floor":19,"gold_loss":85},{"damage_healed":0,"gold_gain":0,"player_choice":"Fought Bandits","damage_taken":0,"max_hp_gain":0,"max_hp_loss":0,"event_name":"Masked Bandits","floor":20,"gold_loss":0},{"damage_healed":0,"gold_gain":200,"player_choice":"Gold","damage_taken":0,"max_hp_gain":0,"max_hp_loss":0,"event_name":"Wheel of Change","floor":22,"gold_loss":0},{"damage_healed":0,"gold_gain":222,"player_choice":"Wore Mask","damage_taken":0,"max_hp_gain":0,"max_hp_loss":0,"event_name":"Tomb of Lord Red Mask","floor":37,"gold_loss":0}],"is_beta":false,"boss_relics":[{"not_picked":["White Beast Statue","Runic Cube"],"picked":"Fusion Hammer"},{"not_picked":["Snecko Eye","Velvet Choker"],"picked":"Empty Cage"}],"items_purged_floors":[],"is_endless":false,"potions_floor_spawned":[1,13,21,23,25,27,29,33,35,36],"killed_by":"Reptomancer","ascension_level":7}