{"gold_per_floor":[111,111,130,10,10,10,45,45,45,57,70,70,82,106,106,203,203,218,218,218,218,109,143,162,162,188,204,217,230,230,243,243,243],"floor_reached":33,"playtime":1431,"items_purged":[],"score":307,"play_id":"a009d885-f495-40e5-b6a6-61f531bb2ca4","local_time":"20190419190548","is_ascension_mode":true,"campfire_choices":[{"data":"Zap","floor":6,"key":"SMITH"},{"data":"Coolheaded","floor":8,"key":"SMITH"},{"data":"Rainbow","floor":12,"key":"SMITH"},{"data":"Go for the Eyes","floor":15,"key":"SMITH"},{"floor":25,"key":"REST"},{"floor":30,"key":"REST"},{"floor":32,"key":"REST"}],"neow_cost":"NONE","seed_source_timestamp":646888798435800,"circlet_count":0,"master_deck":["Strike_B","Strike_B","Strike_B","Defend_B","Defend_B","Defend_B","Defend_B","Zap+1","Dualcast","Gash","Coolheaded+1","Rainbow+1","Ball Lightning","Conserve Battery","Go for the Eyes+1","Loop","Steam Power","Multi-Cast","Cold Snap","Conserve Battery","Redo","Barrage","FTL","Genetic Algorithm","Gash+1","Capacitor+1"],"relics":["Cracked Core","NeowsBlessing","Boot","Bottled Lightning","Happy Flower","Orrery","Cables","Pen Nib"],"potions_floor_usage":[24,28],"damage_taken":[{"damage":0,"enemies":"2 Louse","floor":1,"turns":1},{"damage":0,"enemies":"Small Slimes","floor":3,"turns":1},{"damage":0,"enemies":"3 Sentries","floor":7,"turns":1},{"damage":0,"enemies":"Cultist","floor":10,"turns":3},{"damage":17,"enemies":"Lots of Slimes","floor":11,"turns":3},{"damage":3,"enemies":"Exordium Thugs","floor":13,"turns":4},{"damage":13,"enemies":"Hexaghost","floor":16,"turns":8},{"damage":4,"enemies":"3 Byrds","floor":18,"turns":5},{"damage":44,"enemies":"Book of Stabbing","floor":23,"turns":7},{"damage":2,"enemies":"Chosen","floor":24,"turns":5},{"damage":21,"enemies":"Snecko","floor":27,"turns":7},{"damage":10,"enemies":"Chosen and Byrds","floor":28,"turns":6},{"damage":15,"enemies":"Snake Plant","floor":29,"turns":4},{"damage":5,"enemies":"Snecko","floor":31,"turns":8},{"damage":51,"enemies":"Automaton","floor":33,"turns":6}],"seed_played":"-8195635147929583339","potions_obtained":[{"floor":1,"key":"Ancient Potion"},{"floor":3,"key":"SpeedPotion"},{"floor":7,"key":"GamblersBrew"},{"floor":23,"key":"AttackPotion"},{"floor":27,"key":"Regen Potion"},{"floor":31,"key":"Ancient Potion"}],"is_trial":false,"path_per_floor":["M","?","M","$","?","R","E","R","T","M","M","R","M","T","R","B",null,"M","$","?","?","$","E","M","R","T","M","M","M","R","M","R","B"],"character_chosen":"DEFECT","items_purchased":["Rainbow","Ball Lightning","FTL","Genetic Algorithm"],"campfire_rested":3,"item_purchase_floors":[4,4,22,22],"current_hp_per_floor":[75,75,75,75,75,75,75,75,75,75,58,58,55,55,55,42,75,71,71,71,57,57,13,11,35,35,14,19,4,28,23,47,0],"gold":243,"neow_bonus":"THREE_ENEMY_KILL","is_prod":false,"is_daily":false,"chose_seed":false,"campfire_upgraded":4,"win_rate":0,"timestamp":1555715148,"path_taken":["M","?","M","$","?","R","E","R","T","M","?","R","?","?","R","BOSS","M","$","?","?","$","E","M","R","T","?","M","M","R","M","R","BOSS"],"build_version":"2019-01-23","purchased_purges":0,"victory":false,"max_hp_per_floor":[75,75,75,75,75,75,75,75,75,75,75,75,75,75,75,75,75,75,75,75,80,80,80,80,80,80,80,80,80,80,80,80,80],"card_choices":[{"not_picked":["Hello World","Go for the Eyes"],"picked":"Gash","floor":1},{"not_picked":["Doom and Gloom","Steam Power"],"picked":"Coolheaded","floor":3},{"not_picked":["Barrage","Leap"],"picked":"Conserve Battery","floor":7},{"not_picked":["Leap","Stack"],"picked":"Go for the Eyes","floor":10},{"not_picked":["Redo","Stack"],"picked":"Loop","floor":11},{"not_picked":["Stack","Meteor Strike"],"picked":"Steam Power","floor":13},{"not_picked":["Rainbow","Machine Learning"],"picked":"Multi-Cast","floor":16},{"not_picked":["Beam Cell","Doom and Gloom"],"picked":"Cold Snap","floor":17},{"not_picked":["Skim","Stack"],"picked":"Conserve Battery","floor":17},{"not_picked":["Streamline","Capacitor"],"picked":"Redo","floor":17},{"not_picked":["Blizzard","Redo"],"picked":"Barrage","floor":17},{"not_picked":["Storm+1","Ball Lightning","Lockon"],"picked":"SKIP","floor":18},{"not_picked":["Glacier","Sweeping Beam"],"picked":"Gash+1","floor":23},{"not_picked":["Leap","Ball Lightning","Seek"],"picked":"SKIP","floor":24},{"not_picked":["Stack+1","Redo"],"picked":"Capacitor+1","floor":27},{"not_picked":["Storm","Heatsinks","Rebound"],"picked":"SKIP","floor":28},{"not_picked":["Lockon","Barrage","Recycle"],"picked":"SKIP","floor":29},{"not_picked":["Capacitor","Force Field","Steam Power"],"picked":"SKIP","floor":31}],"player_experience":110342,"relics_obtained":[{"floor":7,"key":"Boot"},{"floor":9,"key":"Bottled Lightning"},{"floor":14,"key":"Happy Flower"},{"floor":23,"key":"Cables"},{"floor":26,"key":"Pen Nib"}],"event_choices":[{"damage_healed":0,"gold_gain":0,"player_choice":"Ignored","damage_taken":0,"max_hp_gain":0,"max_hp_loss":0,"event_name":"Liars Game","floor":2,"gold_loss":0},{"cards_removed":["Strike_B"],"damage_healed":0,"gold_gain":0,"player_choice":"Offered Basic","damage_taken":0,"max_hp_gain":0,"max_hp_loss":0,"event_name":"Bonfire Elementals","floor":5,"gold_loss":0},{"damage_healed":0,"gold_gain":0,"player_choice":"Ignored","damage_taken":0,"max_hp_gain":0,"max_hp_loss":0,"event_name":"Vampires","floor":20,"gold_loss":0},{"damage_healed":0,"gold_gain":0,"player_choice":"Shed Blood","damage_taken":19,"max_hp_gain":5,"max_hp_loss":0,"event_name":"Forgotten Altar","floor":21,"gold_loss":0}],"is_beta":false,"boss_relics":[{"not_picked":["Philosopher\u0027s Stone","Ectoplasm"],"picked":"Orrery"}],"items_purged_floors":[],"is_endless":false,"potions_floor_spawned":[1,3,7,23,27,31],"killed_by":"Automaton","ascension_level":1}