{"gold_per_floor":[118,135,135,100,117,144,164,164,235,246,246,280,280,310,310,408,408,421,441,441,454,454],"floor_reached":22,"playtime":689,"items_purged":[],"score":277,"play_id":"86b14a91-79d6-4d1b-96db-79c71e24f739","local_time":"20181229233414","is_ascension_mode":true,"campfire_choices":[{"floor":8,"key":"REST"},{"floor":13,"key":"REST"},{"floor":15,"key":"REST"}],"neow_cost":"NONE","seed_source_timestamp":702348080693776,"circlet_count":0,"master_deck":["Defend_G","Defend_G","Defend_G","Defend_G","Defend_G","Strike_G","Strike_G","Strike_G","Strike_G+1","Strike_G","Survivor","Neutralize","All Out Attack","Dagger Spray+1","Caltrops","PiercingWail","Infinite Blades","Escape Plan","Outmaneuver","Outmaneuver","Caltrops","After Image","All Out Attack+1","Blur+1","Blade Dance"],"relics":["Fusion Hammer","Nunchaku","Question Card","Happy Flower","Potion Belt","Black Star"],"potions_floor_usage":[6,12,12,12,16,19],"damage_taken":[{"damage":0,"enemies":"Jaw Worm","floor":1,"turns":4},{"damage":1,"enemies":"Cultist","floor":2,"turns":4},{"damage":0,"enemies":"Small Slimes","floor":5,"turns":2},{"damage":32,"enemies":"Gremlin Nob","floor":6,"turns":5},{"damage":3,"enemies":"Blue Slaver","floor":7,"turns":4},{"damage":3,"enemies":"Red Slaver","floor":10,"turns":4},{"damage":0,"enemies":"Lagavulin","floor":12,"turns":7},{"damage":19,"enemies":"3 Sentries","floor":14,"turns":6},{"damage":43,"enemies":"Hexaghost","floor":16,"turns":9},{"damage":18,"enemies":"Spheric Guardian","floor":18,"turns":6},{"damage":14,"enemies":"Chosen","floor":19,"turns":6},{"damage":21,"enemies":"Snake Plant","floor":21,"turns":6},{"damage":15,"enemies":"Colosseum Slavers","floor":22,"turns":2}],"seed_played":"2076475211935334434","potions_obtained":[{"floor":2,"key":"SneckoOil"},{"floor":6,"key":"LiquidBronze"},{"floor":7,"key":"EssenceOfSteel"},{"floor":10,"key":"GhostInAJar"},{"floor":14,"key":"Swift Potion"},{"floor":18,"key":"GhostInAJar"}],"is_trial":false,"path_per_floor":["M","M","?","$","M","E","M","R","T","M","?","E","R","E","R","B",null,"M","M","?","M","?"],"character_chosen":"THE_SILENT","items_purchased":["Caltrops"],"campfire_rested":3,"item_purchase_floors":[4],"current_hp_per_floor":[70,69,69,69,69,37,34,55,55,52,38,38,59,40,61,18,70,52,38,31,10,0],"gold":454,"neow_bonus":"BOSS_RELIC","is_prod":false,"is_daily":false,"chose_seed":false,"campfire_upgraded":0,"win_rate":0,"timestamp":1546137254,"path_taken":["M","M","?","?","M","E","M","R","T","M","?","E","R","E","R","BOSS","M","M","?","?","?"],"build_version":"2018-12-20","purchased_purges":0,"victory":false,"max_hp_per_floor":[70,70,70,70,70,70,70,70,70,70,70,70,70,70,70,70,70,70,70,70,70,70],"card_choices":[{"not_picked":["Flying Knee","Bane"],"picked":"All Out Attack","floor":1},{"not_picked":["Dagger Throw","Flying Knee"],"picked":"Dagger Spray","floor":2},{"not_picked":["Concentrate","Prepared"],"picked":"PiercingWail","floor":5},{"not_picked":["Sucker Punch","Deadly Poison"],"picked":"Infinite Blades","floor":6},{"not_picked":["Deflect","Acrobatics"],"picked":"Escape Plan","floor":7},{"not_picked":["Sucker Punch","Quick Slash","Dagger Spray"],"picked":"Outmaneuver","floor":10},{"not_picked":["Prepared","Venomology","Slice"],"picked":"Outmaneuver","floor":12},{"not_picked":["Blade Dance","Flechettes","Finisher"],"picked":"Caltrops","floor":14},{"not_picked":["Unload","Adrenaline","Venomology"],"picked":"After Image","floor":16},{"not_picked":["Accuracy","Cloak And Dagger","Slice"],"picked":"All Out Attack+1","floor":18},{"not_picked":["Eviscerate","Poisoned Stab+1","Backflip"],"picked":"Blur+1","floor":19},{"not_picked":["Flying Knee","Accuracy","Well Laid Plans"],"picked":"Blade Dance","floor":21}],"player_experience":569454,"relics_obtained":[{"floor":6,"key":"Nunchaku"},{"floor":9,"key":"Question Card"},{"floor":12,"key":"Happy Flower"},{"floor":14,"key":"Potion Belt"}],"event_choices":[{"damage_healed":0,"gold_gain":0,"player_choice":"Ignored","damage_taken":0,"max_hp_gain":0,"max_hp_loss":0,"event_name":"Purifier","floor":3,"gold_loss":0},{"damage_healed":0,"gold_gain":0,"player_choice":"Entered Light","damage_taken":14,"max_hp_gain":0,"max_hp_loss":0,"event_name":"Shining Light","floor":11,"gold_loss":0,"cards_upgraded":["Dagger Spray","Strike_G"]},{"damage_healed":0,"gold_gain":0,"player_choice":"","damage_taken":7,"max_hp_gain":0,"max_hp_loss":0,"event_name":"Knowing Skull","floor":20,"potions_obtained":[],"gold_loss":0,"cards_obtained":[]},{"damage_healed":0,"gold_gain":0,"player_choice":"Fight","damage_taken":0,"max_hp_gain":0,"max_hp_loss":0,"event_name":"Colosseum","floor":22,"gold_loss":0}],"is_beta":false,"boss_relics":[{"not_picked":["Astrolabe","Snecko Eye"],"picked":"Black Star"}],"items_purged_floors":[],"is_endless":false,"potions_floor_spawned":[2,6,7,10,14,18],"killed_by":"Colosseum Slavers","ascension_level":4}