{"gold_per_floor":[119,119,21,21,41,75,91,117,117,117,145,145,95,138,138,258,258,276,375,375,375,402,402,430,430,430,461,473,504,516,534,534,631,631,649,326,326,426,474,499,499,511,511,542,560,586,604,635,635,635,635,635,61,87,87],"floor_reached":56,"playtime":3237,"items_purged":["Strike_B","Strike_B+1"],"score":1686,"play_id":"ee86aa36-1de3-424c-9d9c-efaf66ec9e5b","local_time":"20190321184459","is_ascension_mode":true,"campfire_choices":[{"data":"Fission","floor":10,"key":"SMITH"},{"data":"Discovery","floor":15,"key":"SMITH"},{"data":"Rainbow","floor":23,"key":"SMITH"},{"floor":25,"key":"REST"},{"data":"Consume","floor":32,"key":"SMITH"},{"floor":41,"key":"RECALL"},{"data":"Capacitor","floor":49,"key":"SMITH"},{"data":"Defragment","floor":52,"key":"SMITH"}],"neow_cost":"NONE","seed_source_timestamp":861211777085110,"circlet_count":0,"master_deck":["Defend_B","Defend_B","Defend_B+1","Defend_B+1","Zap","Dualcast","Ball Lightning+1","Discovery+1","BootSequence+1","Hello World","Glacier","Fission+1","Coolheaded","Cold Snap","Rainbow+1","BootSequence","Sunder+1","Rainbow","Consume+1","Capacitor+1","Biased Cognition","Undo+1","Storm+1","White Noise+1","White Noise","Conserve Battery+1","Static Discharge+1","Thunder Strike","Defragment+1","Glacier","Defragment","Coolheaded"],"relics":["Cracked Core","NeowsBlessing","Symbiotic Virus","Singing Bowl","Shovel","Bloody Idol","Mercury Hourglass","Snecko Eye","Pen Nib","Anchor","Whetstone","Shuriken","Bag of Marbles","DataDisk","Runic Dome","Question Card","Emotion Chip","Potion Belt","Juzu Bracelet","Centennial Puzzle","Blood Vial","Blue Candle","Happy Flower","War Paint","Du-Vu Doll"],"potions_floor_usage":[16,29,29,33,50,54,55,55,55,55],"damage_taken":[{"damage":0,"enemies":"Jaw Worm","floor":1,"turns":1},{"damage":0,"enemies":"Small Slimes","floor":5,"turns":1},{"damage":0,"enemies":"Lagavulin","floor":6,"turns":1},{"damage":0,"enemies":"2 Louse","floor":7,"turns":2},{"damage":0,"enemies":"Gremlin Nob","floor":8,"turns":3},{"damage":0,"enemies":"3 Sentries","floor":11,"turns":7},{"damage":0,"enemies":"Lagavulin","floor":14,"turns":7},{"damage":0,"enemies":"The Guardian","floor":16,"turns":6},{"damage":0,"enemies":"Spheric Guardian","floor":18,"turns":4},{"damage":33,"enemies":"Slavers","floor":24,"turns":8},{"damage":0,"enemies":"Book of Stabbing","floor":27,"turns":5},{"damage":0,"enemies":"2 Thieves","floor":28,"turns":3},{"damage":2,"enemies":"Gremlin Leader","floor":29,"turns":5},{"damage":0,"enemies":"Snecko","floor":30,"turns":3},{"damage":0,"enemies":"Centurion and Healer","floor":31,"turns":6},{"damage":11,"enemies":"Automaton","floor":33,"turns":9},{"damage":0,"enemies":"Orb Walker","floor":35,"turns":1},{"damage":0,"enemies":"Mind Bloom Boss Battle","floor":38,"turns":3},{"damage":0,"enemies":"Giant Head","floor":40,"turns":5},{"damage":3,"enemies":"3 Darklings","floor":42,"turns":4},{"damage":0,"enemies":"Reptomancer","floor":44,"turns":4},{"damage":5,"enemies":"Maw","floor":45,"turns":6},{"damage":0,"enemies":"Giant Head","floor":46,"turns":8},{"damage":0,"enemies":"Transient","floor":47,"turns":5},{"damage":6,"enemies":"Nemesis","floor":48,"turns":7},{"damage":1,"enemies":"Donu and Deca","floor":50,"turns":5},{"damage":14,"enemies":"Shield and Spear","floor":54,"turns":5},{"damage":10,"enemies":"The Heart","floor":55,"turns":8}],"seed_played":"3585597578377840632","potions_obtained":[{"floor":6,"key":"FearPotion"},{"floor":7,"key":"Strength Potion"},{"floor":8,"key":"Ancient Potion"},{"floor":27,"key":"Swift Potion"},{"floor":30,"key":"GamblersBrew"},{"floor":31,"key":"SteroidPotion"},{"floor":38,"key":"AttackPotion"},{"floor":42,"key":"Ancient Potion"},{"floor":47,"key":"Explosive Potion"}],"is_trial":false,"path_per_floor":["M","?","$","?","M","E","M","E","T","R","E","?","?","E","R","B",null,"M","?","?","?","T","R","E","R","T","E","M","E","M","M","R","B",null,"M","$","?","?","T","E","R","M","T","E","M","E","M","E","R","B",null,"R","$","E","B",null],"character_chosen":"DEFECT","items_purchased":["Discovery","Question Card","FocusPotion","Glacier","Defragment","Block Potion","War Paint","Coolheaded"],"campfire_rested":1,"item_purchase_floors":[3,36,53,53,53,53,53,53],"current_hp_per_floor":[75,60,60,53,53,53,53,53,53,53,53,53,53,53,53,53,69,69,69,69,69,69,69,41,61,61,66,71,73,73,73,73,67,73,73,73,69,69,69,71,71,71,71,71,71,71,71,70,70,70,71,71,71,64,56],"gold":87,"neow_bonus":"THREE_ENEMY_KILL","is_prod":false,"is_daily":false,"chose_seed":false,"campfire_upgraded":6,"win_rate":0,"timestamp":1553208299,"path_taken":["M","?","$","?","M","E","M","E","T","R","E","?","?","E","R","BOSS","M","?","?","?","?","R","E","R","T","E","M","E","M","M","R","BOSS","M","$","?","?","?","E","R","M","T","E","M","E","M","E","R","BOSS","R","$","E","BOSS"],"build_version":"2019-03-15","purchased_purges":2,"victory":true,"max_hp_per_floor":[75,75,75,75,75,75,75,75,75,75,75,69,69,69,69,69,69,69,69,69,69,69,69,69,69,69,69,71,73,73,73,73,73,73,73,73,69,69,69,71,71,71,71,71,71,71,71,71,71,71,71,71,71,73,73],"card_choices":[{"not_picked":["BootSequence","Steam"],"picked":"Ball Lightning","floor":1},{"not_picked":["Ball Lightning","Sweeping Beam"],"picked":"BootSequence","floor":5},{"not_picked":["Sweeping Beam","Melter"],"picked":"Hello World","floor":6},{"not_picked":["Beam Cell","Steam Power"],"picked":"Glacier","floor":7},{"not_picked":["Turbo","Rebound"],"picked":"Fission","floor":8},{"not_picked":["Recycle","Streamline"],"picked":"Coolheaded","floor":11},{"not_picked":["Turbo","Sweeping Beam"],"picked":"Cold Snap","floor":14},{"not_picked":["Reboot","Thunder Strike"],"picked":"Rainbow","floor":16},{"not_picked":["Rebound","Beam Cell+1"],"picked":"BootSequence","floor":18},{"not_picked":["Coolheaded+1","Gash"],"picked":"Sunder","floor":24},{"not_picked":["Barrage","Fusion"],"picked":"Rainbow","floor":27},{"not_picked":["Chaos","Go for the Eyes","Coolheaded"],"picked":"Singing Bowl","floor":28},{"not_picked":["Go for the Eyes","Rip and Tear+1","Redo"],"picked":"Singing Bowl","floor":29},{"not_picked":["Stack","Conserve Battery"],"picked":"Consume","floor":30},{"not_picked":["Skim","Cold Snap"],"picked":"Capacitor","floor":31},{"not_picked":["Multi-Cast","Machine Learning"],"picked":"Biased Cognition","floor":33},{"not_picked":["Genetic Algorithm","Melter"],"picked":"Undo+1","floor":35},{"not_picked":["Recycle","Blizzard+1","Ball Lightning"],"picked":"Storm+1","floor":38},{"not_picked":["Rebound+1","Stack","Melter+1","Reprogram"],"picked":"Singing Bowl","floor":40},{"not_picked":["Coolheaded","Melter+1","Consume"],"picked":"White Noise+1","floor":42},{"not_picked":["Scrape","Reprogram+1","FTL"],"picked":"White Noise","floor":44},{"not_picked":["Barrage+1","Compile Driver+1","Reinforced Body+1"],"picked":"Conserve Battery+1","floor":45},{"not_picked":["FTL+1","Turbo","Streamline+1"],"picked":"Static Discharge+1","floor":46},{"not_picked":["Hologram","Blizzard+1","Barrage"],"picked":"Thunder Strike","floor":47},{"not_picked":["Reprogram+1","Doom and Gloom","Chaos"],"picked":"Defragment","floor":48},{"not_picked":["Steam","Cold Snap","Go for the Eyes+1","Compile Driver"],"picked":"Singing Bowl","floor":54}],"player_experience":4968112,"relics_obtained":[{"floor":6,"key":"Symbiotic Virus"},{"floor":8,"key":"Singing Bowl"},{"floor":11,"key":"Shovel"},{"floor":14,"key":"Mercury Hourglass"},{"floor":22,"key":"Anchor"},{"floor":24,"key":"Whetstone"},{"floor":26,"key":"Shuriken"},{"floor":27,"key":"Bag of Marbles"},{"floor":29,"key":"DataDisk"},{"floor":38,"key":"Emotion Chip"},{"floor":39,"key":"Potion Belt"},{"floor":40,"key":"Juzu Bracelet"},{"floor":43,"key":"Centennial Puzzle"},{"floor":44,"key":"Blood Vial"},{"floor":46,"key":"Blue Candle"},{"floor":48,"key":"Happy Flower"},{"floor":54,"key":"Du-Vu Doll"}],"event_choices":[{"damage_healed":0,"gold_gain":0,"player_choice":"Entered Light","damage_taken":15,"max_hp_gain":0,"max_hp_loss":0,"event_name":"Shining Light","floor":2,"gold_loss":0,"cards_upgraded":["Defend_B","Strike_B"]},{"cards_removed":["Strike_B"],"damage_healed":0,"gold_gain":0,"player_choice":"Card Removal","damage_taken":7,"max_hp_gain":0,"max_hp_loss":0,"event_name":"Golden Wing","floor":4,"gold_loss":0},{"damage_healed":0,"gold_gain":0,"player_choice":"Lose Max HP","damage_taken":0,"relics_obtained":["Golden Idol"],"max_hp_gain":0,"max_hp_loss":6,"event_name":"Golden Idol","floor":12,"gold_loss":0},{"cards_removed":["Strike_B"],"damage_healed":0,"gold_gain":0,"player_choice":"Card Removal","damage_taken":0,"max_hp_gain":0,"max_hp_loss":0,"event_name":"The Cleric","floor":13,"gold_loss":50},{"damage_healed":0,"gold_gain":99,"player_choice":"Stole From Cult","damage_taken":0,"max_hp_gain":0,"max_hp_loss":0,"event_name":"Nest","floor":19,"gold_loss":0},{"damage_healed":0,"gold_gain":0,"player_choice":"Gave Idol","damage_taken":0,"relics_obtained":["Bloody Idol"],"max_hp_gain":0,"max_hp_loss":0,"event_name":"Forgotten Altar","floor":20,"relics_lost":["Golden Idol"],"gold_loss":0},{"damage_healed":0,"gold_gain":0,"player_choice":"Opened","damage_taken":0,"relics_obtained":["Pen Nib"],"max_hp_gain":0,"max_hp_loss":0,"event_name":"The Mausoleum","floor":21,"gold_loss":0},{"damage_healed":0,"gold_gain":0,"player_choice":"Max HP","damage_taken":0,"max_hp_gain":0,"max_hp_loss":4,"event_name":"Winding Halls","floor":37,"gold_loss":0},{"damage_healed":0,"gold_gain":0,"player_choice":"Fight","damage_taken":0,"max_hp_gain":0,"max_hp_loss":0,"event_name":"MindBloom","floor":38,"gold_loss":0}],"is_beta":true,"boss_relics":[{"not_picked":["Orrery","White Beast Statue"],"picked":"Snecko Eye"},{"not_picked":["Coffee Dripper","Velvet Choker"],"picked":"Runic Dome"}],"items_purged_floors":[36,53],"is_endless":false,"potions_floor_spawned":[6,7,8,14,27,30,31,38,42,47],"ascension_level":1}