{"gold_per_floor":[215,290,290,290,2,30,42,80,115,155,179,206,253,16,16,113,113,131,131,45,63,74,74,102,102,102,102,130,142,152,183,183,284,284,304,304,322,322,42,76,76,108,108,134,13,113,113,125,125,125,125,125,3,37,37],"floor_reached":56,"playtime":4013,"items_purged":["Strike_G"],"score":1683,"play_id":"45b71fc5-5e43-4e95-a45d-d553b84543e6","local_time":"20190301163859","is_ascension_mode":true,"campfire_choices":[{"data":"Bouncing Flask","floor":7,"key":"SMITH"},{"data":"Well Laid Plans","floor":15,"key":"SMITH"},{"floor":23,"key":"RECALL"},{"floor":25,"key":"REST"},{"floor":32,"key":"REST"},{"floor":41,"key":"REST"},{"data":"Strike_G","floor":49,"key":"PURGE"},{"data":"Strike_G","floor":52,"key":"PURGE"}],"neow_cost":"NONE","seed_source_timestamp":1965034045078,"circlet_count":0,"master_deck":["Defend_G","Defend_G","Defend_G","Defend_G","Defend_G+1","Survivor","Neutralize+1","Dagger Spray","Well Laid Plans+1","Bouncing Flask+1","Backflip+1","All Out Attack","Bullet Time+1","Dodge and Roll+1","Bouncing Flask+1","Backflip+1","PiercingWail+1","Acrobatics+1","Caltrops","Burst+1","Deflect+1","Catalyst+1","Deflect+1","PiercingWail+1","Prepared+1","Dodge and Roll+1","Crippling Poison+1","Cloak And Dagger+1","Footwork","Deflect+1","Venomology+1","Noxious Fumes","Deadly Poison+1","Well Laid Plans","Crippling Poison+1","Footwork","Acrobatics+1","Tools of the Trade","Crippling Poison+1","Flechettes+1","Malaise+1","Noxious Fumes","Footwork+1"],"relics":["Ring of the Snake","MawBank","War Paint","Toxic Egg 2","Blood Vial","Fusion Hammer","Tough Bandages","Shuriken","Mercury Hourglass","Paper Crane","Runic Dome","Membership Card","Smiling Mask","Boot","Bottled Flame","Blue Candle","Mummified Hand","Peace Pipe","Question Card","Oddly Smooth Stone"],"potions_floor_usage":[6,8,13,37,40,40,42,42,44,46,46,50,50,54,54,54,54,54,54,54,55],"damage_taken":[{"damage":0,"enemies":"Small Slimes","floor":1,"turns":5},{"damage":21,"enemies":"3 Sentries","floor":6,"turns":10},{"damage":13,"enemies":"Gremlin Nob","floor":8,"turns":4},{"damage":4,"enemies":"3 Sentries","floor":10,"turns":5},{"damage":0,"enemies":"2 Louse","floor":11,"turns":1},{"damage":0,"enemies":"Jaw Worm","floor":12,"turns":3},{"damage":4,"enemies":"Gremlin Nob","floor":13,"turns":3},{"damage":0,"enemies":"The Guardian","floor":16,"turns":9},{"damage":0,"enemies":"Shell Parasite","floor":18,"turns":3},{"damage":0,"enemies":"Spheric Guardian","floor":21,"turns":2},{"damage":0,"enemies":"Cultist and Chosen","floor":22,"turns":5},{"damage":0,"enemies":"Book of Stabbing","floor":24,"turns":3},{"damage":0,"enemies":"Slavers","floor":28,"turns":6},{"damage":0,"enemies":"Chosen and Byrds","floor":29,"turns":3},{"damage":0,"enemies":"Shelled Parasite and Fungi","floor":30,"turns":3},{"damage":0,"enemies":"Gremlin Leader","floor":31,"turns":3},{"damage":0,"enemies":"Collector","floor":33,"turns":7},{"damage":0,"enemies":"Orb Walker","floor":35,"turns":4},{"damage":16,"enemies":"3 Darklings","floor":37,"turns":5},{"damage":14,"enemies":"Reptomancer","floor":40,"turns":7},{"damage":0,"enemies":"Giant Head","floor":42,"turns":6},{"damage":2,"enemies":"Reptomancer","floor":44,"turns":7},{"damage":0,"enemies":"Mind Bloom Boss Battle","floor":46,"turns":6},{"damage":0,"enemies":"Maw","floor":48,"turns":5},{"damage":0,"enemies":"Donu and Deca","floor":50,"turns":8},{"damage":4,"enemies":"Shield and Spear","floor":54,"turns":5},{"damage":23,"enemies":"The Heart","floor":55,"turns":10}],"seed_played":"-4088991295642812106","potions_obtained":[{"floor":8,"key":"Weak Potion"},{"floor":11,"key":"Dexterity Potion"},{"floor":12,"key":"SteroidPotion"},{"floor":13,"key":"Weak Potion"},{"floor":29,"key":"Energy Potion"},{"floor":42,"key":"Swift Potion"},{"floor":54,"key":"AttackPotion"}],"is_trial":false,"path_per_floor":["M","?","?","?","$","E","R","E","T","E","M","M","E","$","R","B",null,"M","?","$","M","M","R","E","R","T","?","E","M","M","E","R","B",null,"M","?","M","?","$","E","R","E","T","E","$","?","T","M","R","B",null,"R","$","E","B",null],"character_chosen":"THE_SILENT","items_purchased":["Well Laid Plans","Bouncing Flask","Regen Potion","Poisoned Stab","SkillPotion","PiercingWail+1","Acrobatics+1","Caltrops","Catalyst+1","Deflect+1","Membership Card","Well Laid Plans","Crippling Poison+1","Mummified Hand","Malaise+1","Noxious Fumes","Weak Potion"],"campfire_rested":3,"item_purchase_floors":[5,5,5,5,5,14,14,14,20,20,39,39,39,45,53,53,53],"current_hp_per_floor":[70,59,52,52,52,46,46,33,33,29,29,29,25,25,25,27,70,70,57,57,59,61,61,63,75,75,75,75,75,75,75,75,75,75,75,75,59,59,59,47,69,71,71,71,71,73,73,75,75,75,75,75,75,71,50],"gold":37,"neow_bonus":"HUNDRED_GOLD","is_prod":false,"is_daily":false,"chose_seed":false,"campfire_upgraded":2,"win_rate":0,"timestamp":1551476339,"path_taken":["M","?","?","?","$","E","R","E","T","E","M","M","E","$","R","BOSS","M","?","$","M","M","R","E","R","T","?","E","?","M","E","R","BOSS","M","?","M","?","$","E","R","E","T","E","$","?","?","?","R","BOSS","R","$","E","BOSS"],"build_version":"2019-02-06","purchased_purges":1,"victory":true,"max_hp_per_floor":[70,70,70,70,70,70,70,70,70,70,70,70,70,70,70,70,70,70,75,75,75,75,75,75,75,75,75,75,75,75,75,75,75,75,75,75,75,75,75,75,75,75,75,75,75,75,75,75,75,75,75,75,75,75,75],"card_choices":[{"not_picked":["Sucker Punch","Riddle With Holes"],"picked":"Dagger Spray","floor":1},{"not_picked":["Cloak And Dagger","Storm of Steel"],"picked":"Backflip","floor":6},{"not_picked":["Quick Slash","Prepared"],"picked":"All Out Attack","floor":8},{"not_picked":["Distraction","After Image"],"picked":"Bullet Time","floor":10},{"not_picked":["Skewer","Calculated Gamble+1"],"picked":"Dodge and Roll+1","floor":11},{"not_picked":["Finisher","Bane"],"picked":"Bouncing Flask+1","floor":12},{"not_picked":["Tactician+1","Accuracy"],"picked":"Backflip+1","floor":13},{"not_picked":["Night Terror+1","Die Die Die"],"picked":"Burst+1","floor":16},{"not_picked":["Concentrate+1","Skewer"],"picked":"Deflect+1","floor":18},{"not_picked":["Sucker Punch","Masterful Stab"],"picked":"PiercingWail+1","floor":21},{"not_picked":["Heel Hook","All Out Attack","Dagger Throw"],"picked":"SKIP","floor":22},{"not_picked":["Riddle With Holes","Cloak And Dagger+1"],"picked":"Prepared+1","floor":24},{"not_picked":["Underhanded Strike+1","Accuracy"],"picked":"Crippling Poison+1","floor":28},{"not_picked":["Skewer","Setup+1"],"picked":"Cloak And Dagger+1","floor":29},{"not_picked":["Flying Knee","Outmaneuver+1"],"picked":"Footwork","floor":30},{"not_picked":["Glass Knife","Underhanded Strike"],"picked":"Deflect+1","floor":31},{"not_picked":["Envenom","Unload"],"picked":"Venomology+1","floor":33},{"not_picked":["Cloak And Dagger+1","Dagger Throw+1"],"picked":"Noxious Fumes","floor":35},{"not_picked":["Accuracy+1","PiercingWail+1"],"picked":"Deadly Poison+1","floor":37},{"not_picked":["Backflip+1","Blur+1"],"picked":"Footwork","floor":40},{"not_picked":["Backstab+1","Blade Dance+1"],"picked":"Acrobatics+1","floor":42},{"not_picked":["All Out Attack+1","Terror+1"],"picked":"Tools of the Trade","floor":44},{"not_picked":["Dagger Spray+1","Prepared+1"],"picked":"Crippling Poison+1","floor":46},{"not_picked":["Riddle With Holes","Dodge and Roll+1","Predator"],"picked":"Flechettes+1","floor":48},{"not_picked":["Night Terror+1","Quick Slash","Choke+1"],"picked":"Footwork+1","floor":54}],"player_experience":4744013,"relics_obtained":[{"floor":6,"key":"MawBank"},{"floor":8,"key":"War Paint"},{"floor":10,"key":"Toxic Egg 2"},{"floor":13,"key":"Blood Vial"},{"floor":24,"key":"Tough Bandages"},{"floor":26,"key":"Shuriken"},{"floor":28,"key":"Mercury Hourglass"},{"floor":31,"key":"Paper Crane"},{"floor":40,"key":"Smiling Mask"},{"floor":42,"key":"Boot"},{"floor":43,"key":"Bottled Flame"},{"floor":44,"key":"Blue Candle"},{"floor":46,"key":"Peace Pipe"},{"floor":47,"key":"Question Card"},{"floor":54,"key":"Oddly Smooth Stone"}],"event_choices":[{"damage_healed":0,"gold_gain":75,"player_choice":"Gather Gold","damage_taken":11,"max_hp_gain":0,"max_hp_loss":0,"event_name":"World of Goop","floor":2,"gold_loss":0},{"cards_removed":["Strike_G"],"damage_healed":0,"gold_gain":0,"player_choice":"Card Removal","damage_taken":7,"max_hp_gain":0,"max_hp_loss":0,"event_name":"Golden Wing","floor":3,"gold_loss":0},{"damage_healed":0,"gold_gain":0,"player_choice":"Grow","damage_taken":0,"max_hp_gain":0,"max_hp_loss":0,"event_name":"Living Wall","floor":4,"gold_loss":0,"cards_upgraded":["Neutralize"]},{"damage_healed":0,"gold_gain":0,"player_choice":"Shed Blood","damage_taken":18,"max_hp_gain":5,"max_hp_loss":0,"event_name":"Forgotten Altar","floor":19,"gold_loss":0},{"damage_healed":0,"gold_gain":0,"cards_transformed":["Strike_G"],"player_choice":"Transformed","damage_taken":0,"max_hp_gain":0,"max_hp_loss":0,"event_name":"Transmorgrifier","floor":27,"gold_loss":0,"cards_obtained":["Dodge and Roll"]},{"cards_removed":["Poisoned Stab"],"damage_healed":0,"gold_gain":0,"player_choice":"Removed Attack","damage_taken":0,"max_hp_gain":0,"max_hp_loss":0,"event_name":"Falling","floor":36,"gold_loss":0},{"damage_healed":0,"gold_gain":0,"player_choice":"Ignored","damage_taken":0,"max_hp_gain":0,"max_hp_loss":0,"event_name":"Tomb of Lord Red Mask","floor":38,"gold_loss":0},{"damage_healed":0,"gold_gain":0,"player_choice":"Fight","damage_taken":0,"max_hp_gain":0,"max_hp_loss":0,"event_name":"MindBloom","floor":46,"gold_loss":0}],"is_beta":true,"boss_relics":[{"not_picked":["Philosopher\u0027s Stone","Orrery"],"picked":"Fusion Hammer"},{"not_picked":["Busted Crown","Runic Pyramid"],"picked":"Runic Dome"}],"items_purged_floors":[14],"is_endless":false,"potions_floor_spawned":[8,11,12,13,22,29,30,33,40,42,54],"ascension_level":1}