{"gold_per_floor":[114,289,239,251,170,201,69,69,69,69,69,97,117,117,117,216,266,285,285,302,302,322,322,352,352,375,52,52,62,90,102,102,200,200,213,213,232,142,73,73,105,10,10,10,26,56,68,110,122,134,146,158,15,50,50],"floor_reached":55,"playtime":3360,"items_purged":["Strike_G","Strike_G"],"score":916,"play_id":"70a831ae-327e-4a9b-a5f9-6b30eb3ffbfa","local_time":"20190424222043","is_ascension_mode":true,"campfire_choices":[{"data":"A Thousand Cuts","floor":8,"key":"SMITH"},{"data":"Blade Dance","floor":10,"key":"SMITH"},{"data":"Blade Dance","floor":15,"key":"SMITH"},{"data":"Footwork","floor":23,"key":"SMITH"},{"data":"Neutralize","floor":25,"key":"SMITH"},{"data":"Well Laid Plans","floor":32,"key":"SMITH"},{"data":"Night Terror","floor":40,"key":"SMITH"},{"floor":44,"key":"RECALL"},{"data":"Finisher","floor":47,"key":"SMITH"},{"data":"Backflip","floor":49,"key":"SMITH"},{"data":"Flash of Steel","floor":52,"key":"SMITH"}],"neow_cost":"PERCENT_DAMAGE","seed_source_timestamp":336238553262888,"circlet_count":0,"master_deck":["Defend_G","Defend_G","Survivor","Neutralize+1","Backflip+1","Blade Dance+1","Footwork+1","A Thousand Cuts+1","Well Laid Plans+1","Blade Dance+1","Backflip+1","Deflect","Finisher+1","Escape Plan","PiercingWail+1","Backstab","Escape Plan+1","Night Terror+1","Blade Dance+1","Quick Slash+1","Flash of Steel+1","PiercingWail+1"],"relics":["Ring of the Snake","Bag of Preparation","Sundial","Juzu Bracelet","Gremlin Horn","Tiny House","MutagenicStrength","Bottled Flame","Strawberry","Ornamental Fan","Nunchaku","HoveringKite","Smiling Mask","Omamori","MawBank","Question Card","Unceasing Top"],"potions_floor_usage":[18,30,33,50,54,55,55,55,55,55,55],"damage_taken":[{"damage":0,"enemies":"Jaw Worm","floor":1,"turns":6},{"damage":0,"enemies":"Small Slimes","floor":4,"turns":3},{"damage":11,"enemies":"3 Sentries","floor":6,"turns":14},{"damage":1,"enemies":"Lagavulin","floor":12,"turns":6},{"damage":0,"enemies":"2 Louse","floor":13,"turns":1},{"damage":10,"enemies":"The Guardian","floor":16,"turns":12},{"damage":0,"enemies":"3 Byrds","floor":18,"turns":2},{"damage":10,"enemies":"Chosen","floor":20,"turns":3},{"damage":9,"enemies":"Snake Plant","floor":22,"turns":4},{"damage":0,"enemies":"Gremlin Leader","floor":24,"turns":3},{"damage":0,"enemies":"Centurion and Healer","floor":29,"turns":4},{"damage":26,"enemies":"Slavers","floor":30,"turns":5},{"damage":0,"enemies":"Shelled Parasite and Fungi","floor":31,"turns":3},{"damage":8,"enemies":"Collector","floor":33,"turns":5},{"damage":0,"enemies":"3 Shapes","floor":35,"turns":2},{"damage":0,"enemies":"3 Darklings","floor":37,"turns":3},{"damage":0,"enemies":"Reptomancer","floor":41,"turns":3},{"damage":0,"enemies":"Maw","floor":45,"turns":5},{"damage":0,"enemies":"Nemesis","floor":46,"turns":3},{"damage":0,"enemies":"Giant Head","floor":48,"turns":6},{"damage":29,"enemies":"Time Eater","floor":50,"turns":9},{"damage":9,"enemies":"Shield and Spear","floor":54,"turns":7},{"damage":74,"enemies":"The Heart","floor":55,"turns":8}],"seed_played":"-4948563580647237953","potions_obtained":[{"floor":17,"key":"Swift Potion"},{"floor":18,"key":"PowerPotion"},{"floor":30,"key":"Ancient Potion"},{"floor":35,"key":"Strength Potion"},{"floor":41,"key":"SkillPotion"},{"floor":46,"key":"Poison Potion"},{"floor":54,"key":"Poison Potion"}],"is_trial":false,"path_per_floor":["M","?","?","M","$","E","$","R","T","R","?","E","M","?","R","B",null,"M","?","M","?","M","R","E","R","T","$","?","M","E","M","R","B",null,"M","?","M","?","?","R","E","$","T","R","M","E","R","E","R","B",null,"R","$","E","B"],"character_chosen":"THE_SILENT","items_purchased":["Footwork","Well Laid Plans","Blade Dance","Ornamental Fan","Flash of Steel","EntropicBrew"],"campfire_rested":0,"item_purchase_floors":[5,7,7,27,42,53],"current_hp_per_floor":[49,49,49,49,49,38,38,38,38,38,35,34,34,27,27,17,75,75,75,65,65,56,56,56,56,63,63,63,63,37,37,37,29,82,82,82,82,82,82,82,82,82,82,82,82,82,82,82,82,53,82,82,82,73,0],"gold":50,"neow_bonus":"REMOVE_TWO","is_prod":false,"is_daily":false,"chose_seed":false,"campfire_upgraded":10,"win_rate":0,"timestamp":1556140843,"path_taken":["M","?","?","M","$","E","$","R","T","R","?","E","M","?","R","BOSS","M","?","M","?","M","R","E","R","T","$","?","M","E","M","R","BOSS","M","?","M","?","?","R","E","$","T","R","M","E","R","E","R","BOSS","R","$","E","BOSS"],"build_version":"2019-04-23","purchased_purges":2,"victory":false,"max_hp_per_floor":[70,70,70,70,70,70,70,70,70,70,70,70,70,70,70,70,75,75,75,75,75,75,75,75,75,82,82,82,82,82,82,82,82,82,82,82,82,82,82,82,82,82,82,82,82,82,82,82,82,82,82,82,82,82,82],"card_choices":[{"not_picked":["Deflect","Bane"],"picked":"Backflip","floor":1},{"not_picked":["Acrobatics","Backflip"],"picked":"Blade Dance","floor":4},{"not_picked":["Backflip","Bane"],"picked":"A Thousand Cuts","floor":6},{"not_picked":["Heel Hook","Poisoned Stab","Catalyst"],"picked":"SKIP","floor":12},{"not_picked":["Bane","Catalyst"],"picked":"Backflip","floor":13},{"not_picked":["Noxious Fumes","Calculated Gamble"],"picked":"Deflect","floor":17},{"not_picked":["Blade Dance","Slice"],"picked":"Finisher","floor":18},{"not_picked":["Slice","Poisoned Stab"],"picked":"Escape Plan","floor":20},{"not_picked":["Outmaneuver","Finisher","Quick Slash"],"picked":"SKIP","floor":22},{"not_picked":["Envenom","Quick Slash","Predator"],"picked":"SKIP","floor":24},{"not_picked":["Dagger Throw","Quick Slash"],"picked":"PiercingWail+1","floor":29},{"not_picked":["Dagger Throw","Terror"],"picked":"Backstab","floor":30},{"not_picked":["Poisoned Stab","Predator"],"picked":"Escape Plan","floor":31},{"not_picked":["Unload","Burst"],"picked":"Night Terror","floor":33},{"not_picked":["Deadly Poison+1","Dagger Throw+1","Blade Dance"],"picked":"SKIP","floor":35},{"not_picked":["Dagger Throw","Outmaneuver+1"],"picked":"Blade Dance+1","floor":37},{"not_picked":["Masterful Stab","Deflect"],"picked":"Quick Slash+1","floor":41},{"not_picked":["Skewer+1","Dagger Throw","PiercingWail"],"picked":"SKIP","floor":45},{"not_picked":["Deflect","Dodge and Roll","Bane"],"picked":"SKIP","floor":46},{"not_picked":["Well Laid Plans","Outmaneuver","Prepared"],"picked":"SKIP","floor":48},{"not_picked":["Die Die Die","Eviscerate+1","Dodge and Roll"],"picked":"PiercingWail+1","floor":54}],"player_experience":10978,"relics_obtained":[{"floor":6,"key":"Bag of Preparation"},{"floor":9,"key":"Sundial"},{"floor":12,"key":"Gremlin Horn"},{"floor":24,"key":"Bottled Flame"},{"floor":26,"key":"Strawberry"},{"floor":30,"key":"Nunchaku"},{"floor":41,"key":"Omamori"},{"floor":46,"key":"MawBank"},{"floor":48,"key":"Question Card"},{"floor":54,"key":"Unceasing Top"}],"event_choices":[{"damage_healed":0,"gold_gain":175,"player_choice":"AGREE","damage_taken":0,"max_hp_gain":0,"max_hp_loss":0,"event_name":"Liars Game","floor":2,"gold_loss":0,"cards_obtained":["Doubt"]},{"cards_removed":["Doubt"],"damage_healed":0,"gold_gain":0,"player_choice":"Card Removal","damage_taken":0,"max_hp_gain":0,"max_hp_loss":0,"event_name":"The Cleric","floor":3,"gold_loss":50},{"damage_healed":0,"gold_gain":0,"player_choice":"Success","damage_taken":3,"relics_obtained":["Juzu Bracelet"],"max_hp_gain":0,"max_hp_loss":0,"event_name":"Scrap Ooze","floor":11,"gold_loss":0},{"cards_removed":["Strike_G"],"damage_healed":0,"gold_gain":0,"player_choice":"Card Removal","damage_taken":7,"max_hp_gain":0,"max_hp_loss":0,"event_name":"Golden Wing","floor":14,"gold_loss":0},{"damage_healed":0,"gold_gain":0,"player_choice":"Inject Mutagens","damage_taken":0,"relics_obtained":["MutagenicStrength"],"max_hp_gain":0,"max_hp_loss":0,"event_name":"Drug Dealer","floor":19,"gold_loss":0},{"damage_healed":0,"gold_gain":0,"player_choice":"Ignored","damage_taken":0,"max_hp_gain":0,"max_hp_loss":0,"event_name":"Vampires","floor":21,"gold_loss":0},{"cards_removed":["Defend_G"],"damage_healed":0,"gold_gain":0,"player_choice":"Purged","damage_taken":0,"max_hp_gain":0,"max_hp_loss":0,"event_name":"Purifier","floor":28,"gold_loss":0},{"cards_removed":["Defend_G"],"damage_healed":0,"gold_gain":0,"player_choice":"Removed Skill","damage_taken":0,"max_hp_gain":0,"max_hp_loss":0,"event_name":"Falling","floor":36,"gold_loss":0},{"cards_removed":["Strike_G"],"damage_healed":0,"gold_gain":0,"player_choice":"Upgrade and Remove","damage_taken":0,"max_hp_gain":0,"max_hp_loss":0,"event_name":"Designer","floor":38,"gold_loss":90,"cards_upgraded":["Escape Plan"]},{"damage_healed":0,"gold_gain":0,"player_choice":"Paid Gold","damage_taken":0,"relics_obtained":["Smiling Mask"],"max_hp_gain":0,"max_hp_loss":0,"event_name":"WeMeetAgain","floor":39,"gold_loss":69}],"is_beta":true,"boss_relics":[{"not_picked":["Lizard Tail","Orrery"],"picked":"Tiny House"},{"not_picked":["Eternal Feather","Velvet Choker"],"picked":"HoveringKite"}],"items_purged_floors":[27,53],"is_endless":false,"potions_floor_spawned":[18,30,35,41,46,54],"killed_by":"The Heart","ascension_level":1}