{"gold_per_floor":[18,30,48,61,61,61,96,107,107,124,158,158,173,184,184,282,282,293,293,293,311,331,344,344,269,269,299,299,309,326,30,30,125,125,135,152,152,152,27,27,47,47,47,47,47,64,64,80,80,80],"floor_reached":51,"playtime":1655,"items_purged":["Strike_R","Strike_R","Strike_R"],"score":708,"play_id":"1778896f-a6d2-4379-8aec-49ffb7c27466","local_time":"20190421140102","is_ascension_mode":false,"campfire_choices":[{"data":"Immolate","floor":6,"key":"SMITH"},{"data":"Flame Barrier","floor":12,"key":"SMITH"},{"data":"Shockwave","floor":15,"key":"SMITH"},{"data":"Metallicize","floor":24,"key":"SMITH"},{"floor":32,"key":"REST"},{"data":"Double Tap","floor":40,"key":"SMITH"},{"data":"Bash","floor":42,"key":"SMITH"},{"data":"Battle Trance","floor":45,"key":"SMITH"},{"data":"Shrug It Off","floor":49,"key":"SMITH"}],"neow_cost":"NO_GOLD","seed_source_timestamp":848310264743400,"circlet_count":0,"master_deck":["Strike_R","Defend_R","Defend_R","Defend_R","Defend_R","Bash+1","Immolate+1","Shrug It Off","Flame Barrier+1","Metallicize+1","Shockwave+1","Double Tap+1","Shrug It Off+1","Shrug It Off+1","Headbutt+1","Battle Trance+1","Flame Barrier+1","Shrug It Off+1","Shockwave+1","Flame Barrier+1"],"relics":["Burning Blood","WarpedTongs","Ice Cream","Boot","Centennial Puzzle","Velvet Choker","Lantern","Sundial","MutagenicStrength","DollysMirror","Philosopher\u0027s Stone","Dodecahedron"],"potions_floor_usage":[11,14,16,27,50,50],"damage_taken":[{"damage":3,"enemies":"Jaw Worm","floor":1,"turns":3},{"damage":0,"enemies":"Cultist","floor":2,"turns":2},{"damage":0,"enemies":"Small Slimes","floor":3,"turns":2},{"damage":17,"enemies":"Exordium Thugs","floor":4,"turns":4},{"damage":26,"enemies":"Gremlin Nob","floor":7,"turns":5},{"damage":0,"enemies":"2 Fungi Beasts","floor":8,"turns":1},{"damage":1,"enemies":"3 Louse","floor":10,"turns":3},{"damage":9,"enemies":"Lagavulin","floor":11,"turns":6},{"damage":7,"enemies":"Exordium Wildlife","floor":13,"turns":4},{"damage":0,"enemies":"Lots of Slimes","floor":14,"turns":2},{"damage":21,"enemies":"Hexaghost","floor":16,"turns":10},{"damage":11,"enemies":"Shell Parasite","floor":18,"turns":4},{"damage":13,"enemies":"Spheric Guardian","floor":21,"turns":6},{"damage":8,"enemies":"Centurion and Healer","floor":22,"turns":5},{"damage":0,"enemies":"Chosen and Byrds","floor":23,"turns":5},{"damage":15,"enemies":"Book of Stabbing","floor":27,"turns":5},{"damage":16,"enemies":"Snake Plant","floor":29,"turns":2},{"damage":0,"enemies":"Snecko","floor":30,"turns":3},{"damage":29,"enemies":"Champ","floor":33,"turns":13},{"damage":0,"enemies":"3 Darklings","floor":35,"turns":1},{"damage":0,"enemies":"3 Shapes","floor":36,"turns":4},{"damage":0,"enemies":"Maw","floor":41,"turns":8},{"damage":0,"enemies":"Sphere and 2 Shapes","floor":46,"turns":3},{"damage":0,"enemies":"Jaw Worm Horde","floor":48,"turns":3},{"damage":13,"enemies":"Awakened One","floor":50,"turns":19}],"seed_played":"-8022871529570738525","potions_obtained":[{"floor":1,"key":"GamblersBrew"},{"floor":3,"key":"GamblersBrew"},{"floor":11,"key":"LiquidBronze"},{"floor":16,"key":"Dexterity Potion"},{"floor":21,"key":"Block Potion"},{"floor":29,"key":"Weak Potion"},{"floor":30,"key":"Energy Potion"},{"floor":36,"key":"Block Potion"}],"is_trial":false,"path_per_floor":["M","M","M","M","?","R","E","M","T","M","E","R","M","M","R","B",null,"M","?","?","M","M","M","R","$","T","E","?","M","M","$","R","B",null,"M","M","?","?","$","R","M","R","T","$","R","M","?","M","R","B",null],"character_chosen":"IRONCLAD","items_purchased":["DollysMirror"],"campfire_rested":1,"item_purchase_floors":[31],"current_hp_per_floor":[80,80,80,69,69,69,49,55,55,60,57,57,56,62,62,47,80,75,75,75,68,66,72,72,72,72,63,63,53,59,59,80,57,80,80,80,76,76,76,76,76,76,76,76,76,76,76,76,76,69],"gold":80,"neow_bonus":"THREE_RARE_CARDS","is_prod":false,"is_daily":false,"chose_seed":false,"campfire_upgraded":8,"win_rate":0,"timestamp":1555848062,"path_taken":["M","M","M","M","?","R","E","?","T","M","E","R","M","M","R","BOSS","M","?","?","M","?","M","R","$","T","E","?","M","M","$","R","BOSS","M","M","?","?","$","R","M","R","T","?","R","?","?","M","R","BOSS"],"build_version":"2019-01-23","purchased_purges":3,"victory":true,"max_hp_per_floor":[80,80,80,80,80,80,80,80,80,80,80,80,80,80,80,80,80,80,80,80,80,80,80,80,80,80,80,80,80,80,80,80,80,80,80,80,76,76,76,76,76,76,76,76,76,76,76,76,76,76],"card_choices":[{"not_picked":["Reaper","Fiend Fire"],"picked":"Immolate","floor":0},{"not_picked":["Rage","Clothesline","Rupture"],"picked":"SKIP","floor":1},{"not_picked":["Sentinel","Iron Wave"],"picked":"Shrug It Off","floor":2},{"not_picked":["Body Slam","Clash","Intimidate"],"picked":"SKIP","floor":3},{"not_picked":["Headbutt","Iron Wave"],"picked":"Flame Barrier","floor":4},{"not_picked":["Dropkick","Anger"],"picked":"Metallicize","floor":7},{"not_picked":["Perfected Strike","Wild Strike","Seeing Red"],"picked":"SKIP","floor":8},{"not_picked":["True Grit","Clothesline","Dark Embrace"],"picked":"SKIP","floor":10},{"not_picked":["Pommel Strike","Perfected Strike"],"picked":"Shockwave","floor":11},{"not_picked":["Cleave","Thunderclap","Ghostly Armor"],"picked":"SKIP","floor":13},{"not_picked":["Twin Strike","Anger","Iron Wave"],"picked":"SKIP","floor":14},{"not_picked":["Impervious","Exhume"],"picked":"Double Tap","floor":16},{"not_picked":["Rage+1","Flex"],"picked":"Shrug It Off+1","floor":18},{"not_picked":["Heavy Blade","Evolve+1"],"picked":"Headbutt+1","floor":21},{"not_picked":["Warcry","Armaments","Perfected Strike+1"],"picked":"SKIP","floor":22},{"not_picked":["Infernal Blade+1","Pommel Strike","Heavy Blade"],"picked":"SKIP","floor":23},{"not_picked":["Metallicize","Power Through+1"],"picked":"Battle Trance","floor":27},{"not_picked":["Wild Strike","Shrug It Off","Seeing Red"],"picked":"SKIP","floor":29},{"not_picked":["Rampage","Clothesline+1","Iron Wave"],"picked":"SKIP","floor":30},{"not_picked":["Power Through","Searing Blow+1","Perfected Strike"],"picked":"SKIP","floor":35},{"not_picked":["Hemokinesis+1","Havoc","Cleave+1"],"picked":"SKIP","floor":36},{"not_picked":["Anger","Warcry"],"picked":"Shrug It Off+1","floor":41},{"not_picked":["Thunderclap","Intimidate+1"],"picked":"Shockwave+1","floor":46},{"not_picked":["Disarm","Bloodletting"],"picked":"Flame Barrier+1","floor":48}],"player_experience":617667,"relics_obtained":[{"floor":7,"key":"Ice Cream"},{"floor":9,"key":"Boot"},{"floor":11,"key":"Centennial Puzzle"},{"floor":26,"key":"Lantern"},{"floor":27,"key":"Sundial"},{"floor":43,"key":"Dodecahedron"}],"event_choices":[{"damage_healed":0,"gold_gain":0,"player_choice":"Rummage","damage_taken":0,"relics_obtained":["WarpedTongs"],"max_hp_gain":0,"max_hp_loss":0,"event_name":"Accursed Blacksmith","floor":5,"gold_loss":0,"cards_obtained":["Pain"]},{"damage_healed":0,"gold_gain":0,"player_choice":"Read","damage_taken":0,"max_hp_gain":0,"max_hp_loss":0,"event_name":"The Library","floor":19,"gold_loss":0,"cards_obtained":["Shrug It Off"]},{"cards_removed":["Pain"],"damage_healed":0,"gold_gain":0,"player_choice":"Removed Curses","damage_taken":0,"max_hp_gain":0,"max_hp_loss":0,"event_name":"Fountain of Cleansing","floor":20,"gold_loss":0},{"damage_healed":0,"gold_gain":0,"player_choice":"Inject Mutagens","damage_taken":0,"relics_obtained":["MutagenicStrength"],"max_hp_gain":0,"max_hp_loss":0,"event_name":"Drug Dealer","floor":28,"gold_loss":0},{"damage_healed":0,"gold_gain":0,"player_choice":"Max HP","damage_taken":0,"max_hp_gain":0,"max_hp_loss":4,"event_name":"Winding Halls","floor":37,"gold_loss":0},{"damage_healed":0,"gold_gain":0,"player_choice":"Memory 1","damage_taken":0,"max_hp_gain":0,"max_hp_loss":0,"event_name":"SensoryStone","floor":38,"gold_loss":0},{"cards_removed":["Strike_R"],"damage_healed":0,"gold_gain":0,"player_choice":"Removed Attack","damage_taken":0,"max_hp_gain":0,"max_hp_loss":0,"event_name":"Falling","floor":47,"gold_loss":0}],"is_beta":false,"boss_relics":[{"not_picked":["Runic Dome","Fusion Hammer"],"picked":"Velvet Choker"},{"not_picked":["Black Blood","Calling Bell"],"picked":"Philosopher\u0027s Stone"}],"items_purged_floors":[25,31,39],"is_endless":false,"potions_floor_spawned":[1,3,11,16,21,29,30,36,41],"ascension_level":0}