{"gold_per_floor":[113,130,147,147,147,147,176,194,194,170,170,203,32,32,32,106,106,123,123,139,64,64,64,91,137,173,219,242,254,595,618,630,718,730,757,769,330,348,35,35,35,64,136,148,167,199,211,241,241,241,241,241,241,134,161,161],"floor_reached":57,"playtime":4173,"items_purged":["Strike_R","Strike_R","Strike_R","Dropkick+1"],"score":2941,"play_id":"1b88aa1f-b5d6-4f6b-a5ba-23de1accab7d","local_time":"20190219220613","is_ascension_mode":true,"campfire_choices":[{"data":"Bash","floor":6,"key":"SMITH"},{"data":"Juggernaut","floor":11,"key":"SMITH"},{"data":"Iron Wave","floor":15,"key":"SMITH"},{"data":"Shockwave","floor":23,"key":"SMITH"},{"data":"Pommel Strike","floor":29,"key":"SMITH"},{"data":"Havoc","floor":32,"key":"SMITH"},{"floor":40,"key":"RECALL"},{"data":"Feel No Pain","floor":49,"key":"SMITH"},{"data":"Shrug It Off","floor":53,"key":"SMITH"}],"neow_cost":"TEN_PERCENT_HP_LOSS","seed_source_timestamp":91327762376162,"circlet_count":0,"master_deck":["AscendersBane","Defend_R+1","Defend_R","Defend_R","Defend_R","Bash+1","Metallicize+1","Shrug It Off+1","Feel No Pain+1","Juggernaut+1","Iron Wave+1","Impervious+1","Body Slam+1","Shockwave+1","Havoc+1","Pommel Strike+1","Shrug It Off+1","Body Slam+1","True Grit+1","Shrug It Off+1","Flame Barrier+1"],"relics":["Burning Blood","Bronze Scales","Bottled Flame","Centennial Puzzle","Coffee Dripper","MawBank","Smiling Mask","PreservedInsect","Dodecahedron","Old Coin","Runic Pyramid","Art of War","TheAbacus","Pantograph","StoneCalendar","Letter Opener","Whetstone","War Paint","Anchor"],"potions_floor_usage":[7,10,27,30,33,56],"damage_taken":[{"damage":3,"enemies":"2 Louse","floor":1,"turns":4},{"damage":6,"enemies":"Cultist","floor":2,"turns":5},{"damage":0,"enemies":"Small Slimes","floor":3,"turns":4},{"damage":20,"enemies":"Gremlin Nob","floor":7,"turns":4},{"damage":0,"enemies":"Blue Slaver","floor":8,"turns":7},{"damage":16,"enemies":"Exordium Thugs","floor":10,"turns":4},{"damage":1,"enemies":"Lagavulin","floor":12,"turns":7},{"damage":20,"enemies":"The Guardian","floor":16,"turns":11},{"damage":1,"enemies":"3 Byrds","floor":18,"turns":3},{"damage":5,"enemies":"Shell Parasite","floor":20,"turns":3},{"damage":1,"enemies":"Book of Stabbing","floor":25,"turns":4},{"damage":24,"enemies":"Slavers","floor":27,"turns":3},{"damage":2,"enemies":"Chosen and Byrds","floor":28,"turns":4},{"damage":13,"enemies":"Book of Stabbing","floor":30,"turns":4},{"damage":20,"enemies":"Snake Plant","floor":31,"turns":3},{"damage":12,"enemies":"Collector","floor":33,"turns":8},{"damage":0,"enemies":"3 Shapes","floor":35,"turns":5},{"damage":1,"enemies":"Orb Walker","floor":38,"turns":3},{"damage":11,"enemies":"Reptomancer","floor":42,"turns":5},{"damage":0,"enemies":"3 Darklings","floor":44,"turns":3},{"damage":0,"enemies":"Maw","floor":45,"turns":4},{"damage":12,"enemies":"Nemesis","floor":46,"turns":5},{"damage":3,"enemies":"4 Shapes","floor":47,"turns":4},{"damage":0,"enemies":"Giant Head","floor":48,"turns":4},{"damage":0,"enemies":"Awakened One","floor":50,"turns":8},{"damage":3,"enemies":"Donu and Deca","floor":51,"turns":7},{"damage":21,"enemies":"Shield and Spear","floor":55,"turns":5},{"damage":35,"enemies":"The Heart","floor":56,"turns":8}],"seed_played":"6612481087238304668","potions_obtained":[{"floor":2,"key":"AttackPotion"},{"floor":3,"key":"Explosive Potion"},{"floor":10,"key":"Strength Potion"},{"floor":12,"key":"Dexterity Potion"},{"floor":25,"key":"AttackPotion"},{"floor":27,"key":"Explosive Potion"},{"floor":33,"key":"SteroidPotion"},{"floor":38,"key":"Weak Potion"},{"floor":42,"key":"LiquidBronze"}],"is_trial":false,"path_per_floor":["M","M","M","?","?","R","E","M","T","M","R","E","$","?","R","B",null,"M","?","M","$","?","R","T","E","T","E","M","R","E","M","R","B",null,"M","?","$","M","$","R","?","E","T","M","M","E","M","E","R","B","B",null,"R","$","E","B",null],"character_chosen":"IRONCLAD","items_purchased":["Centennial Puzzle","Art of War","TheAbacus","Pantograph","Swift Potion"],"campfire_rested":0,"item_purchase_floors":[13,37,37,39,54],"current_hp_per_floor":[68,68,68,48,48,48,34,40,40,30,30,35,35,35,35,21,56,61,61,62,62,62,62,62,67,67,49,53,53,46,32,32,26,58,64,64,64,68,68,68,68,63,63,68,68,62,65,68,68,68,68,68,68,68,53,39],"gold":161,"neow_bonus":"REMOVE_TWO","is_prod":false,"is_daily":false,"chose_seed":false,"campfire_upgraded":8,"win_rate":0,"timestamp":1550631973,"path_taken":["M","M","M","?","?","R","E","?","T","M","R","E","$","?","R","BOSS","M","?","M","$","?","R","?","E","T","E","M","R","E","M","R","BOSS","M","?","$","M","$","R","?","E","T","M","M","E","?","E","R","BOSS","BOSS","R","$","E","BOSS"],"build_version":"2019-01-23","purchased_purges":4,"victory":true,"max_hp_per_floor":[68,68,68,68,68,68,68,68,68,68,68,68,68,68,68,68,68,68,68,68,68,68,68,68,68,68,68,68,68,68,68,68,68,68,68,68,68,68,68,68,68,68,68,68,68,68,68,68,68,68,68,68,68,68,68,68],"card_choices":[{"not_picked":["Armaments","True Grit"],"picked":"Metallicize","floor":1},{"not_picked":["Clash","Infernal Blade"],"picked":"Shrug It Off","floor":2},{"not_picked":["Perfected Strike","True Grit"],"picked":"Dropkick","floor":3},{"not_picked":["Headbutt","Intimidate"],"picked":"Feel No Pain","floor":7},{"not_picked":["Spot Weakness","Heavy Blade"],"picked":"Juggernaut","floor":8},{"not_picked":["Wild Strike","Warcry"],"picked":"Iron Wave","floor":10},{"not_picked":["Evolve","Blood for Blood","Pummel"],"picked":"SKIP","floor":12},{"not_picked":["Demon Form","Double Tap"],"picked":"Impervious","floor":16},{"not_picked":["Spot Weakness","Dual Wield"],"picked":"Body Slam+1","floor":18},{"not_picked":["Heavy Blade","Flex"],"picked":"Shockwave","floor":20},{"not_picked":["Fire Breathing","Clash"],"picked":"Havoc","floor":25},{"not_picked":["Headbutt","Second Wind+1"],"picked":"Pommel Strike","floor":27},{"not_picked":["Headbutt","Clothesline","Pommel Strike"],"picked":"SKIP","floor":28},{"not_picked":["Twin Strike","Rampage","Sword Boomerang"],"picked":"SKIP","floor":30},{"not_picked":["Feel No Pain","Heavy Blade"],"picked":"Shrug It Off","floor":31},{"not_picked":["Feel No Pain","Thunderclap"],"picked":"Body Slam+1","floor":35},{"not_picked":["Clothesline","Ghostly Armor","Twin Strike"],"picked":"SKIP","floor":38},{"not_picked":["Clothesline","Brutality","Warcry"],"picked":"SKIP","floor":42},{"not_picked":["Fire Breathing","Searing Blow","Uppercut"],"picked":"SKIP","floor":44},{"not_picked":["Armaments+1","Sentinel","Fire Breathing+1"],"picked":"SKIP","floor":45},{"not_picked":["Twin Strike","Whirlwind+1"],"picked":"True Grit+1","floor":46},{"not_picked":["Searing Blow+1","Carnage"],"picked":"Shrug It Off+1","floor":47},{"not_picked":["Flex","Power Through+1"],"picked":"Flame Barrier+1","floor":48},{"not_picked":["Wild Strike","Cleave","Intimidate"],"picked":"SKIP","floor":55}],"player_experience":1162572,"relics_obtained":[{"floor":7,"key":"Bronze Scales"},{"floor":12,"key":"Bottled Flame"},{"floor":24,"key":"MawBank"},{"floor":25,"key":"Smiling Mask"},{"floor":26,"key":"PreservedInsect"},{"floor":27,"key":"Dodecahedron"},{"floor":30,"key":"Old Coin"},{"floor":42,"key":"StoneCalendar"},{"floor":43,"key":"Letter Opener"},{"floor":46,"key":"Whetstone"},{"floor":48,"key":"War Paint"},{"floor":55,"key":"Anchor"}],"event_choices":[{"damage_healed":0,"gold_gain":0,"player_choice":"Entered Light","damage_taken":20,"max_hp_gain":0,"max_hp_loss":0,"event_name":"Shining Light","floor":4,"gold_loss":0,"cards_upgraded":["Defend_R","Metallicize"]},{"damage_healed":0,"gold_gain":0,"player_choice":"0 cards matched","damage_taken":0,"max_hp_gain":0,"max_hp_loss":0,"event_name":"Match and Keep!","floor":5,"gold_loss":0,"cards_obtained":[]},{"damage_healed":0,"gold_gain":0,"player_choice":"Ignored","damage_taken":0,"max_hp_gain":0,"max_hp_loss":0,"event_name":"Liars Game","floor":14,"gold_loss":0},{"damage_healed":0,"gold_gain":0,"player_choice":"Ignored","damage_taken":0,"max_hp_gain":0,"max_hp_loss":0,"event_name":"Vampires","floor":19,"gold_loss":0},{"damage_healed":0,"gold_gain":0,"player_choice":"Ignored","damage_taken":0,"max_hp_gain":0,"max_hp_loss":0,"event_name":"Beggar","floor":22,"gold_loss":0},{"damage_healed":0,"gold_gain":0,"player_choice":"Ignored","damage_taken":0,"max_hp_gain":0,"max_hp_loss":0,"event_name":"Tomb of Lord Red Mask","floor":36,"gold_loss":0},{"damage_healed":0,"gold_gain":0,"player_choice":"Memory 1","damage_taken":0,"max_hp_gain":0,"max_hp_loss":0,"event_name":"SensoryStone","floor":41,"gold_loss":0}],"is_beta":false,"boss_relics":[{"not_picked":["Pandora\u0027s Box","Tiny House"],"picked":"Coffee Dripper"},{"not_picked":["Fusion Hammer","Black Star"],"picked":"Runic Pyramid"}],"items_purged_floors":[21,37,39,54],"is_endless":false,"potions_floor_spawned":[2,3,10,12,25,27,33,38,42,46],"ascension_level":20}