{"gold_per_floor":[114,114,114,64,140,140,315,348,348,348,380,397,424,123,123,226,276,295,310,310,310,20,78,78,88,88,13,13,44,44,72,72,174,174,191,191,191,208,228,228,259,275,275,308,325,350,350,135,135,135,135,135,63,94,94],"floor_reached":56,"playtime":2868,"items_purged":["Doubt","Writhe"],"score":1694,"play_id":"65a183ef-7136-42c6-8ccc-f33efac642f4","local_time":"20190312225337","is_ascension_mode":true,"campfire_choices":[{"data":"Go for the Eyes","floor":6,"key":"SMITH"},{"data":"1","floor":10,"key":"LIFT"},{"data":"2","floor":15,"key":"LIFT"},{"data":"3","floor":24,"key":"LIFT"},{"data":"Scrape","floor":28,"key":"SMITH"},{"data":"Sunder","floor":32,"key":"SMITH"},{"data":"Defragment","floor":40,"key":"SMITH"},{"floor":47,"key":"RECALL"},{"data":"Machine Learning","floor":49,"key":"SMITH"},{"data":"Echo Form","floor":52,"key":"SMITH"}],"neow_cost":"NONE","seed_source_timestamp":98905793136599,"circlet_count":0,"master_deck":["Strike_B+1","Strike_B+1","Strike_B+1","Defend_B+1","Defend_B+1","Defend_B+1","Defend_B+1","Zap+1","Go for the Eyes+1","FTL","Sunder+1","Gash","Scrape+1","Leap+1","Turbo+1","All For One","Leap+1","Conserve Battery+1","Conserve Battery+1","Cold Snap","Glacier+1","Gash","Steam+1","Hologram+1","Glacier+1","Machine Learning+1","Beam Cell+1","Steam Power+1","Conserve Battery+1","Stack+1","Sweeping Beam+1","Skim+1","Chill+1","Defragment+1","Barrage+1","Steam Power+1","Echo Form+1","Coolheaded+1","Go for the Eyes+1","Hologram+1","Violence+1","Double Energy+1"],"relics":["Cracked Core","NeowsBlessing","Pocketwatch","Shuriken","Nunchaku","Girya","War Paint","Toxic Egg 2","PreservedInsect","Tiny House","Happy Flower","Runic Capacitor","Tiny Chest","Blood Vial","Bronze Scales","Letter Opener","Blue Candle","Orrery","Ancient Tea Set","Omamori","Pear","Ice Cream"],"potions_floor_usage":[17,29,50,55,55,55],"damage_taken":[{"damage":0,"enemies":"2 Louse","floor":1,"turns":1},{"damage":0,"enemies":"3 Sentries","floor":8,"turns":1},{"damage":0,"enemies":"Gremlin Nob","floor":11,"turns":1},{"damage":0,"enemies":"Jaw Worm","floor":12,"turns":2},{"damage":26,"enemies":"3 Sentries","floor":13,"turns":7},{"damage":0,"enemies":"Slime Boss","floor":16,"turns":6},{"damage":0,"enemies":"Spheric Guardian","floor":18,"turns":2},{"damage":5,"enemies":"2 Thieves","floor":19,"turns":3},{"damage":0,"enemies":"Gremlin Leader","floor":23,"turns":4},{"damage":0,"enemies":"3 Cultists","floor":25,"turns":4},{"damage":0,"enemies":"Slavers","floor":29,"turns":3},{"damage":0,"enemies":"Book of Stabbing","floor":31,"turns":2},{"damage":12,"enemies":"Collector","floor":33,"turns":7},{"damage":7,"enemies":"Orb Walker","floor":35,"turns":2},{"damage":0,"enemies":"3 Darklings","floor":38,"turns":3},{"damage":0,"enemies":"4 Shapes","floor":39,"turns":4},{"damage":2,"enemies":"Reptomancer","floor":41,"turns":3},{"damage":0,"enemies":"Sphere and 2 Shapes","floor":42,"turns":3},{"damage":0,"enemies":"Giant Head","floor":44,"turns":2},{"damage":28,"enemies":"Jaw Worm Horde","floor":45,"turns":3},{"damage":0,"enemies":"Nemesis","floor":46,"turns":5},{"damage":0,"enemies":"Time Eater","floor":50,"turns":8},{"damage":14,"enemies":"Shield and Spear","floor":54,"turns":4},{"damage":15,"enemies":"The Heart","floor":55,"turns":6}],"seed_played":"-5761395397479687458","potions_obtained":[{"floor":11,"key":"Energy Potion"},{"floor":16,"key":"Poison Potion"},{"floor":17,"key":"Fruit Juice"},{"floor":19,"key":"FocusPotion"},{"floor":31,"key":"PowerPotion"}],"is_trial":false,"path_per_floor":["M","?","?","?","T","R","?","E","T","R","E","M","E","$","R","B",null,"M","M","?","?","$","E","R","M","T","$","R","E","T","E","R","B",null,"M","?","?","M","M","R","E","M","T","E","M","E","R","$","R","B",null,"R","$","E","B",null],"character_chosen":"DEFECT","items_purchased":["Leap+1","PreservedInsect","Turbo+1","Runic Capacitor","Gash","Steam+1","Hologram+1","Violence+1","Ancient Potion"],"campfire_rested":0,"item_purchase_floors":[14,14,14,22,27,27,48,48,53],"current_hp_per_floor":[75,75,75,75,75,75,75,75,75,75,75,75,49,49,49,49,85,85,80,80,80,80,80,80,80,80,80,80,82,82,84,84,73,85,78,78,78,80,82,82,82,84,84,85,57,69,69,69,69,71,95,95,95,81,68],"gold":94,"neow_bonus":"THREE_ENEMY_KILL","is_prod":false,"is_daily":false,"chose_seed":false,"campfire_upgraded":6,"win_rate":0,"timestamp":1552445617,"path_taken":["M","?","?","?","?","R","?","E","T","R","E","M","E","$","R","BOSS","M","M","?","?","$","E","R","M","T","?","R","E","?","E","R","BOSS","M","?","?","M","?","R","E","M","T","E","M","E","R","$","R","BOSS","R","$","E","BOSS"],"build_version":"2019-02-06","purchased_purges":2,"victory":true,"max_hp_per_floor":[75,75,75,75,75,75,75,75,75,75,75,75,75,75,75,75,85,85,85,85,85,85,85,85,85,85,85,85,85,85,85,85,85,85,85,85,85,85,85,85,85,85,85,85,85,95,95,95,95,95,95,95,95,95,95],"card_choices":[{"not_picked":["Hologram","Storm"],"picked":"Go for the Eyes","floor":1},{"not_picked":["Recycle","Static Discharge"],"picked":"FTL","floor":8},{"not_picked":["Streamline","Conserve Battery"],"picked":"Sunder","floor":11},{"not_picked":["Sweeping Beam","Tempest"],"picked":"Gash","floor":12},{"not_picked":["Go for the Eyes","Heatsinks"],"picked":"Scrape","floor":13},{"not_picked":["Hyperbeam","Buffer"],"picked":"All For One","floor":16},{"not_picked":["Compile Driver","Sweeping Beam"],"picked":"Leap+1","floor":17},{"not_picked":["Rip and Tear","Reprogram+1"],"picked":"Conserve Battery+1","floor":18},{"not_picked":["Darkness+1","Compile Driver+1"],"picked":"Conserve Battery+1","floor":19},{"not_picked":["Stack+1","Compile Driver+1"],"picked":"Cold Snap","floor":23},{"not_picked":["Aggregate+1","Coolheaded+1"],"picked":"Glacier+1","floor":25},{"not_picked":["Conserve Battery+1","Melter"],"picked":"Hologram+1","floor":29},{"not_picked":["Steam+1","Capacitor"],"picked":"Glacier+1","floor":31},{"not_picked":["Core Surge","Amplify+1"],"picked":"Machine Learning","floor":33},{"not_picked":["Leap+1","Hologram+1"],"picked":"Beam Cell+1","floor":34},{"not_picked":["Lockon+1","Hologram+1"],"picked":"Steam Power+1","floor":34},{"not_picked":["Cold Snap","Barrage"],"picked":"Conserve Battery+1","floor":34},{"not_picked":["Leap+1","Beam Cell"],"picked":"Stack+1","floor":34},{"not_picked":["Streamline","Stack+1"],"picked":"Sweeping Beam+1","floor":34},{"not_picked":["Streamline+1","Auto Shields+1"],"picked":"Skim+1","floor":35},{"not_picked":["Fusion+1","Blizzard+1"],"picked":"Chill+1","floor":38},{"not_picked":["Amplify+1","Conserve Battery+1"],"picked":"Defragment","floor":39},{"not_picked":["Turbo+1","Beam Cell+1"],"picked":"Barrage+1","floor":41},{"not_picked":["Beam Cell+1","Streamline"],"picked":"Steam Power+1","floor":42},{"not_picked":["Storm+1","Streamline"],"picked":"Echo Form","floor":44},{"not_picked":["Compile Driver","Redo+1"],"picked":"Coolheaded+1","floor":45},{"not_picked":["Steam Power+1","Barrage"],"picked":"Go for the Eyes+1","floor":46},{"not_picked":["Skim+1","Cold Snap+1"],"picked":"Double Energy+1","floor":54}],"player_experience":4886768,"relics_obtained":[{"floor":5,"key":"Shuriken"},{"floor":8,"key":"Nunchaku"},{"floor":9,"key":"Girya"},{"floor":11,"key":"War Paint"},{"floor":13,"key":"Toxic Egg 2"},{"floor":23,"key":"Tiny Chest"},{"floor":26,"key":"Blood Vial"},{"floor":29,"key":"Bronze Scales"},{"floor":30,"key":"Letter Opener"},{"floor":31,"key":"Blue Candle"},{"floor":41,"key":"Ancient Tea Set"},{"floor":44,"key":"Omamori"},{"floor":46,"key":"Pear"},{"floor":54,"key":"Ice Cream"}],"event_choices":[{"damage_healed":0,"gold_gain":0,"player_choice":"Grow","damage_taken":0,"max_hp_gain":0,"max_hp_loss":0,"event_name":"Living Wall","floor":2,"gold_loss":0,"cards_upgraded":["Zap"]},{"damage_healed":0,"gold_gain":0,"player_choice":"Box","damage_taken":0,"relics_obtained":["Pocketwatch"],"max_hp_gain":0,"max_hp_loss":0,"event_name":"Big Fish","floor":3,"gold_loss":0,"cards_obtained":["Regret"]},{"cards_removed":["Regret"],"damage_healed":0,"gold_gain":0,"player_choice":"Card Removal","damage_taken":0,"max_hp_gain":0,"max_hp_loss":0,"event_name":"The Cleric","floor":4,"gold_loss":50},{"damage_healed":0,"gold_gain":175,"player_choice":"AGREE","damage_taken":0,"max_hp_gain":0,"max_hp_loss":0,"event_name":"Liars Game","floor":7,"gold_loss":0,"cards_obtained":["Doubt"]},{"damage_healed":0,"gold_gain":0,"player_choice":"Simplicity","damage_taken":0,"max_hp_gain":0,"max_hp_loss":0,"event_name":"Back to Basics","floor":20,"gold_loss":0,"cards_upgraded":["Strike_B","Strike_B","Strike_B","Strike_B","Defend_B","Defend_B"]},{"damage_healed":0,"gold_gain":0,"player_choice":"Opened","damage_taken":0,"relics_obtained":["Happy Flower"],"max_hp_gain":0,"max_hp_loss":0,"event_name":"The Mausoleum","floor":21,"gold_loss":0,"cards_obtained":["Writhe"]},{"cards_removed":["Dualcast"],"damage_healed":0,"gold_gain":0,"player_choice":"Removed Skill","damage_taken":0,"max_hp_gain":0,"max_hp_loss":0,"event_name":"Falling","floor":36,"gold_loss":0},{"cards_removed":["Strike_B"],"damage_healed":0,"gold_gain":0,"player_choice":"Purged","damage_taken":0,"max_hp_gain":0,"max_hp_loss":0,"event_name":"Purifier","floor":37,"gold_loss":0}],"is_beta":true,"boss_relics":[{"not_picked":["Lizard Tail","Busted Crown"],"picked":"Tiny House"},{"not_picked":["Empty Cage","Inserter"],"picked":"Orrery"}],"items_purged_floors":[14,22],"is_endless":false,"potions_floor_spawned":[11,16,19,31,41,42,44,46],"ascension_level":1}