{"gold_per_floor":[116,116,140,140,140,140,183,183,183,199,199,212,250,113,113,202,202,215,265,265,265,279,317,242,266,266,77,77,116,116],"floor_reached":30,"playtime":1098,"items_purged":["Strike_B","Strike_B+1"],"score":457,"play_id":"d05988c6-7093-498d-a983-7adc56c156ea","local_time":"20190515110758","is_ascension_mode":true,"campfire_choices":[{"data":"Glacier","floor":6,"key":"SMITH"},{"data":"Zap","floor":8,"key":"SMITH"},{"data":"Static Discharge","floor":11,"key":"SMITH"},{"data":"Echo Form","floor":15,"key":"SMITH"},{"floor":28,"key":"REST"}],"neow_cost":"NONE","seed_source_timestamp":2927513551411876,"circlet_count":0,"master_deck":["AscendersBane","Strike_B+1","Strike_B+1","Defend_B+1","Defend_B+1","Defend_B+1","Defend_B+1","Zap+1","Defragment+1","Glacier+1","Static Discharge+1","Echo Form+1","Ball Lightning","Defragment","Echo Form","Coolheaded","Blizzard+1","Ball Lightning+1","Cold Snap+1"],"relics":["Cracked Core","Regal Pillow","Golden Idol","Vajra","Omamori","Smiling Mask","Busted Crown","Ornamental Fan","Ancient Tea Set","Molten Egg 2","Red Mask"],"potions_floor_usage":[7,13,16,25,29],"damage_taken":[{"damage":8,"enemies":"Jaw Worm","floor":1,"turns":4},{"damage":11,"enemies":"2 Louse","floor":3,"turns":3},{"damage":11,"enemies":"Lagavulin","floor":7,"turns":8},{"damage":11,"enemies":"Small Slimes","floor":10,"turns":3},{"damage":13,"enemies":"Exordium Wildlife","floor":12,"turns":4},{"damage":10,"enemies":"3 Sentries","floor":13,"turns":12},{"damage":5,"enemies":"Hexaghost","floor":16,"turns":11},{"damage":6,"enemies":"3 Byrds","floor":18,"turns":2},{"damage":11,"enemies":"Spheric Guardian","floor":22,"turns":3},{"damage":22,"enemies":"Slavers","floor":23,"turns":6},{"damage":15,"enemies":"Centurion and Healer","floor":25,"turns":6},{"damage":14,"enemies":"Masked Bandits","floor":29,"turns":4},{"damage":13,"enemies":"Colosseum Slavers","floor":30,"turns":5},{"damage":14,"enemies":"Colosseum Nobs","floor":30,"turns":2}],"seed_played":"1149304991738172408","potions_obtained":[{"floor":1,"key":"SpeedPotion"},{"floor":3,"key":"Poison Potion"},{"floor":13,"key":"Regen Potion"},{"floor":23,"key":"AttackPotion"},{"floor":25,"key":"SkillPotion"}],"is_trial":false,"path_per_floor":["M","?","M","?","?","R","E","R","T","M","R","M","E","$","R","B",null,"M","?","?","?","M","E","?","M","T","$","R","?","?"],"character_chosen":"DEFECT","items_purchased":["Defragment","Blizzard+1","Ball Lightning+1"],"campfire_rested":1,"item_purchase_floors":[14,27,27],"current_hp_per_floor":[56,56,45,50,50,50,39,39,39,28,28,15,5,5,5,15,56,50,50,50,50,39,17,17,2,2,2,37,23,0],"gold":116,"neow_bonus":"RANDOM_COMMON_RELIC","is_prod":false,"is_daily":false,"chose_seed":false,"campfire_upgraded":4,"win_rate":0,"timestamp":1557929278,"path_taken":["M","?","M","?","?","R","E","R","T","M","R","M","E","$","R","BOSS","M","?","?","?","?","E","?","M","T","$","R","?","?"],"build_version":"2019-01-23","purchased_purges":2,"victory":false,"max_hp_per_floor":[71,64,64,69,69,69,69,69,69,69,69,69,69,69,69,69,69,69,69,69,69,69,69,69,69,69,69,69,69,69],"card_choices":[{"not_picked":["Force Field","Cold Snap"],"picked":"Defragment","floor":1},{"not_picked":["Turbo","Go for the Eyes"],"picked":"Glacier","floor":3},{"not_picked":["Steam","Conserve Battery"],"picked":"Static Discharge","floor":7},{"not_picked":["Sweeping Beam","Cold Snap"],"picked":"Echo Form","floor":10},{"not_picked":["Turbo","Gash"],"picked":"Double Energy","floor":12},{"not_picked":["Steam","Aggregate"],"picked":"Ball Lightning","floor":13},{"not_picked":["Meteor Strike","Machine Learning"],"picked":"Echo Form","floor":16},{"not_picked":["Scrape+1"],"picked":"SKIP","floor":18},{"not_picked":["Steam"],"picked":"SKIP","floor":22},{"not_picked":["Redo"],"picked":"SKIP","floor":23},{"not_picked":[],"picked":"Coolheaded","floor":25},{"not_picked":[],"picked":"Cold Snap+1","floor":29}],"player_experience":1339518,"relics_obtained":[{"floor":7,"key":"Vajra"},{"floor":9,"key":"Omamori"},{"floor":13,"key":"Smiling Mask"},{"floor":23,"key":"Ancient Tea Set"},{"floor":26,"key":"Molten Egg 2"},{"floor":29,"key":"Red Mask"}],"event_choices":[{"damage_healed":0,"gold_gain":0,"player_choice":"Lose Max HP","damage_taken":0,"relics_obtained":["Golden Idol"],"max_hp_gain":0,"max_hp_loss":7,"event_name":"Golden Idol","floor":2,"gold_loss":0},{"damage_healed":0,"gold_gain":0,"player_choice":"Donut","damage_taken":0,"max_hp_gain":5,"max_hp_loss":0,"event_name":"Big Fish","floor":4,"gold_loss":0},{"damage_healed":0,"gold_gain":0,"player_choice":"Grow","damage_taken":0,"max_hp_gain":0,"max_hp_loss":0,"event_name":"Living Wall","floor":5,"gold_loss":0,"cards_upgraded":["Defragment"]},{"damage_healed":0,"gold_gain":50,"player_choice":"Stole From Cult","damage_taken":0,"max_hp_gain":0,"max_hp_loss":0,"event_name":"Nest","floor":19,"gold_loss":0},{"damage_healed":0,"gold_gain":0,"player_choice":"Simplicity","damage_taken":0,"max_hp_gain":0,"max_hp_loss":0,"event_name":"Back to Basics","floor":20,"gold_loss":0,"cards_upgraded":["Strike_B","Strike_B","Strike_B","Defend_B","Defend_B","Defend_B","Defend_B"]},{"cards_removed":["Double Energy"],"damage_healed":0,"gold_gain":0,"player_choice":"Gave Card","damage_taken":0,"relics_obtained":["Ornamental Fan"],"max_hp_gain":0,"max_hp_loss":0,"event_name":"WeMeetAgain","floor":21,"gold_loss":0},{"cards_removed":["Dualcast"],"damage_healed":0,"gold_gain":0,"player_choice":"Gave Gold","damage_taken":0,"max_hp_gain":0,"max_hp_loss":0,"event_name":"Beggar","floor":24,"gold_loss":75},{"damage_healed":0,"gold_gain":0,"player_choice":"Fought Bandits","damage_taken":0,"max_hp_gain":0,"max_hp_loss":0,"event_name":"Masked Bandits","floor":29,"gold_loss":0},{"damage_healed":0,"gold_gain":0,"player_choice":"Fight","damage_taken":0,"max_hp_gain":0,"max_hp_loss":0,"event_name":"Colosseum","floor":30,"gold_loss":0},{"damage_healed":0,"gold_gain":0,"player_choice":"Fought Nobs","damage_taken":0,"max_hp_gain":0,"max_hp_loss":0,"event_name":"Colosseum","floor":30,"gold_loss":0}],"is_beta":false,"boss_relics":[{"not_picked":["Tiny House","Runic Dome"],"picked":"Busted Crown"}],"items_purged_floors":[14,27],"is_endless":false,"potions_floor_spawned":[1,3,13,23,25,30],"killed_by":"Colosseum Nobs","ascension_level":16}