{"gold_per_floor":[116,131,131,30,42,42,76,76,76,76,76,41,51,84,84,189,189,206,159,159,171,171,198,198,215,239,239,239,239],"floor_reached":29,"playtime":1201,"items_purged":["Dualcast"],"score":386,"play_id":"10e69004-a005-4031-bdba-f94e9cd61717","local_time":"20190314204216","is_ascension_mode":true,"campfire_choices":[{"floor":6,"key":"RECALL"},{"floor":8,"key":"REST"},{"floor":10,"key":"REST"},{"floor":15,"key":"REST"},{"floor":24,"key":"REST"}],"neow_cost":"NONE","seed_source_timestamp":154899731109664,"circlet_count":0,"master_deck":["AscendersBane","Strike_B+1","Strike_B+1","Strike_B+1","Strike_B+1","Defend_B+1","Defend_B+1","Defend_B+1","Defend_B+1","Zap+1","Barrage","Leap","Conserve Battery+1","Sweeping Beam","Go for the Eyes+1","Rebound+1","Barrage+1","Machine Learning+1","Sweeping Beam+1","Cold Snap+1","Streamline+1","Sunder+1","Coolheaded"],"relics":["Fusion Hammer","Molten Egg 2","Omamori","Darkstone Periapt","Philosopher\u0027s Stone","Dodecahedron","Centennial Puzzle","Regal Pillow"],"potions_floor_usage":[7,7,14,16,23],"damage_taken":[{"damage":1,"enemies":"Jaw Worm","floor":1,"turns":4},{"damage":0,"enemies":"Cultist","floor":2,"turns":3},{"damage":0,"enemies":"Small Slimes","floor":5,"turns":4},{"damage":34,"enemies":"Gremlin Nob","floor":7,"turns":5},{"damage":9,"enemies":"Blue Slaver","floor":13,"turns":4},{"damage":20,"enemies":"3 Sentries","floor":14,"turns":6},{"damage":35,"enemies":"The Guardian","floor":16,"turns":12},{"damage":41,"enemies":"3 Byrds","floor":18,"turns":5},{"damage":9,"enemies":"Chosen","floor":21,"turns":5},{"damage":39,"enemies":"Gremlin Leader","floor":23,"turns":6},{"damage":18,"enemies":"Snake Plant","floor":25,"turns":3},{"damage":35,"enemies":"Book of Stabbing","floor":29,"turns":5}],"seed_played":"-1198555012938828161","potions_obtained":[{"floor":2,"key":"EntropicBrew"},{"floor":5,"key":"Block Potion"},{"floor":21,"key":"Strength Potion"}],"is_trial":false,"path_per_floor":["M","M","?","$","M","R","E","R","T","R","?","$","M","E","R","B",null,"M","$","?","M","?","E","R","M","T","?","?","E"],"character_chosen":"DEFECT","items_purchased":["Conserve Battery","Loop","Cold Snap+1"],"campfire_rested":4,"item_purchase_floors":[4,12,19],"current_hp_per_floor":[67,67,67,67,67,67,33,55,55,75,60,60,51,31,53,18,61,20,20,75,66,66,27,49,31,31,31,31,0],"gold":239,"neow_bonus":"BOSS_RELIC","is_prod":false,"is_daily":false,"chose_seed":false,"campfire_upgraded":0,"win_rate":0,"timestamp":1552606936,"path_taken":["M","M","?","?","M","R","E","R","T","R","?","?","M","E","R","BOSS","M","$","?","?","?","E","R","?","T","?","?","E"],"build_version":"2019-01-23","purchased_purges":1,"victory":false,"max_hp_per_floor":[75,75,75,75,75,75,75,75,75,75,75,75,75,75,75,75,75,75,75,75,75,75,75,75,75,75,75,75,75],"card_choices":[{"not_picked":["Turbo","White Noise"],"picked":"Barrage","floor":1},{"not_picked":["Redo","Rebound"],"picked":"Leap","floor":2},{"not_picked":["Go for the Eyes","BootSequence"],"picked":"Sweeping Beam","floor":5},{"not_picked":["Beam Cell","Redo"],"picked":"Go for the Eyes","floor":7},{"not_picked":["Leap","Gash+1"],"picked":"Rebound+1","floor":13},{"not_picked":["Hologram","Gash+1"],"picked":"Barrage+1","floor":14},{"not_picked":["Buffer","Biased Cognition"],"picked":"Machine Learning","floor":16},{"not_picked":["Coolheaded","Scrape+1"],"picked":"Sweeping Beam+1","floor":18},{"not_picked":["Steam+1","Lockon+1"],"picked":"Streamline+1","floor":21},{"not_picked":["Darkness","Steam Power"],"picked":"Sunder+1","floor":23},{"not_picked":["Sunder+1","Barrage+1"],"picked":"Coolheaded","floor":25}],"player_experience":954652,"relics_obtained":[{"floor":7,"key":"Molten Egg 2"},{"floor":9,"key":"Omamori"},{"floor":14,"key":"Darkstone Periapt"},{"floor":23,"key":"Dodecahedron"},{"floor":26,"key":"Centennial Puzzle"}],"event_choices":[{"damage_healed":0,"gold_gain":0,"player_choice":"Upgraded","damage_taken":0,"max_hp_gain":0,"max_hp_loss":0,"event_name":"Upgrade Shrine","floor":3,"gold_loss":0,"cards_upgraded":["Zap"]},{"damage_healed":0,"gold_gain":0,"player_choice":"Entered Light","damage_taken":15,"max_hp_gain":0,"max_hp_loss":0,"event_name":"Shining Light","floor":11,"gold_loss":0,"cards_upgraded":["Conserve Battery","Defend_B"]},{"cards_removed":["Loop"],"damage_healed":55,"gold_gain":0,"player_choice":"Offered Uncommon","damage_taken":0,"max_hp_gain":0,"max_hp_loss":0,"event_name":"Bonfire Elementals","floor":20,"gold_loss":0},{"damage_healed":0,"gold_gain":0,"player_choice":"Upgraded","damage_taken":0,"max_hp_gain":0,"max_hp_loss":0,"event_name":"Upgrade Shrine","floor":22,"gold_loss":0,"cards_upgraded":["Machine Learning"]},{"damage_healed":0,"gold_gain":0,"player_choice":"Simplicity","damage_taken":0,"max_hp_gain":0,"max_hp_loss":0,"event_name":"Back to Basics","floor":27,"gold_loss":0,"cards_upgraded":["Strike_B","Strike_B","Strike_B","Strike_B","Defend_B","Defend_B","Defend_B"]},{"damage_healed":0,"gold_gain":0,"player_choice":"Opened","damage_taken":0,"relics_obtained":["Regal Pillow"],"max_hp_gain":0,"max_hp_loss":0,"event_name":"The Mausoleum","floor":28,"gold_loss":0}],"is_beta":false,"boss_relics":[{"not_picked":["Velvet Choker","Snecko Eye"],"picked":"Philosopher\u0027s Stone"}],"items_purged_floors":[4],"is_endless":false,"potions_floor_spawned":[2,5,21],"killed_by":"Book of Stabbing","ascension_level":11}