{"gold_per_floor":[114,114,114,114,134,134,177,196,250,51,91,91,110,126,126,126],"floor_reached":16,"playtime":323,"items_purged":[],"score":182,"play_id":"dae03a3a-3635-40b4-b797-19ef1626970d","local_time":"20190102164743","is_ascension_mode":true,"campfire_choices":[{"data":"Gash","floor":6,"key":"SMITH"},{"floor":12,"key":"REST"},{"floor":15,"key":"REST"}],"neow_cost":"NONE","seed_source_timestamp":1023957580856033,"circlet_count":0,"master_deck":["Strike_B","Strike_B","Strike_B","Strike_B","Defend_B","Defend_B","Defend_B","Defend_B","Zap","Dualcast","Gash+1","Regret","Conserve Battery","Double Energy","Consume","Rebound","White Noise","Turbo","Defragment"],"relics":["Cracked Core","NeowsBlessing","Strawberry","Anchor","Golden Idol","WingedGreaves","Art of War","Vajra","Girya"],"potions_floor_usage":[11,11,16,16],"damage_taken":[{"damage":0,"enemies":"Small Slimes","floor":1,"turns":1},{"damage":0,"enemies":"2 Louse","floor":5,"turns":1},{"damage":0,"enemies":"3 Sentries","floor":7,"turns":1},{"damage":11,"enemies":"Jaw Worm","floor":8,"turns":4},{"damage":37,"enemies":"Gremlin Nob","floor":11,"turns":4},{"damage":2,"enemies":"Looter","floor":13,"turns":3},{"damage":27,"enemies":"Gremlin Gang","floor":14,"turns":4},{"damage":37,"enemies":"The Guardian","floor":16,"turns":8}],"seed_played":"-1885150643764016636","potions_obtained":[{"floor":1,"key":"Poison Potion"},{"floor":7,"key":"SteroidPotion"},{"floor":13,"key":"EssenceOfSteel"},{"floor":14,"key":"PowerPotion"}],"is_trial":false,"path_per_floor":["M","?","?","?","M","R","E","M","T","$","E","R","M","M","R","B"],"character_chosen":"DEFECT","items_purchased":["Vajra","Rebound"],"campfire_rested":2,"item_purchase_floors":[10,10],"current_hp_per_floor":[68,75,68,68,68,68,68,57,57,57,20,42,40,13,35,0],"gold":126,"neow_bonus":"THREE_ENEMY_KILL","is_prod":false,"is_daily":false,"chose_seed":false,"campfire_upgraded":1,"win_rate":0,"timestamp":1546458463,"path_taken":["M","?","?","?","M","R","E","?","T","$","E","R","M","M","R","BOSS"],"build_version":"2018-12-20","purchased_purges":0,"victory":false,"max_hp_per_floor":[75,82,82,76,76,76,76,76,76,76,76,76,76,76,76,76],"card_choices":[{"not_picked":["Loop","Conserve Battery"],"picked":"Gash","floor":1},{"not_picked":["Reprogram","Beam Cell"],"picked":"Conserve Battery","floor":5},{"not_picked":["Storm","Sweeping Beam"],"picked":"Double Energy","floor":7},{"not_picked":["Hologram","Steam"],"picked":"Consume","floor":8},{"not_picked":["Rebound","BootSequence"],"picked":"White Noise","floor":11},{"not_picked":["Hologram","Consume"],"picked":"Turbo","floor":13},{"not_picked":["Scrape","Turbo"],"picked":"Defragment","floor":14}],"player_experience":608372,"relics_obtained":[{"floor":7,"key":"WingedGreaves"},{"floor":9,"key":"Art of War"},{"floor":11,"key":"Girya"}],"event_choices":[{"damage_healed":0,"gold_gain":0,"player_choice":"Box","damage_taken":0,"relics_obtained":["Strawberry"],"max_hp_gain":0,"max_hp_loss":0,"event_name":"Big Fish","floor":2,"gold_loss":0,"cards_obtained":["Regret"]},{"damage_healed":0,"gold_gain":0,"player_choice":"Success","damage_taken":7,"relics_obtained":["Anchor"],"max_hp_gain":0,"max_hp_loss":0,"event_name":"Scrap Ooze","floor":3,"gold_loss":0},{"damage_healed":0,"gold_gain":0,"player_choice":"Lose Max HP","damage_taken":0,"relics_obtained":["Golden Idol"],"max_hp_gain":0,"max_hp_loss":6,"event_name":"Golden Idol","floor":4,"gold_loss":0}],"is_beta":false,"boss_relics":[],"items_purged_floors":[],"is_endless":false,"potions_floor_spawned":[1,7,13,14],"killed_by":"The Guardian","ascension_level":7}