{"gold_per_floor":[112,112,129,147,147,147,157,157,180,180,210,260,286,299,299,299],"floor_reached":16,"playtime":907,"items_purged":[],"score":220,"play_id":"f7c0d9b8-e72c-4a89-ae8c-2bfca8a6dee9","local_time":"20181220092023","is_ascension_mode":true,"campfire_choices":[{"data":"Neutralize","floor":6,"key":"SMITH"},{"data":"Finisher","floor":8,"key":"SMITH"},{"floor":10,"key":"REST"},{"floor":15,"key":"REST"}],"neow_cost":"TEN_PERCENT_HP_LOSS","seed_source_timestamp":55915763166513,"circlet_count":0,"master_deck":["AscendersBane","Defend_G","Defend_G","Defend_G","Defend_G+1","Defend_G+1","Strike_G","Strike_G","Strike_G","Strike_G","Strike_G","Survivor","Neutralize+1","Dagger Throw","Finisher+1","Dash","Dagger Spray","Calculated Gamble"],"relics":["Ring of the Snake","Gambling Chip","Boot","Lantern","Bag of Preparation"],"potions_floor_usage":[13],"damage_taken":[{"damage":3,"enemies":"Cultist","floor":1,"turns":4},{"damage":0,"enemies":"2 Louse","floor":3,"turns":3},{"damage":0,"enemies":"Small Slimes","floor":4,"turns":4},{"damage":1,"enemies":"Blue Slaver","floor":7,"turns":6},{"damage":35,"enemies":"3 Sentries","floor":11,"turns":10},{"damage":16,"enemies":"Gremlin Nob","floor":13,"turns":4},{"damage":0,"enemies":"2 Fungi Beasts","floor":14,"turns":2},{"damage":23,"enemies":"The Guardian","floor":16,"turns":10}],"seed_played":"-6812097985639278119","potions_obtained":[{"floor":7,"key":"SteroidPotion"},{"floor":13,"key":"Explosive Potion"}],"is_trial":false,"path_per_floor":["M","?","M","M","?","R","M","R","T","R","E","?","E","M","R","B"],"character_chosen":"THE_SILENT","items_purchased":[],"campfire_rested":2,"item_purchase_floors":[],"current_hp_per_floor":[56,38,38,38,38,38,37,37,37,55,20,20,4,4,22,0],"gold":299,"neow_bonus":"ONE_RARE_RELIC","is_prod":false,"is_daily":false,"chose_seed":false,"campfire_upgraded":2,"win_rate":0,"timestamp":1545315623,"path_taken":["M","?","M","M","?","R","M","R","T","R","E","?","E","M","R","BOSS"],"build_version":"2018-12-19","purchased_purges":0,"victory":false,"max_hp_per_floor":[60,60,60,60,60,60,60,60,60,60,60,60,60,60,60,60],"card_choices":[{"not_picked":["Bane","Blade Dance","Heel Hook"],"picked":"SKIP","floor":1},{"not_picked":["Flying Knee","Masterful Stab"],"picked":"Dagger Throw","floor":3},{"not_picked":["Prepared","Flechettes"],"picked":"Finisher","floor":4},{"not_picked":["Distraction","Prepared","Finisher"],"picked":"SKIP","floor":7},{"not_picked":["Heel Hook","Masterful Stab"],"picked":"Dash","floor":11},{"not_picked":["Bouncing Flask","Tactician"],"picked":"Dagger Spray","floor":13},{"not_picked":["Finisher","Slice"],"picked":"Calculated Gamble","floor":14}],"player_experience":1072498,"relics_obtained":[{"floor":9,"key":"Boot"},{"floor":11,"key":"Lantern"},{"floor":13,"key":"Bag of Preparation"}],"event_choices":[{"damage_healed":0,"gold_gain":0,"player_choice":"Entered Light","damage_taken":18,"max_hp_gain":0,"max_hp_loss":0,"event_name":"Shining Light","floor":2,"gold_loss":0,"cards_upgraded":["Defend_G","Defend_G"]},{"damage_healed":0,"gold_gain":0,"player_choice":"Ignored","damage_taken":0,"max_hp_gain":0,"max_hp_loss":0,"event_name":"Liars Game","floor":5,"gold_loss":0},{"damage_healed":0,"gold_gain":50,"player_choice":"Pray","damage_taken":0,"max_hp_gain":0,"max_hp_loss":0,"event_name":"Golden Shrine","floor":12,"gold_loss":0}],"is_beta":true,"boss_relics":[],"items_purged_floors":[],"is_endless":false,"potions_floor_spawned":[7,13],"killed_by":"The Guardian","ascension_level":20}