{"gold_per_floor":[116,135,155,5,16,16,51,51,51,86,99,117,117,151,151,227,227,244,274,118,131,131,131,163,179,179,179,190,201,232,248,248,325,325,336,336,336],"floor_reached":38,"playtime":2052,"items_purged":["Strike_R","Anger"],"score":1211,"play_id":"f500c165-9e6c-418c-9353-73a0e1c16908","local_time":"20190216013012","is_ascension_mode":true,"campfire_choices":[{"data":"Spot Weakness","floor":6,"key":"SMITH"},{"data":"Whirlwind","floor":8,"key":"SMITH"},{"floor":13,"key":"REST"},{"data":"Disarm","floor":15,"key":"SMITH"},{"floor":23,"key":"REST"},{"data":"Demon Form","floor":32,"key":"SMITH"}],"neow_cost":"NONE","seed_source_timestamp":223418588872783,"circlet_count":0,"master_deck":["AscendersBane","Strike_R","Strike_R","Defend_R","Defend_R","Defend_R","Defend_R","Bash+1","Spot Weakness+1","Disarm+1","Whirlwind+1","Reaper","Headbutt","Flex+1","Dropkick+1","True Grit+1","Dual Wield+1","Demon Form+1","Shockwave+1","Iron Wave+1","Heavy Blade+1","True Grit+1","Reaper+1","Shrug It Off+1","Sentinel+1","Demon Form","Double Tap+1"],"relics":["Burning Blood","Oddly Smooth Stone","Molten Egg 2","Toxic Egg 2","Juzu Bracelet","Snecko Eye","Red Mask","Enchiridion","Lantern","Mummified Hand","Strawberry","Dream Catcher","Empty Cage"],"potions_floor_usage":[3,10,14,19,24,37,37],"damage_taken":[{"damage":7,"enemies":"Cultist","floor":1,"turns":4},{"damage":10,"enemies":"2 Louse","floor":2,"turns":3},{"damage":0,"enemies":"Jaw Worm","floor":3,"turns":3},{"damage":10,"enemies":"Blue Slaver","floor":5,"turns":4},{"damage":25,"enemies":"3 Sentries","floor":7,"turns":6},{"damage":11,"enemies":"Gremlin Nob","floor":10,"turns":3},{"damage":40,"enemies":"Large Slime","floor":11,"turns":5},{"damage":18,"enemies":"Gremlin Gang","floor":12,"turns":4},{"damage":14,"enemies":"Lagavulin","floor":14,"turns":6},{"damage":17,"enemies":"The Guardian","floor":16,"turns":9},{"damage":0,"enemies":"3 Byrds","floor":18,"turns":2},{"damage":10,"enemies":"Masked Bandits","floor":19,"turns":3},{"damage":23,"enemies":"Spheric Guardian","floor":21,"turns":4},{"damage":10,"enemies":"Book of Stabbing","floor":24,"turns":3},{"damage":33,"enemies":"Cultist and Chosen","floor":25,"turns":6},{"damage":1,"enemies":"Sentry and Sphere","floor":28,"turns":3},{"damage":1,"enemies":"Centurion and Healer","floor":29,"turns":2},{"damage":9,"enemies":"Gremlin Leader","floor":30,"turns":5},{"damage":12,"enemies":"3 Cultists","floor":31,"turns":4},{"damage":20,"enemies":"Automaton","floor":33,"turns":7},{"damage":9,"enemies":"3 Shapes","floor":35,"turns":4},{"damage":50,"enemies":"Time Eater","floor":37,"turns":7}],"seed_played":"3485470962475091108","potions_obtained":[{"floor":1,"key":"Energy Potion"},{"floor":2,"key":"Block Potion"},{"floor":7,"key":"PowerPotion"},{"floor":10,"key":"Ancient Potion"},{"floor":24,"key":"PowerPotion"},{"floor":25,"key":"Strength Potion"}],"is_trial":false,"path_per_floor":["M","M","M","$","M","R","E","R","T","E","M","M","R","E","R","B",null,"M","?","$","M","?","R","E","M","T","T","M","M","E","M","R","B",null,"M","?","B",null],"character_chosen":"IRONCLAD","items_purchased":["Whirlwind","Dexterity Potion"],"campfire_rested":2,"item_purchase_floors":[4,20],"current_hp_per_floor":[67,63,69,69,65,65,54,54,54,57,31,35,57,49,49,46,68,75,71,71,54,33,55,59,50,50,57,69,74,82,82,82,82,82,82,82,82],"gold":336,"neow_bonus":"UPGRADE_CARD","is_prod":false,"is_daily":false,"chose_seed":false,"campfire_upgraded":4,"win_rate":0,"timestamp":1550280612,"path_taken":["M","M","?","$","?","R","E","R","T","E","M","M","R","E","R","BOSS","M","?","$","M","?","R","E","M","T","?","M","M","E","M","R","BOSS","M","?","BOSS"],"build_version":"2019-02-06","purchased_purges":2,"victory":true,"max_hp_per_floor":[75,75,75,75,75,75,75,75,75,75,75,75,75,75,75,75,75,75,75,75,75,75,75,75,75,75,82,82,82,82,82,82,82,82,82,82,82],"card_choices":[{"not_picked":["Clash","Rupture"],"picked":"Spot Weakness","floor":1},{"not_picked":["Warcry","Pommel Strike"],"picked":"Anger","floor":2},{"not_picked":["True Grit","Shockwave"],"picked":"Disarm","floor":3},{"not_picked":["Heavy Blade","Twin Strike"],"picked":"Reaper","floor":5},{"not_picked":["Wild Strike","Sentinel"],"picked":"Headbutt","floor":7},{"not_picked":["Rage","Reckless Charge+1"],"picked":"Flex","floor":10},{"not_picked":["Metallicize","Searing Blow+1"],"picked":"Dropkick+1","floor":11},{"not_picked":["Clothesline+1","Power Through+1"],"picked":"True Grit+1","floor":12},{"not_picked":["Fire Breathing","Sword Boomerang+1"],"picked":"Dual Wield+1","floor":14},{"not_picked":["Bludgeon+1","Dark Embrace"],"picked":"Demon Form","floor":16},{"not_picked":["Armaments+1","Wild Strike+1"],"picked":"Shockwave+1","floor":18},{"not_picked":["Twin Strike+1","Thunderclap+1"],"picked":"Iron Wave+1","floor":19},{"not_picked":["Cleave+1","Havoc+1"],"picked":"Heavy Blade+1","floor":21},{"not_picked":["Headbutt+1","Havoc+1"],"picked":"True Grit+1","floor":24},{"not_picked":["Havoc+1","Rampage+1"],"picked":"Reaper+1","floor":25},{"not_picked":["Ghostly Armor+1","Dual Wield+1"],"picked":"Shrug It Off+1","floor":28},{"not_picked":["Battle Trance+1","Heavy Blade+1"],"picked":"Sentinel+1","floor":29},{"not_picked":["Armaments+1","Pommel Strike+1"],"picked":"Demon Form","floor":30},{"not_picked":["Fire Breathing","Pommel Strike+1","Armaments+1"],"picked":"SKIP","floor":31},{"not_picked":["Exhume+1","Feed+1"],"picked":"Double Tap+1","floor":33},{"not_picked":["Shockwave+1","Metallicize","Iron Wave+1"],"picked":"SKIP","floor":35}],"player_experience":921115,"relics_obtained":[{"floor":7,"key":"Oddly Smooth Stone"},{"floor":9,"key":"Molten Egg 2"},{"floor":10,"key":"Toxic Egg 2"},{"floor":14,"key":"Juzu Bracelet"},{"floor":19,"key":"Red Mask"},{"floor":22,"key":"Enchiridion"},{"floor":24,"key":"Lantern"},{"floor":26,"key":"Mummified Hand"},{"floor":27,"key":"Strawberry"},{"floor":30,"key":"Dream Catcher"}],"event_choices":[{"damage_healed":0,"gold_gain":0,"player_choice":"Fought Bandits","damage_taken":0,"max_hp_gain":0,"max_hp_loss":0,"event_name":"Masked Bandits","floor":19,"gold_loss":0},{"damage_healed":0,"gold_gain":0,"player_choice":"Obtained Book","damage_taken":21,"max_hp_gain":0,"max_hp_loss":0,"event_name":"Cursed Tome","floor":22,"gold_loss":0},{"damage_healed":0,"gold_gain":0,"player_choice":"Took Portal","damage_taken":0,"max_hp_gain":0,"max_hp_loss":0,"event_name":"SecretPortal","floor":36,"gold_loss":0}],"is_beta":true,"boss_relics":[{"not_picked":["Velvet Choker","Lizard Tail"],"picked":"Snecko Eye"},{"not_picked":["Tiny House","Runic Cube"],"picked":"Empty Cage"}],"items_purged_floors":[4,20],"is_endless":false,"potions_floor_spawned":[1,2,7,10,11,24,25,28,33,35],"ascension_level":18}