{"gold_per_floor":[117,117,130,205,220,260,260,260,260,260,59,102,122,166,166,294,294,317,317,342,342,367,398,398,412,412,140,160,198,198,213,213,334,334,354,687,130,130,80,80,113,113,185,185,211,224,224,74,74,74],"floor_reached":51,"playtime":2822,"items_purged":["Strike_R","Strike_R","Anger","Defend_R"],"score":1022,"play_id":"8ce6f57f-460b-43aa-8f54-ce3631fa59e4","local_time":"20190427160719","is_ascension_mode":true,"campfire_choices":[{"floor":7.0,"key":"REST"},{"data":"Whirlwind","floor":10.0,"key":"SMITH"},{"data":"True Grit","floor":15.0,"key":"SMITH"},{"data":"Clothesline","floor":24.0,"key":"SMITH"},{"floor":30.0,"key":"REST"},{"data":"Defend_R","floor":32.0,"key":"SMITH"},{"data":"Immolate","floor":40.0,"key":"SMITH"},{"floor":42.0,"key":"REST"},{"data":"Strike_R","floor":44.0,"key":"PURGE"},{"data":"Offering","floor":49,"key":"SMITH"}],"neow_cost":"NONE","seed_source_timestamp":0,"circlet_count":0,"master_deck":["Defend_R+1","Defend_R","Defend_R","Bash+1","True Grit+1","Whirlwind+1","Feed","Offering+1","Clothesline+1","Impervious","Dark Embrace","Headbutt+1","Infernal Blade","Battle Trance+1","Havoc+1","Evolve+1","Metallicize+1","Immolate+1","Disarm+1","Shrug It Off+1","Disarm+1","Double Tap+1"],"special_seed":0,"relics":["Burning Blood","Letter Opener","Mummified Hand","StoneCalendar","Darkstone Periapt","Sozu","Enchiridion","Toxic Egg 2","Lantern","Centennial Puzzle","Mercury Hourglass","Snecko Eye","Whetstone","ClockworkSouvenir","Peace Pipe","Bottled Lightning","Incense Burner"],"potions_floor_usage":[],"damage_taken":[{"damage":2.0,"enemies":"Jaw Worm","floor":1.0,"turns":3.0},{"damage":5.0,"enemies":"2 Louse","floor":3.0,"turns":3.0},{"damage":0.0,"enemies":"Cultist","floor":5.0,"turns":3.0},{"damage":34.0,"enemies":"Gremlin Nob","floor":6.0,"turns":5.0},{"damage":17.0,"enemies":"Lagavulin","floor":12.0,"turns":5.0},{"damage":9.0,"enemies":"2 Fungi Beasts","floor":13.0,"turns":3.0},{"damage":9.0,"enemies":"3 Sentries","floor":14.0,"turns":4.0},{"damage":9.0,"enemies":"Slime Boss","floor":16.0,"turns":7.0},{"damage":15.0,"enemies":"2 Thieves","floor":18.0,"turns":4.0},{"damage":6.0,"enemies":"3 Byrds","floor":20.0,"turns":3.0},{"damage":6.0,"enemies":"Snake Plant","floor":22.0,"turns":3.0},{"damage":19.0,"enemies":"Slavers","floor":23.0,"turns":4.0},{"damage":8.0,"enemies":"Centurion and Healer","floor":25.0,"turns":7.0},{"damage":1.0,"enemies":"Sentry and Sphere","floor":28.0,"turns":3.0},{"damage":27.0,"enemies":"Book of Stabbing","floor":29.0,"turns":4.0},{"damage":7.0,"enemies":"Cultist and Chosen","floor":31.0,"turns":2.0},{"damage":20.0,"enemies":"Champ","floor":33.0,"turns":9.0},{"damage":0.0,"enemies":"3 Shapes","floor":35.0,"turns":1.0},{"damage":53.0,"enemies":"Giant Head","floor":41.0,"turns":9.0},{"damage":9.0,"enemies":"Reptomancer","floor":45.0,"turns":6.0},{"damage":0,"enemies":"3 Darklings","floor":46,"turns":1},{"damage":33,"enemies":"Awakened One","floor":50,"turns":12}],"seed_played":"3919083505865236271","potions_obtained":[{"floor":3.0,"key":"SpeedPotion"},{"floor":12.0,"key":"Fire Potion"}],"is_trial":false,"path_per_floor":["M","?","M","?","M","E","R","?","T","R","$","E","M","E","R","B",null,"M","?","M","?","M","E","R","M","T","$","M","E","R","M","R","B",null,"M","?","$","?","$","R","E","R","T","R","E","M","?","$","R","B",null],"character_chosen":"IRONCLAD","items_purchased":["Offering","Weak Potion","Havoc+1","Centennial Puzzle","Disarm+1","Whetstone","ClockworkSouvenir","Shrug It Off+1"],"campfire_rested":3,"item_purchase_floors":[11,11,27,27,37,37,37,39],"current_hp_per_floor":[76,56,57,46,52,24,48,48,48,48,48,37,34,34,34,31,70,61,45,48,48,51,41,41,42,42,42,50,29,58,60,60,46,87,93,93,93,93,93,93,49,80,80,80,80,86,86,86,86,62],"gold":74,"neow_bonus":"UPGRADE_CARD","is_prod":false,"is_daily":false,"chose_seed":false,"campfire_upgraded":6,"win_rate":0,"timestamp":1556377639,"path_taken":["M","?","M","?","M","E","R","?","T","R","$","E","M","E","R","BOSS","M","?","M","?","M","E","R","?","T","$","M","E","R","M","R","BOSS","M","?","$","?","$","R","E","R","T","R","E","M","?","$","R","BOSS"],"build_version":"2019-04-23","purchased_purges":4,"victory":true,"max_hp_per_floor":[80,80,80,80,80,80,80,80,80,80,80,80,80,83,83,83,83,83,83,86,86,89,92,92,95,95,95,98,98,98,101,101,101,101,101,101,101,101,101,101,104,104,104,104,107,107,107,107,107,110],"card_choices":[{"not_picked":["Second Wind","Havoc"],"picked":"Anger","floor":1.0},{"not_picked":["Perfected Strike","Wild Strike"],"picked":"True Grit","floor":3.0},{"not_picked":["Juggernaut","Carnage"],"picked":"Whirlwind","floor":5.0},{"not_picked":["Warcry","Cleave"],"picked":"Feed","floor":6.0},{"not_picked":["Wild Strike","Dual Wield"],"picked":"Clothesline","floor":12.0},{"not_picked":["Carnage","Sword Boomerang","Clash"],"picked":"SKIP","floor":13.0},{"not_picked":["Dual Wield","Corruption"],"picked":"Impervious","floor":14.0},{"not_picked":["Fiend Fire","Bludgeon"],"picked":"Dark Embrace","floor":16.0},{"not_picked":["Sword Boomerang","Whirlwind","Iron Wave"],"picked":"SKIP","floor":18.0},{"not_picked":["Ghostly Armor","Hemokinesis"],"picked":"Headbutt","floor":20.0},{"not_picked":["Infernal Blade","Body Slam","Sword Boomerang"],"picked":"SKIP","floor":22.0},{"not_picked":["Anger","Flex+1"],"picked":"Battle Trance+1","floor":23.0},{"not_picked":["Carnage","Iron Wave+1","Dark Embrace"],"picked":"SKIP","floor":25.0},{"not_picked":["Clash+1","Thunderclap+1","Second Wind+1"],"picked":"SKIP","floor":28.0},{"not_picked":["Thunderclap+1","Armaments+1"],"picked":"Evolve+1","floor":29.0},{"not_picked":["Dropkick","Sword Boomerang+1"],"picked":"Metallicize+1","floor":31.0},{"not_picked":["Bludgeon","Feed"],"picked":"Immolate","floor":33.0},{"not_picked":["Thunderclap","Headbutt+1","Combust"],"picked":"SKIP","floor":35.0},{"not_picked":["Flex+1","Pommel Strike+1","Sever Soul+1"],"picked":"SKIP","floor":41.0},{"not_picked":["Sever Soul","Sword Boomerang","Feed"],"picked":"SKIP","floor":45.0},{"not_picked":["Sever Soul","Sword Boomerang","Feed"],"picked":"SKIP","floor":45.0},{"not_picked":["Pummel","Inflame"],"picked":"Disarm+1","floor":46}],"player_experience":60300,"relics_obtained":[{"floor":6.0,"key":"Letter Opener"},{"floor":9.0,"key":"Mummified Hand"},{"floor":12.0,"key":"StoneCalendar"},{"floor":14.0,"key":"Darkstone Periapt"},{"floor":19.0,"key":"Enchiridion"},{"floor":23.0,"key":"Toxic Egg 2"},{"floor":26.0,"key":"Lantern"},{"floor":29.0,"key":"Mercury Hourglass"},{"floor":41.0,"key":"Peace Pipe"},{"floor":43.0,"key":"Bottled Lightning"},{"floor":45.0,"key":"Incense Burner"}],"event_choices":[{"damage_healed":0.0,"max_hp_gain":0.0,"max_hp_loss":0.0,"gold_gain":0.0,"event_name":"Golden Idol","player_choice":"Take Damage","floor":2.0,"gold_loss":0.0,"damage_taken":20.0,"relics_obtained":["Golden Idol"]},{"damage_healed":0.0,"max_hp_gain":0.0,"max_hp_loss":0.0,"gold_gain":75.0,"event_name":"World of Goop","player_choice":"Gather Gold","floor":4.0,"gold_loss":0.0,"damage_taken":11.0},{"cards_removed":["Strike_R"],"damage_healed":0.0,"max_hp_gain":0.0,"max_hp_loss":0.0,"gold_gain":0.0,"event_name":"Living Wall","player_choice":"Forget","floor":8.0,"gold_loss":0.0,"damage_taken":0.0},{"damage_healed":0.0,"max_hp_gain":0.0,"max_hp_loss":0.0,"gold_gain":0.0,"event_name":"Cursed Tome","player_choice":"Obtained Book","floor":19.0,"gold_loss":0.0,"damage_taken":16.0},{"damage_healed":0.0,"max_hp_gain":0.0,"max_hp_loss":0.0,"gold_gain":0.0,"event_name":"Match and Keep!","player_choice":"1 cards matched","floor":21.0,"gold_loss":0.0,"damage_taken":0.0,"cards_obtained":["Infernal Blade"]},{"damage_healed":0.0,"max_hp_gain":0.0,"max_hp_loss":0.0,"gold_gain":333.0,"event_name":"The Moai Head","player_choice":"Gave Idol","floor":36.0,"relics_lost":["Golden Idol"],"gold_loss":0.0,"damage_taken":0.0},{"damage_healed":0.0,"max_hp_gain":0.0,"max_hp_loss":0.0,"gold_gain":0.0,"event_name":"Tomb of Lord Red Mask","player_choice":"Ignored","floor":38.0,"gold_loss":0.0,"damage_taken":0.0},{"damage_healed":0,"gold_gain":0,"cards_transformed":["Strike_R"],"player_choice":"Transformed","damage_taken":0,"max_hp_gain":0,"max_hp_loss":0,"event_name":"Transmorgrifier","floor":47,"gold_loss":0,"cards_obtained":["Double Tap"]}],"is_beta":true,"boss_relics":[{"not_picked":["Lizard Tail","Empty Cage"],"picked":"Sozu"},{"not_picked":["Fusion Hammer","Runic Cube"],"picked":"Snecko Eye"}],"items_purged_floors":[11,27,37,48],"is_endless":false,"potions_floor_spawned":[3,12,13,18,23,28,33,46],"ascension_level":6}