{"gold_per_floor":[360,360,0,0,18,51,51,83,83,83,116,116,127,161,161,262,292,308,183,194,213,227,242,258,258,285,285,285,300,314,344,344,344],"floor_reached":33,"playtime":1857,"items_purged":[],"score":382,"play_id":"6ffad86e-b391-471c-bb72-b76c9c5d7bbf","local_time":"20180702231641","is_ascension_mode":true,"campfire_choices":[{"floor":7,"key":"REST"},{"floor":10,"key":"REST"},{"floor":12,"key":"REST"},{"floor":15,"key":"REST"},{"floor":25,"key":"REST"},{"floor":27,"key":"REST"},{"floor":32,"key":"REST"}],"neow_cost":"TEN_PERCENT_HP_LOSS","seed_source_timestamp":188186331346325,"circlet_count":0,"master_deck":["Strike_B","Strike_B","Strike_B","Defend_B+1","Defend_B+1","Defend_B","Defend_B","Zap","Dualcast","Conserve Battery","Double Energy","Chill","Ball Lightning+1","Hologram","Defragment","Leap+1","Amplify","Sweeping Beam+1","Turbo","Leap","Seek","Reinforced Body","Double Energy+1","Sweeping Beam+1","Beam Cell+1","Conserve Battery","Ball Lightning+1","Streamline+1","Echo Form","Ball Lightning+1","Recycle+1","Loop+1","Redo+1","Sweeping Beam+1","Rebound+1","Turbo","Sweeping Beam+1"],"relics":["Cracked Core","Molten Egg 2","Bird Faced Urn","Symbiotic Virus","Matryoshka","Singing Bowl","Cables","Dream Catcher","Juzu Bracelet","Tiny House","Darkstone Periapt","Oddly Smooth Stone","Red Mask"],"potions_floor_usage":[11,14,18,18,18,21,29,30,33],"damage_taken":[{"damage":2,"enemies":"Jaw Worm","floor":1,"turns":4},{"damage":0,"enemies":"Cultist","floor":5,"turns":3},{"damage":10,"enemies":"Lagavulin","floor":6,"turns":6},{"damage":2,"enemies":"3 Sentries","floor":8,"turns":5},{"damage":14,"enemies":"Gremlin Nob","floor":11,"turns":4},{"damage":0,"enemies":"2 Louse","floor":13,"turns":2},{"damage":17,"enemies":"Lagavulin","floor":14,"turns":4},{"damage":11,"enemies":"The Guardian","floor":16,"turns":10},{"damage":3,"enemies":"2 Thieves","floor":18,"turns":4},{"damage":7,"enemies":"Shell Parasite","floor":20,"turns":3},{"damage":8,"enemies":"Snake Plant","floor":21,"turns":3},{"damage":17,"enemies":"Centurion and Healer","floor":22,"turns":5},{"damage":0,"enemies":"Snecko","floor":23,"turns":5},{"damage":33,"enemies":"Sentry and Sphere","floor":24,"turns":4},{"damage":20,"enemies":"Slaver and Parasite","floor":29,"turns":6},{"damage":0,"enemies":"Snake Plant","floor":30,"turns":2},{"damage":34,"floor":31,"turns":6},{"damage":40,"enemies":"Automaton","floor":33,"turns":6}],"seed_played":"319688412275777028","potions_obtained":[{"floor":6,"key":"Weak Potion"},{"floor":11,"key":"PowerPotion"},{"floor":14,"key":"Energy Potion"},{"floor":16,"key":"Explosive Potion"},{"floor":17,"key":"Fire Potion"},{"floor":20,"key":"LiquidBronze"},{"floor":21,"key":"FocusPotion"},{"floor":24,"key":"Swift Potion"},{"floor":30,"key":"GamblersBrew"}],"is_trial":false,"path_per_floor":["M","?","$","?","M","E","R","E","T","R","E","R","M","E","R","B",null,"M","$","M","M","M","M","M","R","T","R","?","M","M","?","R"],"character_chosen":"DEFECT","items_purchased":["Molten Egg 2","Double Energy","Chill","Sweeping Beam+1","Beam Cell+1","Conserve Battery"],"campfire_rested":7,"item_purchase_floors":[3,3,3,19,19,19],"current_hp_per_floor":[66,52,52,45,45,35,55,53,53,68,55,68,68,55,68,57,73,70,70,63,55,40,42,11,32,32,53,53,43,47,17,38,0],"gold":344,"neow_bonus":"TWO_FIFTY_GOLD","is_prod":false,"is_daily":false,"chose_seed":false,"campfire_upgraded":0,"win_rate":0,"timestamp":1530584201,"path_taken":["M","?","$","?","?","E","R","E","T","R","E","R","M","E","R","BOSS","M","$","M","M","M","M","M","R","T","R","?","M","M","?","R","BOSS"],"build_version":"2018-06-28","purchased_purges":0,"victory":false,"max_hp_per_floor":[68,68,68,68,68,68,68,68,68,68,68,68,68,68,68,68,73,73,73,73,73,73,73,73,73,73,73,73,73,73,73,73,73],"card_choices":[{"not_picked":["Consume","Coolheaded"],"picked":"Conserve Battery","floor":1},{"not_picked":["White Noise","Cold Snap+1"],"picked":"Ball Lightning+1","floor":5},{"not_picked":["Scrape+1","Streamline+1"],"picked":"Hologram","floor":6},{"not_picked":["Beam Cell+1","Ball Lightning+1"],"picked":"Defragment","floor":8},{"not_picked":["Steam","Cold Snap+1"],"picked":"Leap","floor":11},{"not_picked":["Gash+1","Hologram"],"picked":"Amplify","floor":12},{"not_picked":["Heatsinks","Compile Driver+1"],"picked":"Sweeping Beam+1","floor":13},{"not_picked":["Go for the Eyes+1","Cold Snap+1"],"picked":"Turbo","floor":14},{"not_picked":["Compile Driver+1","Cold Snap+1"],"picked":"Leap","floor":15},{"not_picked":["Fission","Buffer"],"picked":"Seek","floor":16},{"not_picked":["Compile Driver+1","Go for the Eyes+1"],"picked":"Reinforced Body","floor":17},{"not_picked":["Ball Lightning+1","Fusion"],"picked":"Double Energy+1","floor":18},{"not_picked":["Stack","Compile Driver+1"],"picked":"Ball Lightning+1","floor":20},{"not_picked":["White Noise","Gash+1"],"picked":"Streamline+1","floor":21},{"not_picked":["Capacitor+1","Darkness"],"picked":"Echo Form","floor":22},{"not_picked":["Beam Cell+1","Stack+1"],"picked":"Ball Lightning+1","floor":23},{"not_picked":["Beam Cell+1","Hologram"],"picked":"Recycle+1","floor":24},{"not_picked":["Rip and Tear+1","Compile Driver+1"],"picked":"Loop+1","floor":25},{"not_picked":["Rebound+1","Go for the Eyes+1"],"picked":"Redo+1","floor":27},{"not_picked":["Go for the Eyes+1","Multi-Cast"],"picked":"Sweeping Beam+1","floor":29},{"not_picked":["Genetic Algorithm","Gash+1"],"picked":"Rebound+1","floor":30},{"not_picked":["Reprogram","Streamline+1"],"picked":"Turbo","floor":31},{"not_picked":["Gash+1","Auto Shields"],"picked":"Sweeping Beam+1","floor":32}],"player_experience":414978,"relics_obtained":[{"floor":6,"key":"Symbiotic Virus"},{"floor":8,"key":"Matryoshka"},{"floor":9,"key":"Singing Bowl"},{"floor":9,"key":"Cables"},{"floor":11,"key":"Dream Catcher"},{"floor":14,"key":"Juzu Bracelet"},{"floor":26,"key":"Darkstone Periapt"},{"floor":26,"key":"Oddly Smooth Stone"},{"floor":31,"key":"Red Mask"}],"event_choices":[{"event_name":"Shining Light","player_choice":"Entered Light","floor":2,"damage_taken":0},{"event_name":"Scrap Ooze","player_choice":"success","floor":4,"damage_taken":7},{"event_name":"Purifier","player_choice":"One Purge","floor":28,"damage_taken":0},{"event_name":"Masked Bandits","player_choice":"Fought over 314 gold","floor":31,"damage_taken":0}],"boss_relics":[{"not_picked":["Fusion Hammer","Velvet Choker"],"picked":"Tiny House"}],"items_purged_floors":[],"is_endless":false,"potions_floor_spawned":[6,11,14,16,20,21,24,30],"killed_by":"Automaton","ascension_level":4}