{"gold_per_floor":[113,124,124,74,74,74,210,2,35,63,63,80,80,98,98,201,201,211,226,226,241,596,596,265,294,317,317,317,351,351,377,377,478,478,496,616,626,586,602,602,622,622],"floor_reached":42,"playtime":1463,"items_purged":[],"score":708,"play_id":"53ee63ed-6714-482e-97fe-dec222eb0cec","local_time":"20190104032558","is_ascension_mode":true,"campfire_choices":[{"data":"Blade Dance","floor":6,"key":"SMITH"},{"floor":11,"key":"REST"},{"floor":15,"key":"REST"},{"data":"Flechettes","floor":23,"key":"SMITH"},{"data":"Die Die Die","floor":30,"key":"SMITH"},{"data":"Envenom","floor":32,"key":"SMITH"},{"floor":40,"key":"REST"}],"neow_cost":"NONE","seed_source_timestamp":55957471153037,"circlet_count":0,"master_deck":["Defend_G","Defend_G","Defend_G","Strike_G","Strike_G","Survivor","Neutralize","Sucker Punch","Blade Dance+1","Endless Agony","Cloak And Dagger+1","After Image","Flechettes+1","Backstab+1","Adrenaline+1","Infinite Blades+1","Blade Dance+1","Die Die Die+1","Cloak And Dagger+1","Noxious Fumes+1","Phantasmal Killer+1","Footwork+1","Envenom+1","Envenom","Blade Dance+1","Choke+1","Backflip+1","Catalyst+1"],"relics":["Ring of the Snake","NeowsBlessing","Calipers","Toxic Egg 2","Membership Card","Bag of Preparation","Shuriken","Empty Cage","infinitespire:Golems Mask","Mercury Hourglass","Vajra","Orichalcum","Strange Spoon","Red Mask","Centennial Puzzle","Dodecahedron","Omamori","Sozu"],"potions_floor_usage":[10,16,22,29],"damage_taken":[{"damage":0,"enemies":"Jaw Worm","floor":1,"turns":1},{"damage":0,"enemies":"Small Slimes","floor":2,"turns":1},{"damage":0,"enemies":"3 Sentries","floor":7,"turns":1},{"damage":13,"enemies":"2 Louse","floor":9,"turns":7},{"damage":21,"enemies":"Lagavulin","floor":10,"turns":6},{"damage":0,"enemies":"2 Louse","floor":12,"turns":2},{"damage":0,"enemies":"Large Slime","floor":14,"turns":4},{"damage":0,"enemies":"Slime Boss","floor":16,"turns":7},{"damage":0,"enemies":"2 Thieves","floor":18,"turns":4},{"damage":0,"enemies":"3 Byrds","floor":19,"turns":3},{"damage":0,"enemies":"Snecko","floor":21,"turns":3},{"damage":12,"enemies":"Colosseum Slavers","floor":22,"turns":3},{"damage":7,"enemies":"Colosseum Nobs","floor":22,"turns":3},{"damage":0,"enemies":"Masked Bandits","floor":25,"turns":2},{"damage":0,"enemies":"Slavers","floor":29,"turns":2},{"damage":0,"enemies":"Book of Stabbing","floor":31,"turns":3},{"damage":14,"enemies":"Automaton","floor":33,"turns":5},{"damage":0,"enemies":"Orb Walker","floor":35,"turns":1},{"damage":1,"enemies":"3 Darklings","floor":36,"turns":3},{"damage":5,"enemies":"Maw","floor":37,"turns":5},{"damage":27,"enemies":"Writhing Mass","floor":39,"turns":4},{"damage":0,"enemies":"3 Darklings","floor":41,"turns":4},{"damage":61,"enemies":"infiniteSpire:Nightmare","floor":42,"turns":5}],"seed_played":"-2827064139546143700","potions_obtained":[{"floor":1,"key":"construct:ShiftPotion"},{"floor":7,"key":"SkillPotion"},{"floor":14,"key":"PowerPotion"},{"floor":19,"key":"FearPotion"},{"floor":25,"key":"Fire Potion"},{"floor":31,"key":"SpeedPotion"}],"is_trial":false,"path_per_floor":["M","M","?","?","?","R","E","$","MIM","E","R","M","?","M","R","B",null,"M","M","?","M","?","R","$","?","T","$","?","E","R","E","R","B",null,"M","M","M","?","M","R","M","NM"],"character_chosen":"THE_SILENT","items_purchased":["Membership Card","Vajra","Orichalcum","Strange Spoon","Phantasmal Killer+1"],"campfire_rested":3,"item_purchase_floors":[8,24,24,24,24],"current_hp_per_floor":[70,70,70,70,63,63,63,63,50,29,50,50,32,32,53,53,70,70,70,70,70,51,51,51,51,51,51,70,70,70,70,70,56,70,70,69,64,64,37,58,58,0],"gold":622,"neow_bonus":"THREE_ENEMY_KILL","is_prod":false,"is_daily":false,"chose_seed":false,"campfire_upgraded":4,"win_rate":0,"timestamp":1546583158,"path_taken":["M","M","?","?","?","R","E","$","MIM","E","R","M","?","M","R","BOSS","M","M","?","?","?","R","$","?","T","$","?","E","R","E","R","BOSS","M","M","M","?","M","R","?","NM"],"build_version":"2019-01-03v3","purchased_purges":0,"victory":false,"max_hp_per_floor":[70,70,70,70,70,70,70,70,70,70,70,70,70,70,70,70,70,70,70,70,70,70,70,70,70,70,70,70,70,70,70,70,70,70,70,70,70,70,70,70,70,70],"card_choices":[{"not_picked":["Blade Dance","Concentrate"],"picked":"Sucker Punch","floor":1},{"not_picked":["Expertise","Blur"],"picked":"Blade Dance","floor":2},{"not_picked":["Acrobatics","Slice"],"picked":"Endless Agony","floor":7},{"not_picked":["Dagger Spray","Reflex+1"],"picked":"Cloak And Dagger+1","floor":9},{"not_picked":["Distraction+1","Dodge and Roll+1"],"picked":"After Image","floor":10},{"not_picked":["Setup+1","Dagger Spray"],"picked":"Flechettes","floor":12},{"not_picked":["Sucker Punch","Crippling Poison+1"],"picked":"Backstab","floor":14},{"not_picked":["Wraith Form v2","Storm of Steel+1"],"picked":"Adrenaline+1","floor":16},{"not_picked":["Heel Hook","Deflect+1"],"picked":"Infinite Blades+1","floor":18},{"not_picked":["Tactician+1","Deadly Poison+1"],"picked":"Blade Dance+1","floor":19},{"not_picked":["Blur+1","Slice"],"picked":"Cloak And Dagger+1","floor":21},{"not_picked":["Outmaneuver+1","Deadly Poison+1"],"picked":"Noxious Fumes+1","floor":22},{"not_picked":["Underhanded Strike","Caltrops"],"picked":"Footwork","floor":25},{"not_picked":["Prepared+1","Noxious Fumes","Outmaneuver+1"],"picked":"SKIP","floor":29},{"not_picked":["Catalyst+1","All Out Attack"],"picked":"Envenom","floor":31},{"not_picked":["A Thousand Cuts","Bullet Time+1"],"picked":"Envenom","floor":33},{"not_picked":["Prepared+1","Acrobatics+1"],"picked":"Blade Dance+1","floor":35},{"not_picked":["Dodge and Roll+1","Quick Slash"],"picked":"Choke+1","floor":36},{"not_picked":["Envenom","Expertise+1"],"picked":"Backflip+1","floor":37},{"not_picked":["Flying Knee+1","Poisoned Stab+1"],"picked":"Catalyst+1","floor":39},{"not_picked":["Underhanded Strike+1","Outmaneuver+1","Predator"],"picked":"SKIP","floor":41}],"player_experience":610743,"relics_obtained":[{"floor":3,"key":"Calipers"},{"floor":7,"key":"Toxic Egg 2"},{"floor":10,"key":"Bag of Preparation"},{"floor":22,"key":"infinitespire:Golems Mask"},{"floor":22,"key":"Mercury Hourglass"},{"floor":25,"key":"Red Mask"},{"floor":26,"key":"Centennial Puzzle"},{"floor":29,"key":"Dodecahedron"},{"floor":31,"key":"Omamori"}],"event_choices":[{"cards_removed":["Strike_G"],"damage_healed":0,"gold_gain":0,"player_choice":"Card Removal","damage_taken":0,"max_hp_gain":0,"max_hp_loss":0,"event_name":"The Cleric","floor":4,"gold_loss":50},{"cards_removed":["Defend_G"],"damage_healed":0,"gold_gain":0,"player_choice":"Card Removal","damage_taken":7,"max_hp_gain":0,"max_hp_loss":0,"event_name":"Golden Wing","floor":5,"gold_loss":0},{"damage_healed":0,"gold_gain":0,"player_choice":"Success","damage_taken":18,"relics_obtained":["Shuriken"],"max_hp_gain":0,"max_hp_loss":0,"event_name":"Scrap Ooze","floor":13,"gold_loss":0},{"damage_healed":0,"gold_gain":0,"cards_transformed":["Defend_G"],"player_choice":"Transformed","damage_taken":0,"max_hp_gain":0,"max_hp_loss":0,"event_name":"Transmorgrifier","floor":20,"gold_loss":0,"cards_obtained":["Die Die Die"]},{"damage_healed":0,"gold_gain":0,"player_choice":"Fight","damage_taken":0,"max_hp_gain":0,"max_hp_loss":0,"event_name":"Colosseum","floor":22,"gold_loss":0},{"damage_healed":0,"gold_gain":0,"player_choice":"Fought Nobs","damage_taken":0,"max_hp_gain":0,"max_hp_loss":0,"event_name":"Colosseum","floor":22,"gold_loss":0},{"damage_healed":0,"gold_gain":0,"player_choice":"Fought Bandits","damage_taken":0,"max_hp_gain":0,"max_hp_loss":0,"event_name":"Masked Bandits","floor":25,"gold_loss":0},{"damage_healed":23,"gold_gain":0,"player_choice":"Heal","damage_taken":0,"max_hp_gain":0,"max_hp_loss":0,"event_name":"The Library","floor":28,"gold_loss":0},{"damage_healed":0,"gold_gain":0,"player_choice":"Upgraded Two","damage_taken":0,"max_hp_gain":0,"max_hp_loss":0,"event_name":"Designer","floor":38,"gold_loss":40,"cards_upgraded":["Footwork","Backstab"]}],"is_beta":false,"boss_relics":[{"not_picked":["White Beast Statue","Eternal Feather"],"picked":"Empty Cage"},{"not_picked":["HoveringKite","Tiny House"],"picked":"Sozu"}],"items_purged_floors":[],"is_endless":false,"potions_floor_spawned":[1,7,14,19,22,25,31,36,37,41],"killed_by":"infiniteSpire:Nightmare","ascension_level":4}