{"gold_per_floor":[209,224,239,259,52,52,64,64,64,139,157,157,157,182,182,277,277,291,311,231,231],"floor_reached":21,"playtime":1502,"items_purged":["Strike_G","Strike_G"],"score":217,"play_id":"f108747e-70bd-4248-8378-4b75e1ca43a2","local_time":"20190515181634","is_ascension_mode":true,"campfire_choices":[{"data":"Caltrops","floor":6.0,"key":"SMITH"},{"floor":12.0,"key":"REST"},{"floor":15.0,"key":"REST"}],"neow_cost":"NONE","seed_source_timestamp":0,"circlet_count":0,"master_deck":["Defend_G","Defend_G","Defend_G","Defend_G","Defend_G","Strike_G","Survivor","Neutralize","PiercingWail","Slice","Flying Knee","Deflect","Caltrops+1","Blade Dance","A Thousand Cuts","Blade Dance+1"],"special_seed":0,"relics":["Ring of the Snake","The Courier","Bag of Preparation","Empty Cage"],"potions_floor_usage":[21],"damage_taken":[{"damage":1.0,"enemies":"Cultist","floor":1.0,"turns":4.0},{"damage":7.0,"enemies":"Small Slimes","floor":2.0,"turns":4.0},{"damage":1.0,"enemies":"2 Louse","floor":3.0,"turns":3.0},{"damage":0.0,"enemies":"2 Fungi Beasts","floor":4.0,"turns":4.0},{"damage":13.0,"enemies":"Looter","floor":7.0,"turns":2.0},{"damage":1.0,"enemies":"Blue Slaver","floor":11.0,"turns":4.0},{"damage":32.0,"enemies":"Lagavulin","floor":14.0,"turns":9.0},{"damage":45.0,"enemies":"Hexaghost","floor":16.0,"turns":11.0},{"damage":32,"enemies":"Spheric Guardian","floor":18,"turns":6},{"damage":17,"enemies":"Shell Parasite","floor":19,"turns":5},{"damage":0,"enemies":"Cultist and Chosen","floor":21,"turns":1}],"seed_played":"4024463432919679733","potions_obtained":[{"floor":1.0,"key":"Poison Potion"},{"floor":3.0,"key":"Explosive Potion"},{"floor":4.0,"key":"Block Potion"},{"floor":13.0,"key":"SteroidPotion"},{"floor":16.0,"key":"PowerPotion"},{"floor":19,"key":"SkillPotion"}],"is_trial":false,"path_per_floor":["M","M","M","M","$","R","M","?","T","?","M","R","?","E","R","B",null,"M","M","$","M"],"character_chosen":"THE_SILENT","items_purchased":["Caltrops","Blade Dance"],"campfire_rested":2,"item_purchase_floors":[5,5],"current_hp_per_floor":[69,62,61,61,61,61,48,48,48,41,40,61,61,29,50,5,70,38,21,21,21],"gold":231,"neow_bonus":"HUNDRED_GOLD","is_prod":false,"is_daily":false,"chose_seed":false,"campfire_upgraded":1,"win_rate":0,"timestamp":1557962194,"path_taken":["M","?","M","M","$","R","M","?","T","?","?","R","?","E","R","BOSS","M","M","?","?"],"build_version":"2019-01-23","purchased_purges":2,"victory":false,"max_hp_per_floor":[70,70,70,70,70,70,70,70,70,70,70,70,70,70,70,70,70,70,70,70,70],"card_choices":[{"not_picked":["Masterful Stab","Calculated Gamble"],"picked":"PiercingWail","floor":1.0},{"not_picked":["Dagger Spray","Acrobatics"],"picked":"Slice","floor":2.0},{"not_picked":["Underhanded Strike","Eviscerate"],"picked":"Flying Knee","floor":3.0},{"not_picked":["Choke","Underhanded Strike"],"picked":"Deflect","floor":4.0},{"not_picked":["Prepared","Catalyst","Deadly Poison"],"picked":"SKIP","floor":7.0},{"not_picked":["Deadly Poison","Riddle With Holes","Backflip"],"picked":"SKIP","floor":11.0},{"not_picked":["Acrobatics","Bane","Caltrops"],"picked":"SKIP","floor":14.0},{"not_picked":["Unload","Night Terror"],"picked":"A Thousand Cuts","floor":16.0},{"not_picked":["Expertise","Bane"],"picked":"Blade Dance+1","floor":18},{"not_picked":["Slice+1","Heel Hook","Noxious Fumes"],"picked":"SKIP","floor":19}],"player_experience":525377,"relics_obtained":[{"floor":9.0,"key":"The Courier"},{"floor":14.0,"key":"Bag of Preparation"}],"event_choices":[{"damage_healed":0.0,"max_hp_gain":0.0,"max_hp_loss":0.0,"gold_gain":0.0,"event_name":"Shining Light","player_choice":"Ignored","floor":8.0,"gold_loss":0.0,"damage_taken":0.0},{"damage_healed":0.0,"max_hp_gain":0.0,"max_hp_loss":0.0,"gold_gain":75.0,"event_name":"FaceTrader","player_choice":"Touch","floor":10.0,"gold_loss":0.0,"damage_taken":7.0},{"damage_healed":0.0,"max_hp_gain":0.0,"max_hp_loss":0.0,"gold_gain":0.0,"event_name":"Lab","player_choice":"Got Potions","floor":13.0,"gold_loss":0.0,"damage_taken":0.0}],"is_beta":false,"boss_relics":[{"not_picked":["Ectoplasm","Sozu"],"picked":"Empty Cage"}],"items_purged_floors":[5,20],"is_endless":false,"potions_floor_spawned":[1,3,4,16,19],"killed_by":"Cultist and Chosen","ascension_level":4}