{"gold_per_floor":[114,89,89,89,15,46,46,77,100,144,5,5,20,20,32,164,176,208,220,255,267,300,312,347,459,547,559],"floor_reached":27,"playtime":1175,"items_purged":[],"score":291,"play_id":"fa1c6663-dc87-4c62-96a6-a0cce8b1d8eb","local_time":"20190415082441","is_ascension_mode":true,"campfire_choices":[{"data":"All Out Attack","floor":7,"key":"SMITH"},{"data":"Infinite Blades","floor":15,"key":"SMITH"},{"floor":23,"key":"REST"}],"neow_cost":"NONE","seed_source_timestamp":286447655809200,"circlet_count":0,"master_deck":["Defend_G","Defend_G","Defend_G","Defend_G","Defend_G","Strike_G","Strike_G","Strike_G","Strike_G","Survivor","Neutralize","Heel Hook","Quick Slash","Deadly Poison","Backflip","All Out Attack+1","Cloak And Dagger","Distraction","Infinite Blades+1","Deadly Poison","Underhanded Strike","Acrobatics","Deflect+1","Die Die Die","Poisoned Stab","Endless Agony","Dagger Throw+1","Flying Knee"],"relics":["Ring of the Snake","Golden Idol","Pocketwatch","Du-Vu Doll","Ancient Tea Set","Sundial","MawBank","Black Star","Nloth\u0027s Gift","Tiny Chest"],"potions_floor_usage":[16,16],"damage_taken":[{"damage":0,"enemies":"2 Louse","floor":1,"turns":1},{"damage":0,"enemies":"3 Sentries","floor":6,"turns":2},{"damage":0,"enemies":"Gremlin Nob","floor":8,"turns":1},{"damage":12,"enemies":"3 Sentries","floor":10,"turns":7},{"damage":0,"enemies":"Small Slimes","floor":13,"turns":2},{"damage":12,"enemies":"Hexaghost","floor":16,"turns":10},{"damage":4,"enemies":"Chosen","floor":18,"turns":5},{"damage":10,"enemies":"3 Byrds","floor":20,"turns":5},{"damage":32,"enemies":"Snecko","floor":22,"turns":6},{"damage":31,"enemies":"Shelled Parasite and Fungi","floor":24,"turns":5},{"damage":17,"enemies":"Snake Plant","floor":27,"turns":4}],"seed_played":"-5137341483088796817","potions_obtained":[{"floor":1,"key":"Block Potion"},{"floor":8,"key":"Block Potion"},{"floor":10,"key":"Poison Potion"},{"floor":22,"key":"GamblersBrew"}],"is_trial":false,"path_per_floor":["M","$","?","?","$","E","R","E","T","E","$","?","M","?","R","B",null,"M","?","M","?","M","R","M","?","T","M"],"character_chosen":"THE_SILENT","items_purchased":["Quick Slash","Deadly Poison","Backflip","Infinite Blades","Deadly Poison","Underhanded Strike"],"campfire_rested":1,"item_purchase_floors":[2,5,5,11,11,11],"current_hp_per_floor":[70,70,70,63,63,63,63,63,63,51,51,51,51,51,51,39,70,66,66,56,56,24,45,14,14,14,0],"gold":559,"neow_bonus":"THREE_ENEMY_KILL","is_prod":false,"is_daily":false,"chose_seed":false,"campfire_upgraded":2,"win_rate":0,"timestamp":1555331081,"path_taken":["M","$","?","?","$","E","R","E","T","E","$","?","?","?","R","BOSS","M","?","?","?","?","R","M","?","T","M"],"build_version":"2019-01-23","purchased_purges":0,"victory":false,"max_hp_per_floor":[70,70,70,70,70,70,70,70,70,70,70,70,70,70,70,70,70,70,70,70,70,70,70,70,70,70,70],"card_choices":[{"not_picked":["Crippling Poison","Flying Knee"],"picked":"Heel Hook","floor":1},{"not_picked":["Noxious Fumes","Acrobatics"],"picked":"All Out Attack","floor":6},{"not_picked":["All Out Attack","Predator"],"picked":"Cloak And Dagger","floor":8},{"not_picked":["Envenom","Acrobatics"],"picked":"Distraction","floor":10},{"not_picked":["Catalyst","Expertise"],"picked":"Deflect","floor":13},{"not_picked":["Envenom","Wraith Form v2"],"picked":"Die Die Die","floor":16},{"not_picked":["Backflip","PiercingWail"],"picked":"Poisoned Stab","floor":18},{"not_picked":["Skewer","Backflip"],"picked":"Endless Agony","floor":20},{"not_picked":["Riddle With Holes","Dodge and Roll"],"picked":"Dagger Throw+1","floor":22},{"not_picked":["Concentrate+1","Predator"],"picked":"Flying Knee","floor":24}],"player_experience":87021,"relics_obtained":[{"floor":6,"key":"Pocketwatch"},{"floor":8,"key":"Du-Vu Doll"},{"floor":9,"key":"Ancient Tea Set"},{"floor":10,"key":"Sundial"},{"floor":26,"key":"Tiny Chest"}],"event_choices":[{"damage_healed":0,"gold_gain":0,"player_choice":"Take Wound","damage_taken":0,"relics_obtained":["Golden Idol"],"max_hp_gain":0,"max_hp_loss":0,"event_name":"Golden Idol","floor":3,"gold_loss":0,"cards_obtained":["Injury"]},{"cards_removed":["Injury"],"damage_healed":0,"gold_gain":0,"player_choice":"Card Removal","damage_taken":7,"max_hp_gain":0,"max_hp_loss":0,"event_name":"Golden Wing","floor":4,"gold_loss":0},{"damage_healed":0,"gold_gain":0,"cards_transformed":["Strike_G"],"player_choice":"Change","damage_taken":0,"max_hp_gain":0,"max_hp_loss":0,"event_name":"Living Wall","floor":12,"gold_loss":0,"cards_obtained":["Acrobatics"]},{"damage_healed":0,"gold_gain":0,"player_choice":"Gave Potion","damage_taken":0,"relics_obtained":["MawBank"],"max_hp_gain":0,"max_hp_loss":0,"event_name":"WeMeetAgain","floor":14,"gold_loss":0},{"damage_healed":0,"gold_gain":0,"player_choice":"Traded Relic","damage_taken":0,"relics_obtained":["Nloth\u0027s Gift"],"max_hp_gain":0,"max_hp_loss":0,"event_name":"N\u0027loth","floor":19,"relics_lost":["NeowsBlessing"],"gold_loss":0},{"damage_healed":0,"gold_gain":0,"player_choice":"Forge","damage_taken":0,"max_hp_gain":0,"max_hp_loss":0,"event_name":"Accursed Blacksmith","floor":21,"gold_loss":0,"cards_upgraded":["Deflect"]},{"damage_healed":0,"gold_gain":100,"player_choice":"Pray","damage_taken":0,"max_hp_gain":0,"max_hp_loss":0,"event_name":"Golden Shrine","floor":25,"gold_loss":0}],"is_beta":false,"boss_relics":[{"not_picked":["Astrolabe","Velvet Choker"],"picked":"Black Star"}],"items_purged_floors":[],"is_endless":false,"potions_floor_spawned":[1,8,10,22],"killed_by":"Snake Plant","ascension_level":1}