{"gold_per_floor":[118,118,6,23,39,39,66,66,66,99,99,116,116,128,128,231,231,250,350,361,206,206,206,206,206,231,231,251,281,281,235,235,340,340,359,359,359,373,388,388,196,226,226,21,53,73,73],"floor_reached":47,"playtime":1863,"items_purged":["Night Terror","Strike_G"],"score":587,"play_id":"6a5a7f19-2ce3-4d78-abd9-1fa7a688d2ed","local_time":"20190429190533","is_ascension_mode":true,"campfire_choices":[{"data":"Bouncing Flask","floor":6,"key":"SMITH"},{"data":"Neutralize","floor":8,"key":"SMITH"},{"floor":11,"key":"REST"},{"floor":15,"key":"REST"},{"data":"After Image","floor":23,"key":"SMITH"},{"data":"Noxious Fumes","floor":25,"key":"SMITH"},{"floor":32,"key":"REST"},{"data":"Deadly Poison","floor":40,"key":"SMITH"}],"neow_cost":"NONE","seed_source_timestamp":1534162089217300,"circlet_count":0,"master_deck":["Defend_G","Defend_G","Defend_G","Defend_G","Strike_G","Strike_G","Strike_G","Survivor","Neutralize+1","Corpse Explosion","Flying Knee","Backstab","Bouncing Flask+1","Bane","Tools of the Trade","Crippling Poison","Noxious Fumes+1","After Image+1","Acrobatics+1","Heel Hook","Sucker Punch+1","Underhanded Strike","Burst","Madness","Madness","Deadly Poison+1","Dodge and Roll","Backflip","Cloak And Dagger"],"relics":["Ring of the Snake","Mummified Hand","Sundial","Snake Skull","Sozu","Centennial Puzzle","Oddly Smooth Stone","Orichalcum","Snecko Eye","Anchor","Smiling Mask","Ancient Tea Set","Vajra","Bag of Marbles"],"potions_floor_usage":[],"damage_taken":[{"damage":9,"enemies":"Jaw Worm","floor":1,"turns":5},{"damage":0,"enemies":"Cultist","floor":4,"turns":3},{"damage":0,"enemies":"2 Louse","floor":5,"turns":1},{"damage":15,"enemies":"Gremlin Nob","floor":7,"turns":5},{"damage":22,"enemies":"3 Sentries","floor":10,"turns":8},{"damage":9,"enemies":"Red Slaver","floor":12,"turns":2},{"damage":0,"enemies":"Large Slime","floor":14,"turns":3},{"damage":23,"enemies":"Hexaghost","floor":16,"turns":7},{"damage":10,"enemies":"Shell Parasite","floor":18,"turns":4},{"damage":11,"enemies":"2 Thieves","floor":20,"turns":2},{"damage":14,"enemies":"Snake Plant","floor":28,"turns":4},{"damage":5,"enemies":"Book of Stabbing","floor":29,"turns":5},{"damage":19,"enemies":"Automaton","floor":33,"turns":8},{"damage":1,"enemies":"Orb Walker","floor":35,"turns":3},{"damage":31,"enemies":"3 Darklings","floor":38,"turns":3},{"damage":0,"enemies":"Sphere and 2 Shapes","floor":39,"turns":3},{"damage":15,"enemies":"Giant Head","floor":42,"turns":7},{"damage":9,"enemies":"Nemesis","floor":45,"turns":7},{"damage":4,"enemies":"Maw","floor":46,"turns":6},{"damage":10,"enemies":"4 Shapes","floor":47,"turns":1}],"seed_played":"-5836978740697502213","potions_obtained":[{"floor":1,"key":"SteroidPotion"},{"floor":4,"key":"SteroidPotion"},{"floor":10,"key":"LiquidBronze"},{"floor":14,"key":"Strength Potion"}],"is_trial":false,"path_per_floor":["M","?","$","M","M","R","E","R","T","E","R","M","$","M","R","B",null,"M","?","M","$","?","R","$","R","T","$","M","E","?","$","R","B",null,"M","?","?","M","M","R","$","E","T","$","E","M","M"],"character_chosen":"THE_SILENT","items_purchased":["Backstab","Centennial Puzzle","Underhanded Strike","Anchor","Dodge and Roll","Vajra"],"campfire_rested":3,"item_purchase_floors":[3,21,31,41,41,44],"current_hp_per_floor":[61,61,61,61,61,61,46,46,46,24,45,36,36,36,57,34,70,60,60,49,49,49,49,49,49,49,49,35,30,30,30,51,32,70,69,60,60,29,29,29,29,14,14,14,5,1,0],"gold":73,"neow_bonus":"TRANSFORM_CARD","is_prod":false,"is_daily":false,"chose_seed":false,"campfire_upgraded":5,"win_rate":0,"timestamp":1556579133,"path_taken":["M","?","?","M","M","R","E","R","T","E","R","M","$","?","R","BOSS","M","?","?","$","?","R","$","R","T","$","?","E","?","?","R","BOSS","M","?","?","M","M","R","$","E","T","$","E","M","?"],"build_version":"2019-01-23","purchased_purges":2,"victory":false,"max_hp_per_floor":[70,70,70,70,70,70,70,70,70,70,70,70,70,70,70,70,70,70,70,70,70,70,70,70,70,70,70,70,70,70,70,70,70,70,70,70,70,70,70,70,70,70,70,70,70,70,70],"card_choices":[{"not_picked":["Blur","Dagger Throw"],"picked":"Flying Knee","floor":1},{"not_picked":["Acrobatics","Well Laid Plans"],"picked":"Bouncing Flask","floor":4},{"not_picked":["Cloak And Dagger","Accuracy"],"picked":"Bane","floor":5},{"not_picked":["Acrobatics","Terror"],"picked":"Tools of the Trade","floor":7},{"not_picked":["A Thousand Cuts","Outmaneuver","Riddle With Holes"],"picked":"SKIP","floor":10},{"not_picked":["PiercingWail","Flying Knee"],"picked":"Crippling Poison","floor":12},{"not_picked":["Acrobatics","Setup"],"picked":"Noxious Fumes","floor":14},{"not_picked":["Unload","Corpse Explosion"],"picked":"After Image","floor":16},{"not_picked":["Slice","Prepared"],"picked":"Acrobatics+1","floor":18},{"not_picked":["Cloak And Dagger","Distraction"],"picked":"Heel Hook","floor":20},{"not_picked":["Backstab","Well Laid Plans"],"picked":"Sucker Punch+1","floor":28},{"not_picked":["Footwork","Flechettes","Leg Sweep"],"picked":"SKIP","floor":29},{"not_picked":["Unload","Venomology"],"picked":"Burst","floor":33},{"not_picked":["Flying Knee+1","Bane","All Out Attack"],"picked":"SKIP","floor":35},{"not_picked":["Blade Dance+1","Dagger Throw"],"picked":"Deadly Poison","floor":38},{"not_picked":["Backflip","Deadly Poison","Accuracy+1"],"picked":"SKIP","floor":39},{"not_picked":["Corpse Explosion","Endless Agony+1"],"picked":"Backflip","floor":42},{"not_picked":["Masterful Stab+1","Bane+1","Backflip"],"picked":"SKIP","floor":45},{"not_picked":["Caltrops+1","Dagger Throw"],"picked":"Cloak And Dagger","floor":46}],"player_experience":133049,"relics_obtained":[{"floor":7,"key":"Mummified Hand"},{"floor":9,"key":"Sundial"},{"floor":10,"key":"Snake Skull"},{"floor":26,"key":"Oddly Smooth Stone"},{"floor":29,"key":"Orichalcum"},{"floor":42,"key":"Smiling Mask"},{"floor":43,"key":"Ancient Tea Set"},{"floor":45,"key":"Bag of Marbles"}],"event_choices":[{"damage_healed":0,"gold_gain":0,"cards_transformed":["Defend_G"],"player_choice":"Transformed","damage_taken":0,"max_hp_gain":0,"max_hp_loss":0,"event_name":"Transmorgrifier","floor":2,"gold_loss":0,"cards_obtained":["Night Terror"]},{"damage_healed":0,"gold_gain":100,"player_choice":"Pray","damage_taken":0,"max_hp_gain":0,"max_hp_loss":0,"event_name":"Golden Shrine","floor":19,"gold_loss":0},{"damage_healed":0,"gold_gain":0,"player_choice":"Ignored","damage_taken":0,"max_hp_gain":0,"max_hp_loss":0,"event_name":"N\u0027loth","floor":22,"gold_loss":0},{"damage_healed":0,"gold_gain":0,"player_choice":"Ignored","damage_taken":0,"max_hp_gain":0,"max_hp_loss":0,"event_name":"Beggar","floor":30,"gold_loss":0},{"damage_healed":0,"gold_gain":0,"player_choice":"Embrace Madness","damage_taken":9,"max_hp_gain":0,"max_hp_loss":0,"event_name":"Winding Halls","floor":36,"gold_loss":0,"cards_obtained":["Madness","Madness"]},{"damage_healed":0,"gold_gain":0,"player_choice":"Bought 0 Potions","damage_taken":0,"max_hp_gain":0,"max_hp_loss":0,"event_name":"The Woman in Blue","floor":37,"gold_loss":0}],"is_beta":false,"boss_relics":[{"not_picked":["Black Star","Velvet Choker"],"picked":"Sozu"},{"not_picked":["WristBlade","HoveringKite"],"picked":"Snecko Eye"}],"items_purged_floors":[3,44],"is_endless":false,"potions_floor_spawned":[1,4,10,14,16,20,28,29,33,42],"killed_by":"4 Shapes","ascension_level":2}