{"gold_per_floor":[113,113,288,288,303,303,336,336,413,440,440,455,472,472,472,472],"floor_reached":16,"playtime":453,"items_purged":[],"score":151,"play_id":"096750b3-45be-42c0-bb05-52e365d9a7e8","local_time":"20190129231433","is_ascension_mode":true,"campfire_choices":[{"data":"Coolheaded","floor":6,"key":"SMITH"},{"floor":8,"key":"REST"},{"floor":15,"key":"REST"}],"neow_cost":"CURSE","seed_source_timestamp":609502789036394,"circlet_count":0,"master_deck":["Strike_B","Strike_B","Strike_B","Strike_B","Defend_B","Defend_B","Defend_B","Defend_B","Zap+1","Dualcast","Writhe","Conserve Battery","Doubt","Coolheaded+1","Coolheaded","Ball Lightning","Glacier","Leap"],"relics":["Cracked Core","Darkstone Periapt","Emotion Chip","Ornamental Fan","Peace Pipe","Kunai"],"potions_floor_usage":[5],"damage_taken":[{"damage":8,"enemies":"Small Slimes","floor":1,"turns":4},{"damage":0,"enemies":"Jaw Worm","floor":5,"turns":3},{"damage":49,"enemies":"3 Sentries","floor":7,"turns":12},{"damage":30,"enemies":"Gremlin Nob","floor":10,"turns":5},{"damage":0,"enemies":"Cultist","floor":12,"turns":3},{"damage":13,"enemies":"Large Slime","floor":13,"turns":4},{"damage":51,"enemies":"Slime Boss","floor":16,"turns":9}],"seed_played":"3881662036173684387","potions_obtained":[{"floor":1,"key":"AttackPotion"}],"is_trial":false,"path_per_floor":["M","?","?","?","M","R","E","R","T","E","?","M","M","?","R","B"],"character_chosen":"DEFECT","items_purchased":[],"campfire_rested":2,"item_purchase_floors":[],"current_hp_per_floor":[74,74,74,74,74,74,25,51,51,21,50,50,37,19,45,0],"gold":472,"neow_bonus":"TWENTY_PERCENT_HP_BONUS","is_prod":false,"is_daily":false,"chose_seed":false,"campfire_upgraded":1,"win_rate":0,"timestamp":1548814473,"path_taken":["M","?","?","?","?","R","E","R","T","E","?","M","M","?","R","BOSS"],"build_version":"2019-01-23","purchased_purges":0,"victory":false,"max_hp_per_floor":[89,89,89,89,89,89,89,89,89,89,89,89,89,89,89,89],"card_choices":[{"not_picked":["Consume","Coolheaded"],"picked":"Conserve Battery","floor":1},{"not_picked":["Go for the Eyes","Barrage"],"picked":"Coolheaded","floor":5},{"not_picked":["Leap","Skim"],"picked":"Coolheaded","floor":7},{"not_picked":["Steam","Steam Power"],"picked":"Ball Lightning","floor":10},{"not_picked":["Auto Shields","Recycle"],"picked":"Glacier","floor":12},{"not_picked":["Rebound","Gash"],"picked":"Leap","floor":13}],"player_experience":685274,"relics_obtained":[{"floor":4,"key":"Darkstone Periapt"},{"floor":7,"key":"Emotion Chip"},{"floor":9,"key":"Ornamental Fan"},{"floor":10,"key":"Peace Pipe"}],"event_choices":[{"damage_healed":0,"gold_gain":0,"player_choice":"Grow","damage_taken":0,"max_hp_gain":0,"max_hp_loss":0,"event_name":"Living Wall","floor":2,"gold_loss":0,"cards_upgraded":["Zap"]},{"damage_healed":0,"gold_gain":175,"player_choice":"AGREE","damage_taken":0,"max_hp_gain":0,"max_hp_loss":0,"event_name":"Liars Game","floor":3,"gold_loss":0,"cards_obtained":["Doubt"]},{"damage_healed":0,"gold_gain":0,"player_choice":"Relic","damage_taken":0,"max_hp_gain":0,"max_hp_loss":0,"event_name":"Wheel of Change","floor":4,"gold_loss":0},{"damage_healed":29,"gold_gain":0,"player_choice":"Banana","damage_taken":0,"max_hp_gain":0,"max_hp_loss":0,"event_name":"Big Fish","floor":11,"gold_loss":0},{"damage_healed":0,"gold_gain":0,"player_choice":"Success","damage_taken":18,"relics_obtained":["Kunai"],"max_hp_gain":0,"max_hp_loss":0,"event_name":"Scrap Ooze","floor":14,"gold_loss":0}],"is_beta":false,"boss_relics":[],"items_purged_floors":[],"is_endless":false,"potions_floor_spawned":[1],"killed_by":"Slime Boss","ascension_level":8}