{"gold_per_floor":[118,135,56,68,29,55,65,85,139,116,128,140,163,130,142,154],"floor_reached":16,"playtime":699,"items_purged":[],"score":102,"play_id":"0b60d864-85c8-4df2-96b3-8d20131b774a","local_time":"20190327212524","is_ascension_mode":false,"campfire_choices":[{"data":"Barricade","floor":11,"key":"SMITH"},{"data":"Armaments","floor":15,"key":"SMITH"}],"neow_cost":"NONE","seed_source_timestamp":387641910738100,"circlet_count":0,"master_deck":["Strike_R","Strike_R","Strike_R","Strike_R","Strike_R","Defend_R","Defend_R","Defend_R","Defend_R","Bash","Heavy Blade","Clothesline","Whirlwind","Metallicize","Intimidate","Barricade+1","Armaments","Armaments+1","Entrench"],"relics":["Burning Blood","Omamori","MawBank","Gremlin Horn"],"potions_floor_usage":[],"damage_taken":[{"damage":6,"enemies":"Cultist","floor":1,"turns":4},{"damage":0,"enemies":"Small Slimes","floor":2,"turns":3},{"damage":7,"enemies":"Jaw Worm","floor":4,"turns":4},{"damage":33,"enemies":"Lagavulin","floor":6,"turns":9},{"damage":22,"enemies":"Blue Slaver","floor":7,"turns":5},{"damage":22,"enemies":"2 Fungi Beasts","floor":8,"turns":6},{"damage":7,"enemies":"3 Louse","floor":13,"turns":7},{"damage":8,"enemies":"Looter","floor":14,"turns":5},{"damage":46,"enemies":"Slime Boss","floor":16,"turns":6}],"seed_played":"-5241368849530411024","potions_obtained":[{"floor":6,"key":"EssenceOfSteel"},{"floor":7,"key":"SteroidPotion"},{"floor":13,"key":"Strength Potion"}],"is_trial":false,"path_per_floor":["M","M","$","M","$","E","M","M","T","?","R","?","M","M","R","B"],"character_chosen":"IRONCLAD","items_purchased":["Whirlwind","Intimidate"],"campfire_rested":0,"item_purchase_floors":[3,5],"current_hp_per_floor":[88,88,88,87,87,60,44,28,28,50,50,47,46,44,44,0],"gold":154,"neow_bonus":"TEN_PERCENT_HP_BONUS","is_prod":false,"is_daily":false,"chose_seed":false,"campfire_upgraded":2,"win_rate":0.0,"timestamp":1553736324,"path_taken":["M","M","?","M","$","E","M","M","T","?","R","?","M","M","R","BOSS"],"build_version":"2019-01-23","purchased_purges":0,"victory":false,"max_hp_per_floor":[88,88,88,88,88,88,88,88,88,88,88,88,88,88,88,88],"card_choices":[{"not_picked":["Warcry","Body Slam"],"picked":"Heavy Blade","floor":1},{"not_picked":["Burning Pact","Clash"],"picked":"Clothesline","floor":2},{"not_picked":["Disarm","Flex"],"picked":"Metallicize","floor":4},{"not_picked":["Shrug It Off","Flex"],"picked":"Barricade","floor":6},{"not_picked":["Uppercut","Burning Pact"],"picked":"Armaments","floor":7},{"not_picked":["Blood for Blood","Clash"],"picked":"Armaments","floor":8},{"not_picked":["Disarm","Burning Pact","Carnage"],"picked":"SKIP","floor":13},{"not_picked":["Reckless Charge","Warcry"],"picked":"Entrench","floor":14}],"player_experience":8926,"relics_obtained":[{"floor":6,"key":"Omamori"},{"floor":9,"key":"MawBank"}],"event_choices":[{"damage_healed":22,"gold_gain":0,"player_choice":"Healed","damage_taken":0,"max_hp_gain":0,"max_hp_loss":0,"event_name":"The Cleric","floor":10,"gold_loss":35},{"damage_healed":0,"gold_gain":0,"player_choice":"Success","damage_taken":3,"relics_obtained":["Gremlin Horn"],"max_hp_gain":0,"max_hp_loss":0,"event_name":"Scrap Ooze","floor":12,"gold_loss":0}],"is_beta":false,"boss_relics":[],"items_purged_floors":[],"is_endless":false,"potions_floor_spawned":[6,7,13],"killed_by":"Slime Boss","ascension_level":0}