{"gold_per_floor":[117,117,135,6,23,51,63,63,63,79,105,105,138,150,150,227,227,238,254,254,274,298,298,359,375,402,402,415,415,429,439,439,512,562,572,270,286,286,303,303,329,329],"floor_reached":42,"playtime":4299,"items_purged":["Strike_G"],"score":1094,"play_id":"57476e5c-258b-4357-b96b-26aba339920c","local_time":"20190113110828","is_ascension_mode":true,"campfire_choices":[{"data":"Poisoned Stab","floor":8,"key":"SMITH"},{"data":"Calculated Gamble","floor":15,"key":"SMITH"},{"floor":23,"key":"REST"},{"floor":27,"key":"REST"},{"data":"Footwork","floor":29,"key":"SMITH"},{"floor":32,"key":"REST"},{"data":"Well Laid Plans","floor":40,"key":"SMITH"}],"neow_cost":"TEN_PERCENT_HP_LOSS","seed_source_timestamp":265245910181123,"circlet_count":0,"master_deck":["AscendersBane","Defend_G","Defend_G","Defend_G","Defend_G","Defend_G","Strike_G","Strike_G","Strike_G+1","Survivor","Neutralize+1","Poisoned Stab+1","Flying Knee","Dash","Cloak And Dagger","Footwork","PiercingWail","Calculated Gamble+1","PiercingWail","Die Die Die","Caltrops","Calculated Gamble+1","Footwork+1","Well Laid Plans+1","Backflip","Envenom","Noxious Fumes","Adrenaline","Backflip+1","Noxious Fumes","Backflip","Blur+1"],"relics":["Ring of the Snake","FossilizedHelix","Ninja Scroll","Singing Bowl","Tough Bandages","Sozu","Centennial Puzzle","Tiny Chest","Blood Vial","Tiny House","Frozen Eye","Molten Egg 2","Anchor"],"potions_floor_usage":[6,11,21,24],"damage_taken":[{"damage":0,"enemies":"Cultist","floor":1,"turns":5},{"damage":0,"enemies":"Small Slimes","floor":3,"turns":4},{"damage":0,"enemies":"Jaw Worm","floor":5,"turns":5},{"damage":10,"enemies":"3 Sentries","floor":6,"turns":10},{"damage":0,"enemies":"Red Slaver","floor":7,"turns":4},{"damage":0,"enemies":"3 Louse","floor":10,"turns":4},{"damage":12,"enemies":"Lagavulin","floor":11,"turns":11},{"damage":0,"enemies":"Gremlin Nob","floor":13,"turns":4},{"damage":0,"enemies":"Blue Slaver","floor":14,"turns":3},{"damage":0,"enemies":"The Guardian","floor":16,"turns":14},{"damage":33,"enemies":"Chosen","floor":18,"turns":8},{"damage":11,"enemies":"Spheric Guardian","floor":19,"turns":5},{"damage":4,"enemies":"3 Cultists","floor":21,"turns":5},{"damage":15,"enemies":"Slavers","floor":24,"turns":8},{"damage":0,"enemies":"Shelled Parasite and Fungi","floor":25,"turns":7},{"damage":0,"enemies":"Centurion and Healer","floor":28,"turns":11},{"damage":0,"enemies":"Cultist and Chosen","floor":30,"turns":9},{"damage":7,"enemies":"3 Cultists","floor":31,"turns":7},{"damage":25,"enemies":"Champ","floor":33,"turns":21},{"damage":4,"enemies":"Orb Walker","floor":35,"turns":6},{"damage":0,"enemies":"3 Darklings","floor":37,"turns":7},{"damage":0,"enemies":"Writhing Mass","floor":39,"turns":11},{"damage":46,"enemies":"Reptomancer","floor":41,"turns":8},{"damage":34,"enemies":"Transient","floor":42,"turns":6}],"seed_played":"-1910057482232915160","potions_obtained":[{"floor":5,"key":"AttackPotion"},{"floor":6,"key":"Regen Potion"},{"floor":14,"key":"Ancient Potion"}],"is_trial":false,"path_per_floor":["M","?","M","$","M","E","M","R","T","M","E","?","E","M","R","B",null,"M","M","?","M","T","R","E","M","T","R","M","R","M","M","R","B",null,"M","$","M","T","M","R","E","M"],"character_chosen":"THE_SILENT","items_purchased":["Dash","Fire Potion","Frozen Eye"],"campfire_rested":3,"item_purchase_floors":[4,4,36],"current_hp_per_floor":[59,59,59,59,59,49,49,49,49,49,50,50,50,50,50,50,59,26,17,17,13,13,32,17,19,19,38,40,40,42,37,56,33,65,63,63,65,65,67,67,23,0],"gold":329,"neow_bonus":"ONE_RARE_RELIC","is_prod":false,"is_daily":false,"chose_seed":false,"campfire_upgraded":4,"win_rate":0,"timestamp":1547395708,"path_taken":["M","?","?","$","M","E","M","R","T","M","E","?","E","M","R","BOSS","M","?","?","?","?","R","E","M","T","R","?","R","M","M","R","BOSS","M","$","M","?","M","R","E","M"],"build_version":"2019-01-10","purchased_purges":1,"victory":false,"max_hp_per_floor":[60,60,60,60,60,60,60,60,60,60,62,62,62,62,62,62,62,62,64,64,64,64,64,64,66,66,66,66,66,66,66,66,66,73,73,73,73,73,73,73,73,73],"card_choices":[{"not_picked":["Blade Dance","Concentrate"],"picked":"Poisoned Stab","floor":1},{"not_picked":["Bouncing Flask","Bane"],"picked":"Flying Knee","floor":3},{"not_picked":["Slice","Prepared"],"picked":"Cloak And Dagger","floor":5},{"not_picked":["Acrobatics","Backstab"],"picked":"Footwork","floor":6},{"not_picked":["Slice","Flying Knee","Reflex"],"picked":"SKIP","floor":7},{"not_picked":["Sucker Punch","Predator","Tactician"],"picked":"SKIP","floor":10},{"not_picked":["Sucker Punch","Predator","Tactician"],"picked":"SKIP","floor":10},{"not_picked":["Deadly Poison","Prepared","All Out Attack"],"picked":"Singing Bowl","floor":11},{"not_picked":["Wraith Form v2","Dodge and Roll"],"picked":"Calculated Gamble","floor":13},{"not_picked":["Bouncing Flask","Outmaneuver"],"picked":"PiercingWail","floor":14},{"not_picked":["Tools of the Trade","Venomology"],"picked":"Die Die Die","floor":16},{"not_picked":["Deadly Poison","All Out Attack"],"picked":"Caltrops","floor":18},{"not_picked":["Cloak And Dagger","Reflex+1","Dagger Throw"],"picked":"Singing Bowl","floor":19},{"not_picked":["Finisher","Bane"],"picked":"Footwork","floor":21},{"not_picked":["Deadly Poison","Bane"],"picked":"Well Laid Plans","floor":24},{"not_picked":["Dagger Spray","Outmaneuver+1","Phantasmal Killer"],"picked":"Singing Bowl","floor":25},{"not_picked":["Flying Knee","Prepared"],"picked":"Backflip","floor":28},{"not_picked":["Blade Dance","All Out Attack"],"picked":"Envenom","floor":30},{"not_picked":["Masterful Stab","Underhanded Strike"],"picked":"Noxious Fumes","floor":31},{"not_picked":["Burst","Tools of the Trade"],"picked":"Adrenaline","floor":33},{"not_picked":["Distraction","Terror","Dash"],"picked":"Singing Bowl","floor":34},{"not_picked":["Acrobatics","Underhanded Strike"],"picked":"Backflip+1","floor":35},{"not_picked":["Bane","Backstab"],"picked":"Noxious Fumes","floor":37},{"not_picked":["Blade Dance","Acrobatics"],"picked":"Backflip","floor":39},{"not_picked":["Underhanded Strike+1","Dodge and Roll"],"picked":"Blur+1","floor":41}],"player_experience":1102490,"relics_obtained":[{"floor":6,"key":"Ninja Scroll"},{"floor":11,"key":"Singing Bowl"},{"floor":13,"key":"Tough Bandages"},{"floor":22,"key":"Centennial Puzzle"},{"floor":24,"key":"Tiny Chest"},{"floor":26,"key":"Blood Vial"},{"floor":38,"key":"Molten Egg 2"},{"floor":41,"key":"Anchor"}],"event_choices":[{"damage_healed":0,"gold_gain":0,"player_choice":"Upgraded","damage_taken":0,"max_hp_gain":0,"max_hp_loss":0,"event_name":"Upgrade Shrine","floor":2,"gold_loss":0,"cards_upgraded":["Neutralize"]},{"damage_healed":0,"gold_gain":0,"cards_transformed":["Strike_G"],"player_choice":"Transformed","damage_taken":0,"max_hp_gain":0,"max_hp_loss":0,"event_name":"Transmorgrifier","floor":12,"gold_loss":0,"cards_obtained":["PiercingWail"]},{"damage_healed":0,"gold_gain":0,"player_choice":"Copied","damage_taken":0,"max_hp_gain":0,"max_hp_loss":0,"event_name":"Duplicator","floor":20,"gold_loss":0,"cards_obtained":["Calculated Gamble"]}],"is_beta":true,"boss_relics":[{"not_picked":["Orrery","Runic Dome"],"picked":"Sozu"},{"not_picked":["Pandora\u0027s Box","Fusion Hammer"],"picked":"Tiny House"}],"items_purged_floors":[36],"is_endless":false,"potions_floor_spawned":[5,6,7,10,14,18,19,30,33,39,41],"killed_by":"Transient","ascension_level":20}