{"gold_per_floor":[119,137,137,148,165,165,190,190,190,222,240,256,275,118,118,118],"floor_reached":16,"playtime":1039,"items_purged":[],"score":165,"play_id":"eaba6308-5568-4ae4-93d2-e7a56141242a","local_time":"20190215022326","is_ascension_mode":true,"campfire_choices":[{"data":"Catalyst","floor":6,"key":"SMITH"},{"data":"Storm of Steel","floor":8,"key":"SMITH"},{"floor":15,"key":"REST"}],"neow_cost":"NONE","seed_source_timestamp":45449964121802,"circlet_count":0,"master_deck":["Defend_G","Defend_G","Defend_G","Defend_G","Defend_G","Strike_G","Strike_G","Strike_G","Strike_G","Survivor","Neutralize","Catalyst+1","Noxious Fumes","Deadly Poison","Deadly Poison","Storm of Steel+1","Dash","Skewer","Prepared","Blade Dance","Terror","Caltrops"],"relics":["Ring of the Snake","Bag of Preparation","Letter Opener"],"potions_floor_usage":[10,10,12],"damage_taken":[{"damage":2,"enemies":"2 Louse","floor":1,"turns":3},{"damage":1,"enemies":"Cultist","floor":2,"turns":5},{"damage":1,"enemies":"Small Slimes","floor":4,"turns":4},{"damage":22,"enemies":"3 Louse","floor":5,"turns":4},{"damage":27,"enemies":"3 Sentries","floor":7,"turns":7},{"damage":12,"enemies":"Lagavulin","floor":10,"turns":5},{"damage":0,"enemies":"Gremlin Gang","floor":11,"turns":4},{"damage":2,"enemies":"Exordium Wildlife","floor":12,"turns":4},{"damage":1,"enemies":"Blue Slaver","floor":13,"turns":3},{"damage":27,"enemies":"Slime Boss","floor":16,"turns":7}],"seed_played":"-8610240705648448458","potions_obtained":[{"floor":2,"key":"GamblersBrew"},{"floor":4,"key":"Ancient Potion"},{"floor":7,"key":"GamblersBrew"},{"floor":11,"key":"GhostInAJar"},{"floor":12,"key":"Ancient Potion"}],"is_trial":false,"path_per_floor":["M","M","?","M","M","R","E","R","T","E","M","M","M","$","R","B"],"character_chosen":"THE_SILENT","items_purchased":["Terror","Caltrops"],"campfire_rested":1,"item_purchase_floors":[14,14],"current_hp_per_floor":[68,67,67,66,44,44,17,17,17,5,5,3,2,2,25,0],"gold":118,"neow_bonus":"TEN_PERCENT_HP_BONUS","is_prod":false,"is_daily":false,"chose_seed":false,"campfire_upgraded":2,"win_rate":0,"timestamp":1550208206,"path_taken":["M","M","?","M","M","R","E","R","T","E","M","M","M","$","R","BOSS"],"build_version":"2019-01-23","purchased_purges":0,"victory":false,"max_hp_per_floor":[77,77,77,77,77,77,77,77,77,77,77,77,77,77,77,77],"card_choices":[{"not_picked":["Bane","Cloak And Dagger"],"picked":"Catalyst","floor":1},{"not_picked":["Reflex","Underhanded Strike"],"picked":"Noxious Fumes","floor":2},{"not_picked":["Outmaneuver","Dagger Spray"],"picked":"Deadly Poison","floor":4},{"not_picked":["Prepared","Unload"],"picked":"Deadly Poison","floor":5},{"not_picked":["Backflip","Deadly Poison"],"picked":"Storm of Steel","floor":7},{"not_picked":["Quick Slash","Flechettes"],"picked":"Dash","floor":10},{"not_picked":["Prepared","Deadly Poison"],"picked":"Skewer","floor":11},{"not_picked":["Unload","Dash"],"picked":"Prepared","floor":12},{"not_picked":["Deadly Poison","Endless Agony"],"picked":"Blade Dance","floor":13}],"player_experience":766998,"relics_obtained":[{"floor":7,"key":"Bag of Preparation"},{"floor":10,"key":"Letter Opener"}],"event_choices":[{"cards_removed":["Strike_G"],"damage_healed":0,"gold_gain":0,"player_choice":"Purged","damage_taken":0,"max_hp_gain":0,"max_hp_loss":0,"event_name":"Purifier","floor":3,"gold_loss":0}],"is_beta":false,"boss_relics":[],"items_purged_floors":[],"is_endless":false,"potions_floor_spawned":[2,4,7,11,12],"killed_by":"Slime Boss","ascension_level":9}