{"gold_per_floor":[112,35,85,96,107,107,139,26,74,74,103,123,139,151,151,224,224,239,239,250,267,286,286,318,318,318,337,337,363,21,21,21,99,99,112,112,122,22,22,22,47,47,47,64,7,34,48,68,68,68,68],"floor_reached":52,"playtime":1705,"items_purged":["Strike_R","Strike_R"],"score":1903,"play_id":"3fa6d485-b01a-4a61-8ff1-725bcb826525","local_time":"20190515230719","is_ascension_mode":true,"campfire_choices":[{"data":"Bash","floor":6.0,"key":"SMITH"},{"data":"Inflame","floor":15.0,"key":"SMITH"},{"floor":23.0,"key":"REST"},{"floor":25.0,"key":"REST"},{"data":"Whirlwind","floor":28.0,"key":"SMITH"},{"floor":32.0,"key":"REST"},{"floor":40.0,"key":"REST"},{"data":"Limit Break","floor":42.0,"key":"SMITH"},{"data":"Offering","floor":49.0,"key":"SMITH"}],"neow_cost":"NONE","seed_source_timestamp":80489913075748,"circlet_count":0,"master_deck":["AscendersBane","Strike_R","Strike_R","Strike_R","Defend_R","Defend_R","Defend_R","Defend_R","Bash+1","Carnage","Inflame+1","Cleave","Spot Weakness","Inflame","Armaments","Limit Break+1","Shrug It Off","Offering+1","Anger","Whirlwind+1","True Grit","Sword Boomerang","Sword Boomerang","Disarm","Reaper","Sword Boomerang","Sword Boomerang","Pummel"],"special_seed":0,"relics":["Burning Blood","NeowsBlessing","Omamori","Happy Flower","WarpedTongs","Oddly Smooth Stone","Cursed Key","Bag of Marbles","Frozen Egg 2","Mercury Hourglass","Brimstone","Runic Pyramid","FaceOfCleric","Magic Flower","Pen Nib"],"potions_floor_usage":[51],"damage_taken":[{"damage":0.0,"enemies":"2 Louse","floor":1.0,"turns":1.0},{"damage":0.0,"enemies":"Cultist","floor":4.0,"turns":1.0},{"damage":0.0,"enemies":"Jaw Worm","floor":5.0,"turns":1.0},{"damage":30.0,"enemies":"3 Sentries","floor":7.0,"turns":7.0},{"damage":32.0,"enemies":"Gremlin Nob","floor":11.0,"turns":4.0},{"damage":7.0,"enemies":"Blue Slaver","floor":12.0,"turns":2.0},{"damage":10.0,"enemies":"Gremlin Gang","floor":13.0,"turns":3.0},{"damage":3.0,"enemies":"2 Fungi Beasts","floor":14.0,"turns":3.0},{"damage":28.0,"enemies":"Slime Boss","floor":16.0,"turns":8.0},{"damage":34.0,"enemies":"Chosen","floor":18.0,"turns":4.0},{"damage":12.0,"enemies":"Shell Parasite","floor":20.0,"turns":2.0},{"damage":15.0,"enemies":"Snake Plant","floor":21.0,"turns":3.0},{"damage":6.0,"enemies":"Centurion and Healer","floor":22.0,"turns":2.0},{"damage":26.0,"enemies":"Book of Stabbing","floor":24.0,"turns":4.0},{"damage":12.0,"enemies":"Cultist and Chosen","floor":27.0,"turns":3.0},{"damage":15.0,"enemies":"Slavers","floor":29.0,"turns":3.0},{"damage":31.0,"enemies":"Collector","floor":33.0,"turns":6.0},{"damage":11.0,"enemies":"Orb Walker","floor":35.0,"turns":2.0},{"damage":56.0,"enemies":"3 Darklings","floor":37.0,"turns":3.0},{"damage":0.0,"enemies":"Writhing Mass","floor":39.0,"turns":1.0},{"damage":21.0,"enemies":"Nemesis","floor":41.0,"turns":5.0},{"damage":16.0,"enemies":"Jaw Worm Horde","floor":44.0,"turns":3.0},{"damage":58.0,"enemies":"Reptomancer","floor":46.0,"turns":4.0},{"damage":36.0,"enemies":"Spire Growth","floor":47.0,"turns":3.0},{"damage":11.0,"enemies":"3 Darklings","floor":48.0,"turns":2.0},{"damage":93.0,"enemies":"Time Eater","floor":50.0,"turns":7.0},{"damage":45,"enemies":"Donu and Deca","floor":51,"turns":4}],"seed_played":"4603644911255285489","potions_obtained":[{"floor":1.0,"key":"Explosive Potion"},{"floor":11.0,"key":"BloodPotion"},{"floor":12.0,"key":"Poison Potion"},{"floor":13.0,"key":"SpeedPotion"},{"floor":14.0,"key":"Block Potion"},{"floor":20.0,"key":"GamblersBrew"},{"floor":27.0,"key":"SmokeBomb"},{"floor":33.0,"key":"Weak Potion"},{"floor":35.0,"key":"BloodPotion"},{"floor":37.0,"key":"Fire Potion"}],"is_trial":false,"path_per_floor":["M","$","?","M","M","R","E","$","T","?","E","M","M","M","R","B",null,"M","?","M","M","M","R","E","R","T","M","R","E","$","?","R","B",null,"M","?","M","$","M","R","E","R","T","M","$","E","M","M","R","B","B",null],"character_chosen":"IRONCLAD","items_purchased":["Inflame","Inflame","Armaments","Brimstone","SkillPotion","PowerPotion"],"campfire_rested":4,"item_purchase_floors":[2,8,8,30,30,45],"current_hp_per_floor":[74,74,74,75,75,75,51,51,51,51,25,24,27,30,30,8,58,30,30,24,15,15,37,17,39,39,33,33,24,24,24,46,21,62,57,57,26,26,33,56,75,75,75,79,79,64,81,81,81,57,23],"gold":68,"neow_bonus":"THREE_ENEMY_KILL","is_prod":false,"is_daily":false,"chose_seed":false,"campfire_upgraded":5,"win_rate":0,"timestamp":1557976039,"path_taken":["M","$","?","?","M","R","E","?","T","?","E","M","?","M","R","BOSS","M","?","M","M","M","R","E","R","T","M","R","E","$","?","R","BOSS","M","?","M","$","M","R","E","R","T","M","$","E","M","M","R","BOSS","BOSS"],"build_version":"2019-05-07","purchased_purges":2,"victory":true,"max_hp_per_floor":[75,75,75,75,75,75,75,75,75,75,75,75,75,75,75,75,75,75,75,75,75,75,75,75,75,75,75,75,75,75,75,75,75,75,75,75,76,76,77,77,78,78,78,79,79,80,81,82,82,83,84],"card_choices":[{"not_picked":["Combust","Cleave"],"picked":"Carnage","floor":1.0},{"not_picked":["Reckless Charge","Twin Strike"],"picked":"Cleave","floor":4.0},{"not_picked":["Corruption","Whirlwind"],"picked":"Spot Weakness","floor":5.0},{"not_picked":["Thunderclap","Perfected Strike","Entrench"],"picked":"SKIP","floor":7.0},{"not_picked":["Inflame","Headbutt"],"picked":"Limit Break","floor":11.0},{"not_picked":["Blood for Blood","Thunderclap","Perfected Strike"],"picked":"SKIP","floor":12.0},{"not_picked":["Body Slam","Seeing Red","Sentinel"],"picked":"SKIP","floor":13.0},{"not_picked":["Carnage","Infernal Blade"],"picked":"Shrug It Off","floor":14.0},{"not_picked":["Demon Form","Dark Embrace"],"picked":"Offering","floor":16.0},{"not_picked":["Rupture","Clothesline"],"picked":"Anger","floor":18.0},{"not_picked":["Clothesline","Carnage"],"picked":"Whirlwind","floor":20.0},{"not_picked":["Armaments+1","Cleave"],"picked":"True Grit","floor":21.0},{"not_picked":["Perfected Strike","True Grit"],"picked":"Sword Boomerang","floor":22.0},{"not_picked":["Seeing Red","Infernal Blade"],"picked":"Sword Boomerang","floor":24.0},{"not_picked":["Rupture+1","Searing Blow+1","Heavy Blade"],"picked":"SKIP","floor":27.0},{"not_picked":["Infernal Blade","Clash"],"picked":"Disarm","floor":29.0},{"not_picked":["Impervious","Barricade+1"],"picked":"Reaper","floor":33.0},{"not_picked":["Second Wind","Twin Strike"],"picked":"Sword Boomerang","floor":35.0},{"not_picked":["Wild Strike","Anger+1","Iron Wave"],"picked":"SKIP","floor":37.0},{"not_picked":["Dual Wield","Flame Barrier","Flex"],"picked":"SKIP","floor":41.0},{"not_picked":["Dual Wield","Flame Barrier","Flex"],"picked":"SKIP","floor":41.0},{"not_picked":["Shockwave","Combust+1"],"picked":"Sword Boomerang","floor":44.0},{"not_picked":["Dual Wield+1","Dark Embrace+1","Sword Boomerang"],"picked":"SKIP","floor":46.0},{"not_picked":["Wild Strike","Armaments","Warcry"],"picked":"SKIP","floor":47.0},{"not_picked":["Havoc","Cleave+1"],"picked":"Pummel","floor":48.0}],"player_experience":811746,"relics_obtained":[{"floor":7.0,"key":"Omamori"},{"floor":9.0,"key":"Happy Flower"},{"floor":11.0,"key":"Oddly Smooth Stone"},{"floor":24.0,"key":"Frozen Egg 2"},{"floor":29.0,"key":"Mercury Hourglass"},{"floor":41.0,"key":"Magic Flower"},{"floor":46.0,"key":"Pen Nib"}],"event_choices":[{"damage_healed":0.0,"max_hp_gain":0.0,"max_hp_loss":0.0,"gold_gain":50.0,"event_name":"Golden Shrine","player_choice":"Pray","floor":3.0,"gold_loss":0.0,"damage_taken":0.0},{"damage_healed":0.0,"max_hp_gain":0.0,"max_hp_loss":0.0,"gold_gain":0.0,"event_name":"Accursed Blacksmith","player_choice":"Rummage","floor":10.0,"gold_loss":0.0,"damage_taken":0.0,"relics_obtained":["WarpedTongs"],"cards_obtained":["Pain"]},{"damage_healed":0.0,"max_hp_gain":0.0,"max_hp_loss":0.0,"gold_gain":0.0,"event_name":"The Mausoleum","player_choice":"Opened","floor":19.0,"gold_loss":0.0,"damage_taken":0.0,"relics_obtained":["Bag of Marbles"],"cards_obtained":["Writhe"]},{"damage_healed":0.0,"max_hp_gain":0.0,"max_hp_loss":0.0,"gold_gain":0.0,"event_name":"Beggar","player_choice":"Ignored","floor":31.0,"gold_loss":0.0,"damage_taken":0.0},{"damage_healed":0.0,"max_hp_gain":0.0,"max_hp_loss":0.0,"gold_gain":0.0,"event_name":"FaceTrader","player_choice":"Trade","floor":36.0,"gold_loss":0.0,"damage_taken":0.0,"relics_obtained":["FaceOfCleric"]}],"is_beta":true,"boss_relics":[{"not_picked":["Black Blood","Velvet Choker"],"picked":"Cursed Key"},{"not_picked":["Busted Crown","Tiny House"],"picked":"Runic Pyramid"}],"items_purged_floors":[30,38],"is_endless":false,"potions_floor_spawned":[1,11,12,13,14,20,27,33,35,37,48],"ascension_level":20}