{"gold_per_floor":[18,18,100,118,137,137,172,184,251,276,36,49,49,60,60,160,160,179,179,179,104,27,27,46,79,79,79,79,41,71,71,71,166,166,184,197,0,0,0,0,27,27,81,31,49,49,49],"floor_reached":47,"playtime":1477,"items_purged":["Regret","Flex"],"score":909,"play_id":"0f27566f-7286-4f5c-ae5f-805f14e969dc","local_time":"20190315002511","is_ascension_mode":true,"campfire_choices":[{"data":"Inflame","floor":6,"key":"SMITH"},{"data":"Carnage","floor":8,"key":"SMITH"},{"data":"Mayhem","floor":15,"key":"SMITH"},{"floor":23,"key":"REST"},{"floor":27,"key":"REST"},{"floor":32,"key":"REST"},{"data":"Inflame","floor":40,"key":"SMITH"}],"neow_cost":"NO_GOLD","seed_source_timestamp":167974678135780,"circlet_count":0,"master_deck":["AscendersBane","Strike_R+1","Strike_R+1","Strike_R+1","Defend_R+1","Defend_R+1","Defend_R+1","Defend_R+1","Cleave","Inflame+1","Warcry","Carnage+1","Shrug It Off","Heavy Blade","Mayhem+1","Reckless Charge","Inflame+1","Immolate","Battle Trance","Sword Boomerang","True Grit","Feed","Anger+1"],"relics":["Burning Blood","Pear","Shuriken","MawBank","Busted Crown","The Courier","Boot","Meat on the Bone","Dream Catcher","Runic Pyramid","Red Mask","Bag of Marbles","Smiling Mask"],"potions_floor_usage":[16,19,30,33,41,47],"damage_taken":[{"damage":2,"enemies":"2 Louse","floor":1,"turns":3},{"damage":11,"enemies":"Jaw Worm","floor":4,"turns":3},{"damage":9,"enemies":"Small Slimes","floor":5,"turns":3},{"damage":33,"enemies":"3 Sentries","floor":7,"turns":7},{"damage":20,"enemies":"Exordium Wildlife","floor":10,"turns":4},{"damage":6,"enemies":"Large Slime","floor":12,"turns":5},{"damage":3,"enemies":"Blue Slaver","floor":14,"turns":3},{"damage":0,"enemies":"Slime Boss","floor":16,"turns":6},{"damage":30,"enemies":"Shell Parasite","floor":18,"turns":3},{"damage":33,"enemies":"Colosseum Slavers","floor":19,"turns":4},{"damage":6,"enemies":"3 Byrds","floor":24,"turns":5},{"damage":38,"enemies":"Slavers","floor":25,"turns":4},{"damage":29,"enemies":"Book of Stabbing","floor":30,"turns":4},{"damage":63,"enemies":"Automaton","floor":33,"turns":7},{"damage":11,"enemies":"Orb Walker","floor":35,"turns":3},{"damage":25,"enemies":"3 Darklings","floor":36,"turns":4},{"damage":54,"enemies":"Nemesis","floor":41,"turns":7},{"damage":15,"enemies":"Jaw Worm Horde","floor":45,"turns":3},{"damage":64,"enemies":"Giant Head","floor":47,"turns":6}],"seed_played":"-764245157153096225","potions_obtained":[{"floor":1,"key":"Ancient Potion"},{"floor":5,"key":"SkillPotion"},{"floor":25,"key":"Swift Potion"},{"floor":30,"key":"Regen Potion"},{"floor":35,"key":"Swift Potion"},{"floor":36,"key":"Dexterity Potion"},{"floor":45,"key":"Block Potion"}],"is_trial":false,"path_per_floor":["M","?","T","M","M","R","E","R","T","M","$","M","$","M","R","B",null,"M","?","?","?","$","R","M","E","T","R","T","$","E","?","R","B",null,"M","M","?","$","?","R","E","?","T","$","M","?","E"],"character_chosen":"IRONCLAD","items_purchased":["Mayhem","Battle Trance","Sword Boomerang"],"campfire_rested":3,"item_purchase_floors":[11,22,29],"current_hp_per_floor":[76,86,86,81,78,78,51,51,51,37,37,37,37,40,40,46,79,55,28,28,28,28,55,55,23,23,50,50,50,39,30,57,27,74,69,62,62,62,62,62,29,29,29,29,35,35,0],"gold":49,"neow_bonus":"TRANSFORM_TWO_CARDS","is_prod":false,"is_daily":false,"chose_seed":false,"campfire_upgraded":4,"win_rate":0,"timestamp":1552620311,"path_taken":["M","?","?","M","M","R","E","R","T","M","$","M","?","M","R","BOSS","M","?","?","?","?","R","?","E","T","R","?","$","E","?","R","BOSS","M","?","?","$","?","R","E","?","T","$","M","?","E"],"build_version":"2019-01-23","purchased_purges":2,"victory":false,"max_hp_per_floor":[80,90,90,90,90,90,90,90,90,90,90,90,90,90,90,90,90,90,90,90,90,90,90,90,90,90,90,90,90,90,90,90,90,90,90,90,90,90,90,90,93,93,93,93,96,96,96],"card_choices":[{"not_picked":["Uppercut","Dual Wield"],"picked":"Inflame","floor":1},{"not_picked":["Sentinel","Burning Pact"],"picked":"Warcry","floor":4},{"not_picked":["Heavy Blade","Evolve"],"picked":"Carnage","floor":5},{"not_picked":["Bludgeon","Clash"],"picked":"Shrug It Off","floor":7},{"not_picked":["Second Wind","Headbutt"],"picked":"Heavy Blade","floor":10},{"not_picked":["Sword Boomerang","Shrug It Off"],"picked":"Reckless Charge","floor":12},{"not_picked":["Iron Wave","Headbutt"],"picked":"Inflame","floor":14},{"not_picked":["Double Tap","Juggernaut"],"picked":"Immolate","floor":16},{"not_picked":["Clash+1"],"picked":"SKIP","floor":18},{"not_picked":["Evolve"],"picked":"SKIP","floor":24},{"not_picked":["Dropkick"],"picked":"SKIP","floor":25},{"not_picked":[],"picked":"True Grit","floor":30},{"not_picked":[],"picked":"Feed","floor":33},{"not_picked":[],"picked":"Flex","floor":35},{"not_picked":[],"picked":"Anger+1","floor":36},{"not_picked":["Thunderclap"],"picked":"SKIP","floor":41},{"not_picked":["Wild Strike"],"picked":"SKIP","floor":45}],"player_experience":967509,"relics_obtained":[{"floor":3,"key":"Shuriken"},{"floor":7,"key":"MawBank"},{"floor":25,"key":"The Courier"},{"floor":26,"key":"Boot"},{"floor":28,"key":"Meat on the Bone"},{"floor":30,"key":"Dream Catcher"},{"floor":41,"key":"Bag of Marbles"},{"floor":43,"key":"Smiling Mask"}],"event_choices":[{"damage_healed":0,"gold_gain":0,"player_choice":"Box","damage_taken":0,"relics_obtained":["Pear"],"max_hp_gain":0,"max_hp_loss":0,"event_name":"Big Fish","floor":2,"gold_loss":0,"cards_obtained":["Regret"]},{"damage_healed":0,"gold_gain":0,"player_choice":"Fight","damage_taken":0,"max_hp_gain":0,"max_hp_loss":0,"event_name":"Colosseum","floor":19,"gold_loss":0},{"damage_healed":0,"gold_gain":0,"player_choice":"Fled From Nobs","damage_taken":0,"max_hp_gain":0,"max_hp_loss":0,"event_name":"Colosseum","floor":19,"gold_loss":0},{"damage_healed":0,"gold_gain":0,"player_choice":"Simplicity","damage_taken":0,"max_hp_gain":0,"max_hp_loss":0,"event_name":"Back to Basics","floor":20,"gold_loss":0,"cards_upgraded":["Strike_R","Strike_R","Strike_R","Defend_R","Defend_R","Defend_R","Defend_R"]},{"cards_removed":["Bash"],"damage_healed":0,"gold_gain":0,"player_choice":"Gave Gold","damage_taken":0,"max_hp_gain":0,"max_hp_loss":0,"event_name":"Beggar","floor":21,"gold_loss":75},{"damage_healed":0,"gold_gain":0,"player_choice":"Damaged","damage_taken":9,"max_hp_gain":0,"max_hp_loss":0,"event_name":"Wheel of Change","floor":31,"gold_loss":0},{"damage_healed":0,"gold_gain":0,"player_choice":"Paid","damage_taken":0,"relics_obtained":["Red Mask"],"max_hp_gain":0,"max_hp_loss":0,"event_name":"Tomb of Lord Red Mask","floor":37,"gold_loss":197},{"damage_healed":0,"gold_gain":0,"player_choice":"Memory 1","damage_taken":0,"max_hp_gain":0,"max_hp_loss":0,"event_name":"SensoryStone","floor":39,"gold_loss":0},{"cards_removed":["Flex"],"damage_healed":0,"gold_gain":0,"player_choice":"Removed Skill","damage_taken":0,"max_hp_gain":0,"max_hp_loss":0,"event_name":"Falling","floor":42,"gold_loss":0},{"damage_healed":0,"gold_gain":0,"player_choice":"Ignored","damage_taken":0,"max_hp_gain":0,"max_hp_loss":0,"event_name":"Mysterious Sphere","floor":46,"gold_loss":0}],"is_beta":false,"boss_relics":[{"not_picked":["Velvet Choker","Pandora\u0027s Box"],"picked":"Busted Crown"},{"not_picked":["Runic Dome","White Beast Statue"],"picked":"Runic Pyramid"}],"items_purged_floors":[11,44],"is_endless":false,"potions_floor_spawned":[1,5,10,25,30,35,36,45],"killed_by":"Giant Head","ascension_level":12}