{"gold_per_floor":[219,234,72,84,159,159,192,192,192,192,210,235,235,252,252,354,354,365,48,48,64,81,81,81],"floor_reached":24,"playtime":989,"items_purged":["Normality"],"score":227,"play_id":"8b6538ea-2fe9-4e36-934b-e120e5c4e1bc","local_time":"20190430172720","is_ascension_mode":true,"campfire_choices":[{"floor":6.0,"key":"REST"},{"floor":13,"key":"REST"},{"data":"Storm","floor":15,"key":"SMITH"},{"floor":23,"key":"REST"}],"neow_cost":"NONE","seed_source_timestamp":0,"circlet_count":0,"master_deck":["Strike_B","Strike_B","Strike_B","Strike_B","Defend_B","Defend_B","Defend_B","Defend_B","Zap","Dualcast","Conserve Battery","Coolheaded","Capacitor+1","Cold Snap","Rainbow","Compile Driver+1","Storm+1","Storm","Electrodynamics","Writhe","Decay","Compile Driver+1","White Noise","Stack"],"special_seed":0,"relics":["Cracked Core","Tiny Chest","Shuriken","Molten Egg 2","Centennial Puzzle","Calling Bell","Pen Nib","Kunai","Calipers","Matryoshka"],"potions_floor_usage":[16,16,22,22,24],"damage_taken":[{"damage":7.0,"enemies":"Jaw Worm","floor":1.0,"turns":3.0},{"damage":0.0,"enemies":"Small Slimes","floor":2.0,"turns":4.0},{"damage":1.0,"enemies":"Cultist","floor":4.0,"turns":4.0},{"damage":24.0,"enemies":"3 Sentries","floor":7.0,"turns":9.0},{"damage":2,"enemies":"Looter","floor":11,"turns":4},{"damage":16,"enemies":"Gremlin Nob","floor":12,"turns":4},{"damage":6,"enemies":"Exordium Wildlife","floor":14,"turns":3},{"damage":24,"enemies":"The Guardian","floor":16,"turns":13},{"damage":18,"enemies":"Chosen","floor":18,"turns":5},{"damage":29,"enemies":"Shell Parasite","floor":21,"turns":5},{"damage":19,"enemies":"Cultist and Chosen","floor":22,"turns":5},{"damage":32,"enemies":"Book of Stabbing","floor":24,"turns":5}],"seed_played":"5006705242946792128","potions_obtained":[{"floor":1.0,"key":"Swift Potion"},{"floor":2.0,"key":"Swift Potion"},{"floor":12,"key":"SteroidPotion"},{"floor":14,"key":"LiquidBronze"},{"floor":18,"key":"Explosive Potion"},{"floor":21,"key":"Fire Potion"}],"is_trial":false,"path_per_floor":["M","M","$","M","?","R","E","?","T","T","M","E","R","M","R","B",null,"M","$","?","M","M","R","E"],"character_chosen":"DEFECT","items_purchased":["Tiny Chest","Capacitor","Matryoshka"],"campfire_rested":3,"item_purchase_floors":[3,3,19],"current_hp_per_floor":[68,68,68,67,56,75,51,51,51,51,49,33,55,49,49,25,75,57,57,57,28,9,31,0],"gold":81,"neow_bonus":"HUNDRED_GOLD","is_prod":false,"is_daily":false,"chose_seed":false,"campfire_upgraded":1,"win_rate":0,"timestamp":1556659640,"path_taken":["M","M","$","M","?","R","E","?","T","?","?","E","R","M","R","BOSS","M","$","?","M","?","R","E"],"build_version":"2019-01-23","purchased_purges":1,"victory":false,"max_hp_per_floor":[75,75,75,75,75,75,75,75,75,75,75,75,75,75,75,75,75,75,75,75,75,75,75,75],"card_choices":[{"not_picked":["Beam Cell","Leap"],"picked":"Conserve Battery","floor":1.0},{"not_picked":["Turbo","Stack"],"picked":"Coolheaded","floor":2.0},{"not_picked":["Compile Driver","Beam Cell"],"picked":"Cold Snap","floor":4.0},{"not_picked":["Fusion","Reinforced Body"],"picked":"Rainbow","floor":7.0},{"not_picked":["Reprogram","Hologram"],"picked":"Compile Driver+1","floor":11},{"not_picked":["Lockon+1","Tempest"],"picked":"Storm","floor":12},{"not_picked":["Redo","Cold Snap+1"],"picked":"Storm","floor":14},{"not_picked":["Machine Learning","Fission"],"picked":"Electrodynamics","floor":16},{"not_picked":["Go for the Eyes+1","Stack"],"picked":"Compile Driver+1","floor":18},{"not_picked":["Skim","Seek"],"picked":"White Noise","floor":21},{"not_picked":["Turbo+1","Skim"],"picked":"Stack","floor":22}],"player_experience":128863,"relics_obtained":[{"floor":7.0,"key":"Shuriken"},{"floor":10.0,"key":"Molten Egg 2"},{"floor":12,"key":"Centennial Puzzle"},{"floor":17,"key":"Pen Nib"},{"floor":17,"key":"Kunai"},{"floor":17,"key":"Calipers"}],"event_choices":[{"damage_healed":0.0,"max_hp_gain":0.0,"max_hp_loss":0.0,"gold_gain":75.0,"event_name":"World of Goop","player_choice":"Gather Gold","floor":5.0,"gold_loss":0.0,"damage_taken":11.0},{"damage_healed":0.0,"max_hp_gain":0.0,"max_hp_loss":0.0,"gold_gain":0.0,"event_name":"Golden Wing","player_choice":"Ignored","floor":8.0,"gold_loss":0.0,"damage_taken":0.0},{"damage_healed":0,"gold_gain":0,"player_choice":"Upgraded","damage_taken":0,"max_hp_gain":0,"max_hp_loss":0,"event_name":"Upgrade Shrine","floor":20,"gold_loss":0,"cards_upgraded":["Capacitor"]}],"is_beta":false,"boss_relics":[{"not_picked":["Eternal Feather","White Beast Statue"],"picked":"Calling Bell"}],"items_purged_floors":[19],"is_endless":false,"potions_floor_spawned":[1,2,12,14,18,21],"killed_by":"Book of Stabbing","ascension_level":2}