{"gold_per_floor":[115,115,129,143,154,154,172,200,200,218,238,255,105,130,130,226,226,238,258,1,13,113,142,142,142,194,214,231,259,259,290,290,389,389,408,206,206,206,206,206,217,217,244,244,275,287,297,317,317,317,317,317,167,197,197],"floor_reached":56,"playtime":3130,"items_purged":["Strike_R","Strike_R","Anger","Defend_R"],"score":1266,"play_id":"73c29afe-cb20-4982-9098-850e64ab3aed","local_time":"20190430195051","is_ascension_mode":false,"campfire_choices":[{"data":"Shockwave","floor":6,"key":"SMITH"},{"data":"Inflame","floor":15,"key":"SMITH"},{"data":"Combust","floor":25,"key":"SMITH"},{"data":"Rupture","floor":30,"key":"SMITH"},{"data":"Limit Break","floor":32,"key":"SMITH"},{"data":"Metallicize","floor":40,"key":"SMITH"},{"data":"Bash","floor":42,"key":"SMITH"},{"floor":44,"key":"RECALL"},{"data":"Impervious","floor":49,"key":"SMITH"},{"data":"Pommel Strike","floor":52,"key":"SMITH"}],"neow_cost":"NONE","seed_source_timestamp":201749887425432,"circlet_count":0,"master_deck":["Defend_R","Defend_R","Defend_R","Bash+1","Thunderclap","Shockwave+1","Pommel Strike+1","Clothesline","Shrug It Off","Seeing Red","Combust+1","Reaper","Shrug It Off","Inflame+1","Twin Strike+1","Feed+1","Disarm+1","Offering","Rupture+1","Limit Break+1","Headbutt+1","Metallicize+1","Heavy Blade+1","Shrug It Off+1","Impervious+1","Rupture+1"],"relics":["Burning Blood","Odd Mushroom","Matryoshka","Molten Egg 2","Empty Cage","Pen Nib","Ginger","Pear","Vajra","Regal Pillow","Ancient Tea Set","Champion Belt","Velvet Choker","Happy Flower","Bag of Marbles","Lantern","Orichalcum"],"potions_floor_usage":[11,16,16,22,23,23,33,45,54,55,55,55],"damage_taken":[{"damage":6,"enemies":"Small Slimes","floor":1,"turns":3},{"damage":0,"enemies":"Cultist","floor":3,"turns":3},{"damage":3,"enemies":"Jaw Worm","floor":4,"turns":3},{"damage":14,"enemies":"3 Louse","floor":5,"turns":3},{"damage":7,"enemies":"Looter","floor":7,"turns":3},{"damage":5,"enemies":"The Mushroom Lair","floor":8,"turns":5},{"damage":0,"enemies":"Large Slime","floor":10,"turns":4},{"damage":0,"enemies":"Exordium Thugs","floor":11,"turns":3},{"damage":5,"enemies":"Exordium Wildlife","floor":12,"turns":5},{"damage":16,"enemies":"Gremlin Nob","floor":14,"turns":5},{"damage":28,"enemies":"Hexaghost","floor":16,"turns":8},{"damage":4,"enemies":"Shell Parasite","floor":18,"turns":4},{"damage":10,"enemies":"3 Byrds","floor":19,"turns":7},{"damage":14,"enemies":"Centurion and Healer","floor":21,"turns":9},{"damage":19,"enemies":"Colosseum Slavers","floor":22,"turns":5},{"damage":35,"enemies":"Colosseum Nobs","floor":22,"turns":5},{"damage":42,"enemies":"Slavers","floor":23,"turns":7},{"damage":10,"enemies":"Chosen and Byrds","floor":27,"turns":5},{"damage":14,"enemies":"3 Cultists","floor":28,"turns":4},{"damage":23,"enemies":"Book of Stabbing","floor":29,"turns":5},{"damage":50,"enemies":"Slavers","floor":31,"turns":4},{"damage":51,"enemies":"Automaton","floor":33,"turns":7},{"damage":16,"enemies":"Orb Walker","floor":35,"turns":3},{"damage":11,"enemies":"3 Shapes","floor":41,"turns":7},{"damage":12,"enemies":"Nemesis","floor":45,"turns":5},{"damage":14,"enemies":"Maw","floor":46,"turns":7},{"damage":14,"enemies":"Transient","floor":47,"turns":5},{"damage":18,"enemies":"Spire Growth","floor":48,"turns":3},{"damage":51,"enemies":"Awakened One","floor":50,"turns":9},{"damage":86,"enemies":"Shield and Spear","floor":54,"turns":7},{"damage":61,"enemies":"The Heart","floor":55,"turns":7}],"seed_played":"-1512670930244058661","potions_obtained":[{"floor":3,"key":"Block Potion"},{"floor":4,"key":"Fire Potion"},{"floor":5,"key":"Fire Potion"},{"floor":7,"key":"PowerPotion"},{"floor":11,"key":"Poison Potion"},{"floor":19,"key":"Strength Potion"},{"floor":22,"key":"BloodPotion"},{"floor":23,"key":"Block Potion"},{"floor":27,"key":"PowerPotion"},{"floor":31,"key":"Dexterity Potion"},{"floor":41,"key":"AttackPotion"},{"floor":45,"key":"Regen Potion"},{"floor":46,"key":"Strength Potion"},{"floor":54,"key":"PowerPotion"}],"is_trial":false,"path_per_floor":["M","?","M","M","M","R","M","?","T","M","M","M","$","E","R","B",null,"M","M","$","M","?","E","?","R","T","M","M","E","R","E","R","B",null,"M","$","?","T","?","R","M","R","T","R","E","M","M","M","R","B",null,"R","$","E","B",null],"character_chosen":"IRONCLAD","items_purchased":["Inflame","Pen Nib","Metallicize"],"campfire_rested":0,"item_purchase_floors":[13,20,36],"current_hp_per_floor":[80,80,80,80,72,72,71,72,72,78,80,80,80,79,79,57,80,84,88,88,92,83,72,72,72,72,84,102,100,100,102,102,57,106,96,96,96,96,86,86,109,109,109,109,107,114,106,102,102,73,118,118,118,122,67],"gold":197,"neow_bonus":"REMOVE_CARD","is_prod":false,"is_daily":false,"chose_seed":false,"campfire_upgraded":9,"win_rate":0,"timestamp":1556650251,"path_taken":["M","?","M","?","M","R","M","?","T","M","M","M","$","E","R","BOSS","M","M","$","M","?","E","?","R","T","M","M","E","R","E","R","BOSS","M","$","?","?","?","R","?","R","T","R","E","M","M","M","R","BOSS","R","$","E","BOSS"],"build_version":"2019-04-23","purchased_purges":4,"victory":true,"max_hp_per_floor":[80,80,80,80,80,80,80,80,80,80,80,80,80,80,80,80,80,84,88,88,92,102,102,102,102,102,102,102,102,102,106,106,106,106,106,106,106,106,106,106,110,110,110,110,114,114,114,114,114,118,118,118,118,122,122],"card_choices":[{"not_picked":["Warcry","Ghostly Armor"],"picked":"Thunderclap","floor":1},{"not_picked":["Twin Strike","Power Through"],"picked":"Anger","floor":3},{"not_picked":["Thunderclap","Power Through"],"picked":"Pommel Strike","floor":4},{"not_picked":["Twin Strike","Pummel"],"picked":"Clothesline","floor":5},{"not_picked":["Battle Trance","Cleave"],"picked":"Shrug It Off","floor":7},{"not_picked":["Clash","Second Wind"],"picked":"Seeing Red","floor":8},{"not_picked":["Twin Strike","Clothesline"],"picked":"Combust","floor":10},{"not_picked":["Cleave","Twin Strike"],"picked":"Reaper","floor":11},{"not_picked":["Warcry","Bloodletting"],"picked":"Shrug It Off","floor":12},{"not_picked":["True Grit","Sentinel"],"picked":"Twin Strike","floor":14},{"not_picked":["Immolate+1","Berserk"],"picked":"Feed+1","floor":16},{"not_picked":["Armaments+1","Thunderclap+1","Sever Soul+1"],"picked":"SKIP","floor":18},{"not_picked":["Shrug It Off","Power Through"],"picked":"Disarm+1","floor":19},{"not_picked":["Blood for Blood+1","Body Slam+1","Twin Strike+1"],"picked":"SKIP","floor":21},{"not_picked":["Warcry","Flex"],"picked":"Offering","floor":23},{"not_picked":["Fire Breathing+1","Anger+1","Body Slam+1"],"picked":"SKIP","floor":27},{"not_picked":["Shrug It Off","True Grit"],"picked":"Rupture","floor":28},{"not_picked":["Brutality","Sentinel+1"],"picked":"Limit Break","floor":29},{"not_picked":["Perfected Strike+1","Twin Strike+1","Carnage+1"],"picked":"SKIP","floor":31},{"not_picked":["Shrug It Off+1","Warcry+1"],"picked":"Headbutt+1","floor":35},{"not_picked":["Thunderclap+1","Searing Blow+1"],"picked":"Heavy Blade+1","floor":41},{"not_picked":["Intimidate","Searing Blow+1","Clash+1"],"picked":"SKIP","floor":45},{"not_picked":["Flex+1","Body Slam+1","Brutality"],"picked":"SKIP","floor":46},{"not_picked":["Pummel+1","Body Slam+1"],"picked":"Shrug It Off+1","floor":47},{"not_picked":["Warcry","Wild Strike+1"],"picked":"Impervious","floor":48},{"not_picked":["True Grit","Sentinel+1"],"picked":"Rupture+1","floor":54}],"player_experience":1262089,"relics_obtained":[{"floor":8,"key":"Odd Mushroom"},{"floor":9,"key":"Matryoshka"},{"floor":14,"key":"Molten Egg 2"},{"floor":22,"key":"Ginger"},{"floor":22,"key":"Pear"},{"floor":26,"key":"Vajra"},{"floor":26,"key":"Regal Pillow"},{"floor":29,"key":"Ancient Tea Set"},{"floor":31,"key":"Champion Belt"},{"floor":38,"key":"Happy Flower"},{"floor":43,"key":"Bag of Marbles"},{"floor":45,"key":"Lantern"},{"floor":54,"key":"Orichalcum"}],"event_choices":[{"damage_healed":0,"gold_gain":0,"player_choice":"1 cards matched","damage_taken":0,"max_hp_gain":0,"max_hp_loss":0,"event_name":"Match and Keep!","floor":2,"gold_loss":0,"cards_obtained":["Shockwave"]},{"damage_healed":0,"gold_gain":0,"player_choice":"Fought Mushrooms","damage_taken":0,"max_hp_gain":0,"max_hp_loss":0,"event_name":"Mushrooms","floor":8,"gold_loss":0},{"damage_healed":0,"gold_gain":0,"player_choice":"Fight","damage_taken":0,"max_hp_gain":0,"max_hp_loss":0,"event_name":"Colosseum","floor":22,"gold_loss":0},{"damage_healed":0,"gold_gain":0,"player_choice":"Fought Nobs","damage_taken":0,"max_hp_gain":0,"max_hp_loss":0,"event_name":"Colosseum","floor":22,"gold_loss":0},{"damage_healed":0,"gold_gain":0,"player_choice":"Read","damage_taken":0,"max_hp_gain":0,"max_hp_loss":0,"event_name":"The Library","floor":24,"gold_loss":0,"cards_obtained":["Dropkick"]},{"cards_removed":["Dropkick"],"damage_healed":0,"gold_gain":0,"player_choice":"Removed Attack","damage_taken":0,"max_hp_gain":0,"max_hp_loss":0,"event_name":"Falling","floor":37,"gold_loss":0},{"damage_healed":0,"gold_gain":0,"player_choice":"Memory 3","damage_taken":10,"max_hp_gain":0,"max_hp_loss":0,"event_name":"SensoryStone","floor":39,"gold_loss":0}],"is_beta":true,"boss_relics":[{"not_picked":["Astrolabe","Orrery"],"picked":"Empty Cage"},{"not_picked":["Black Star","Runic Cube"],"picked":"Velvet Choker"}],"items_purged_floors":[13,20,36,53],"is_endless":false,"potions_floor_spawned":[3,4,5,7,11,14,19,22,23,27,31,41,45,46,54],"ascension_level":0}