{"gold_per_floor":[114,132,148,148,17,51,51,85,85,85,103,134,134,150,150,150],"floor_reached":16,"playtime":619,"items_purged":[],"score":138,"play_id":"7696e0ac-0f15-4b6e-8df3-fb89d7c9467a","local_time":"20190423151927","is_ascension_mode":true,"campfire_choices":[{"floor":7,"key":"REST"},{"floor":10,"key":"REST"},{"floor":15,"key":"REST"}],"neow_cost":"NONE","seed_source_timestamp":952175331726500,"circlet_count":0,"master_deck":["Strike_R","Strike_R","Strike_R","Strike_R","Strike_R","Defend_R","Defend_R","Defend_R","Defend_R","Bash","Heavy Blade","Thunderclap","Pummel","Flex+1","Bandage Up","Ghostly Armor","Sentinel","Anger","Warcry","Cleave"],"relics":["Burning Blood","NeowsBlessing","Blood Vial","Kunai","Pear","Ornamental Fan"],"potions_floor_usage":[12],"damage_taken":[{"damage":0,"enemies":"Cultist","floor":1,"turns":1},{"damage":0,"enemies":"2 Louse","floor":2,"turns":1},{"damage":0,"enemies":"Jaw Worm","floor":3,"turns":1},{"damage":55,"enemies":"3 Sentries","floor":6,"turns":10},{"damage":48,"enemies":"Lagavulin","floor":8,"turns":9},{"damage":22,"enemies":"Gremlin Gang","floor":11,"turns":6},{"damage":35,"enemies":"Gremlin Nob","floor":12,"turns":4},{"damage":9,"enemies":"Blue Slaver","floor":14,"turns":3},{"damage":69,"enemies":"Slime Boss","floor":16,"turns":9}],"seed_played":"-2868792117193505932","potions_obtained":[{"floor":1,"key":"FairyPotion"},{"floor":8,"key":"Poison Potion"},{"floor":11,"key":"GamblersBrew"},{"floor":14,"key":"PowerPotion"}],"is_trial":false,"path_per_floor":["M","M","M","?","$","E","R","E","T","R","M","E","?","M","R","B"],"character_chosen":"IRONCLAD","items_purchased":["Flex","Bandage Up"],"campfire_rested":3,"item_purchase_floors":[5,5],"current_hp_per_floor":[80,80,80,77,77,31,55,29,29,56,46,23,23,26,53,0],"gold":150,"neow_bonus":"THREE_ENEMY_KILL","is_prod":false,"is_daily":false,"chose_seed":false,"campfire_upgraded":0,"win_rate":0,"timestamp":1556047167,"path_taken":["M","M","M","?","$","E","R","E","T","R","M","E","?","?","R","BOSS"],"build_version":"2019-01-23","purchased_purges":0,"victory":false,"max_hp_per_floor":[80,80,80,80,80,80,80,90,90,90,90,90,90,90,90,90],"card_choices":[{"not_picked":["Headbutt","Iron Wave"],"picked":"Heavy Blade","floor":1},{"not_picked":["Bloodletting","Sword Boomerang"],"picked":"Thunderclap","floor":2},{"not_picked":["Headbutt","Warcry"],"picked":"Pummel","floor":3},{"not_picked":["Havoc","Uppercut"],"picked":"Ghostly Armor","floor":6},{"not_picked":["Bloodletting","Berserk"],"picked":"Sentinel","floor":8},{"not_picked":["Pommel Strike","Body Slam"],"picked":"Anger","floor":11},{"not_picked":["Dual Wield","Perfected Strike"],"picked":"Warcry","floor":12},{"not_picked":["Body Slam","Reckless Charge"],"picked":"Cleave","floor":14}],"player_experience":102212,"relics_obtained":[{"floor":6,"key":"Kunai"},{"floor":8,"key":"Pear"},{"floor":12,"key":"Ornamental Fan"}],"event_choices":[{"damage_healed":0,"gold_gain":0,"player_choice":"Success","damage_taken":3,"relics_obtained":["Blood Vial"],"max_hp_gain":0,"max_hp_loss":0,"event_name":"Scrap Ooze","floor":4,"gold_loss":0},{"damage_healed":0,"gold_gain":0,"player_choice":"Upgraded","damage_taken":0,"max_hp_gain":0,"max_hp_loss":0,"event_name":"Upgrade Shrine","floor":13,"gold_loss":0,"cards_upgraded":["Flex"]}],"is_beta":false,"boss_relics":[],"items_purged_floors":[],"is_endless":false,"potions_floor_spawned":[1,8,11,14],"killed_by":"Slime Boss","ascension_level":3}