{"gold_per_floor":[119,119,129,53,73,103,103,133,186,186,186,186,186,209,209,330,330,325,325,349,349],"floor_reached":21,"playtime":1798,"items_purged":[],"score":259,"play_id":"6b87d0c5-b358-4963-bf9e-16f2f420a3f3","local_time":"20180713023908","is_ascension_mode":true,"campfire_choices":[{"data":"Havoc","floor":7,"key":"SMITH"},{"floor":15,"key":"REST"}],"neow_cost":"","seed_source_timestamp":8555243753446,"circlet_count":0,"master_deck":["Strike_R","Strike_R","Strike_R","Strike_R","Defend_R","Defend_R","Defend_R","Defend_R","Bash","Havoc+1","Pummel","Feel No Pain","Thunderclap","Feel No Pain","Sentinel","Pommel Strike","Reaper","Seeing Red","Ghostly","Ghostly","Ghostly","Ghostly","Ghostly","Feel No Pain"],"relics":["Burning Blood","Mummified Hand","Centennial Puzzle","Bag of Marbles","Golden Idol","Kunai","Mark of Pain"],"potions_floor_usage":[16,16,21],"damage_taken":[{"damage":16,"enemies":"Small Slimes","floor":1,"turns":4},{"damage":1,"enemies":"Cultist","floor":3,"turns":4},{"damage":1,"enemies":"2 Louse","floor":5,"turns":3},{"damage":16,"enemies":"3 Sentries","floor":6,"turns":12},{"damage":36,"enemies":"Lagavulin","floor":8,"turns":9},{"damage":34,"enemies":"Lots of Slimes","floor":14,"turns":5},{"damage":28,"enemies":"Slime Boss","floor":16,"turns":13},{"damage":31,"enemies":"2 Thieves","floor":18,"turns":5},{"damage":2,"enemies":"3 Byrds","floor":20,"turns":8},{"damage":33,"enemies":"3 Cultists","floor":21,"turns":8}],"seed_played":"-5658983568873605700","potions_obtained":[{"floor":6,"key":"Explosive Potion"},{"floor":14,"key":"Ancient Potion"},{"floor":18,"key":"Weak Potion"}],"is_trial":false,"path_per_floor":["M","?","M","$","M","E","R","E","T","?","?","?","?","M","R","B",null,"M","?","M"],"character_chosen":"IRONCLAD","items_purchased":["Feel No Pain"],"campfire_rested":1,"item_purchase_floors":[4],"current_hp_per_floor":[70,70,75,75,80,70,70,40,40,45,45,45,42,14,36,14,59,46,37,37,4],"gold":349,"neow_bonus":"","is_prod":false,"is_daily":false,"chose_seed":false,"campfire_upgraded":1,"win_rate":0,"timestamp":1531460348,"path_taken":["M","?","M","$","M","E","R","E","T","?","?","?","?","M","R","BOSS","M","?","M","?"],"build_version":"2018-07-05","purchased_purges":0,"victory":false,"max_hp_per_floor":[80,80,80,80,80,80,80,80,80,80,74,74,74,74,74,74,74,74,37,37,37],"card_choices":[{"not_picked":["Headbutt","Disarm"],"picked":"Havoc","floor":1},{"not_picked":["Clash","Havoc"],"picked":"Pummel","floor":3},{"not_picked":["Twin Strike","Clash"],"picked":"Thunderclap","floor":5},{"not_picked":["Wild Strike","Immolate"],"picked":"Feel No Pain","floor":6},{"not_picked":["Cleave","Clash"],"picked":"Wild Strike","floor":8},{"not_picked":["Perfected Strike","Body Slam"],"picked":"Pommel Strike","floor":14},{"not_picked":["Demon Form","Brutality"],"picked":"Reaper","floor":16},{"not_picked":["Reckless Charge","True Grit+1"],"picked":"Seeing Red","floor":18},{"not_picked":["Perfected Strike+1","Blood for Blood"],"picked":"Feel No Pain","floor":20}],"player_experience":457621,"relics_obtained":[{"floor":6,"key":"Mummified Hand"},{"floor":8,"key":"Centennial Puzzle"},{"floor":9,"key":"Bag of Marbles"}],"event_choices":[{"event_name":"Golden Wing","player_choice":"Ignored","floor":2,"damage_taken":0},{"event_name":"Bonfire Elementals","player_choice":"COMMON","floor":10,"damage_taken":0},{"event_name":"Golden Idol","player_choice":"Lose Max HP","floor":11,"damage_taken":0},{"event_name":"Transmorgrifier","player_choice":"Transform","floor":12,"damage_taken":0},{"event_name":"Scrap Ooze","player_choice":"success","floor":13,"damage_taken":3},{"event_name":"Ghosts","player_choice":"Became a Ghost","floor":19,"damage_taken":0}],"boss_relics":[{"not_picked":["Ectoplasm","Sozu"],"picked":"Mark of Pain"}],"items_purged_floors":[],"is_endless":false,"potions_floor_spawned":[6,14,18],"killed_by":"3 Cultists","ascension_level":5}