{"gold_per_floor":[118,4,4,4,4,4,39,59,82,94,46,64,64,64,64,165,165,179,89,104,27,38,38,52,52,52,72,90,90,103,130,130,130],"floor_reached":33,"playtime":1259,"items_purged":["Strike_R"],"score":267,"play_id":"41ddee4d-3136-4954-9c4b-95b7bc927b03","local_time":"20190326001621","is_ascension_mode":false,"campfire_choices":[{"data":"True Grit","floor":6,"key":"SMITH"},{"data":"Flex","floor":13,"key":"SMITH"},{"data":"Strike_R","floor":15,"key":"PURGE"},{"data":"Combust","floor":23,"key":"SMITH"},{"data":"Evolve","floor":25,"key":"SMITH"},{"data":"Defend_R","floor":29,"key":"PURGE"},{"data":"Pommel Strike","floor":32,"key":"SMITH"}],"neow_cost":"TEN_PERCENT_HP_LOSS","seed_source_timestamp":396246141523538,"circlet_count":0,"master_deck":["Strike_R+1","Defend_R","Defend_R","Bash+1","True Grit+1","Combust+1","Twin Strike","Clothesline","Flex+1","Exhume+1","Whirlwind+1","Inflame+1","Evolve+1","Shrug It Off","Pommel Strike+1"],"relics":["Burning Blood","Incense Burner","Peace Pipe","Strawberry","Coffee Dripper","Meat on the Bone","Singing Bowl"],"potions_floor_usage":[16,16,27,28,30,31,33],"damage_taken":[{"damage":8,"enemies":"Jaw Worm","floor":1,"turns":4},{"damage":28,"enemies":"Lagavulin","floor":7,"turns":6},{"damage":5,"enemies":"Small Slimes","floor":8,"turns":3},{"damage":1,"enemies":"2 Louse","floor":10,"turns":2},{"damage":0,"enemies":"Exordium Wildlife","floor":12,"turns":3},{"damage":22,"enemies":"Hexaghost","floor":16,"turns":7},{"damage":20,"enemies":"Spheric Guardian","floor":18,"turns":4},{"damage":5,"enemies":"Shell Parasite","floor":20,"turns":6},{"damage":3,"enemies":"Centurion and Healer","floor":22,"turns":4},{"damage":3,"enemies":"Cultist and Chosen","floor":24,"turns":5},{"damage":26,"enemies":"Snake Plant","floor":27,"turns":3},{"damage":1,"enemies":"Centurion and Healer","floor":28,"turns":4},{"damage":4,"enemies":"Snecko","floor":30,"turns":4},{"damage":44,"enemies":"Slavers","floor":31,"turns":4},{"damage":54,"enemies":"Automaton","floor":33,"turns":6}],"seed_played":"4054287416587254916","potions_obtained":[{"floor":7,"key":"Poison Potion"},{"floor":8,"key":"Explosive Potion"},{"floor":22,"key":"SteroidPotion"},{"floor":28,"key":"Poison Potion"},{"floor":30,"key":"FearPotion"},{"floor":31,"key":"BloodPotion"}],"is_trial":false,"path_per_floor":["M","$","?","?","?","R","E","M","T","M","$","M","R","?","R","B",null,"M","?","M","$","M","R","M","R","T","M","M","R","M","E","R","B"],"character_chosen":"IRONCLAD","items_purchased":["Combust","Strength Potion","BloodPotion"],"campfire_rested":0,"item_purchase_floors":[2,11,21],"current_hp_per_floor":[70,70,56,56,49,49,27,28,35,40,40,46,46,46,46,30,79,65,65,66,66,69,69,72,72,72,59,64,64,66,42,42,0],"gold":130,"neow_bonus":"ONE_RARE_RELIC","is_prod":false,"is_daily":false,"chose_seed":false,"campfire_upgraded":5,"win_rate":0,"timestamp":1553559381,"path_taken":["M","$","?","?","?","R","E","?","T","M","$","M","R","?","R","BOSS","M","?","M","$","M","R","?","R","T","?","M","R","M","E","R","BOSS"],"build_version":"2019-03-15","purchased_purges":1,"victory":false,"max_hp_per_floor":[72,72,72,72,72,72,72,72,79,79,79,79,79,79,79,79,79,79,79,79,79,79,79,79,79,79,79,79,79,79,81,81,81],"card_choices":[{"not_picked":["Armaments","Evolve"],"picked":"True Grit","floor":1},{"not_picked":["Sentinel","Havoc","Sever Soul"],"picked":"SKIP","floor":7},{"not_picked":["Havoc","Anger"],"picked":"Twin Strike","floor":8},{"not_picked":["Wild Strike","True Grit"],"picked":"Clothesline","floor":10},{"not_picked":["Corruption","Pommel Strike"],"picked":"Flex","floor":12},{"not_picked":["Immolate","Barricade"],"picked":"Exhume","floor":16},{"not_picked":["Thunderclap+1","Burning Pact+1"],"picked":"Whirlwind+1","floor":18},{"not_picked":["Clash+1","Heavy Blade"],"picked":"Inflame+1","floor":20},{"not_picked":["Searing Blow","Havoc","Warcry"],"picked":"SKIP","floor":22},{"not_picked":["Hemokinesis","Clothesline"],"picked":"Evolve","floor":24},{"not_picked":["Fire Breathing","Spot Weakness"],"picked":"Shrug It Off","floor":27},{"not_picked":["Perfected Strike+1","Body Slam","Carnage"],"picked":"SKIP","floor":28},{"not_picked":["Clash+1","True Grit"],"picked":"Pommel Strike","floor":30},{"not_picked":["Flex","Havoc","Sword Boomerang"],"picked":"Singing Bowl","floor":31}],"player_experience":1147919,"relics_obtained":[{"floor":7,"key":"Peace Pipe"},{"floor":9,"key":"Strawberry"},{"floor":26,"key":"Meat on the Bone"},{"floor":31,"key":"Singing Bowl"}],"event_choices":[{"damage_healed":0,"gold_gain":0,"player_choice":"Entered Light","damage_taken":14,"max_hp_gain":0,"max_hp_loss":0,"event_name":"Shining Light","floor":3,"gold_loss":0,"cards_upgraded":["Bash","Strike_R"]},{"damage_healed":0,"gold_gain":0,"player_choice":"Leave","damage_taken":0,"max_hp_gain":0,"max_hp_loss":0,"event_name":"The Cleric","floor":4,"gold_loss":0},{"cards_removed":["Strike_R"],"damage_healed":0,"gold_gain":0,"player_choice":"Card Removal","damage_taken":7,"max_hp_gain":0,"max_hp_loss":0,"event_name":"Golden Wing","floor":5,"gold_loss":0},{"cards_removed":["Defend_R"],"damage_healed":0,"gold_gain":0,"player_choice":"Offered Basic","damage_taken":0,"max_hp_gain":0,"max_hp_loss":0,"event_name":"Bonfire Elementals","floor":14,"gold_loss":0},{"cards_removed":["Strike_R"],"damage_healed":0,"gold_gain":0,"player_choice":"Upgrade and Remove","damage_taken":0,"max_hp_gain":0,"max_hp_loss":0,"event_name":"Designer","floor":19,"gold_loss":90,"cards_upgraded":["Exhume"]}],"is_beta":true,"boss_relics":[{"not_picked":["Runic Cube","Eternal Feather"],"picked":"Coffee Dripper"}],"items_purged_floors":[2],"is_endless":false,"potions_floor_spawned":[7,8,22,24,28,30,31],"killed_by":"Automaton","ascension_level":0}