{"gold_per_floor":[112,124,135,146,146,146,103,103,103,114,26,43,43,59,59,136,136,154,154],"floor_reached":19,"playtime":18737,"items_purged":[],"score":298,"play_id":"7707b652-fd04-4c3f-af17-d915349e9b9f","local_time":"20190424223334","is_ascension_mode":true,"campfire_choices":[{"data":"Armaments","floor":6,"key":"SMITH"},{"data":"Rupture","floor":8,"key":"SMITH"},{"data":"Spot Weakness","floor":13,"key":"SMITH"},{"data":"Power Through","floor":15,"key":"SMITH"}],"neow_cost":"NONE","seed_source_timestamp":1136457239323389,"circlet_count":0,"master_deck":["AscendersBane","Bash","Rupture","Power Through+1","Cleave","Armaments+1","Rupture+1","Metallicize","Spot Weakness+1","Spot Weakness","Immolate","Power Through","Rampage","Warcry","Pommel Strike","Inflame","Pommel Strike","Shockwave","Corruption","Bloodletting"],"relics":["Burning Blood","Strawberry","Question Card","Pandora\u0027s Box"],"potions_floor_usage":[2,12,16],"damage_taken":[{"damage":11,"enemies":"Jaw Worm","floor":1,"turns":5},{"damage":1,"enemies":"Cultist","floor":2,"turns":4},{"damage":12,"enemies":"Small Slimes","floor":3,"turns":5},{"damage":18,"enemies":"Exordium Wildlife","floor":4,"turns":5},{"damage":19,"enemies":"Blue Slaver","floor":10,"turns":4},{"damage":2,"enemies":"Red Slaver","floor":12,"turns":4},{"damage":5,"enemies":"2 Fungi Beasts","floor":14,"turns":4},{"damage":46,"enemies":"The Guardian","floor":16,"turns":12},{"damage":52,"enemies":"Spheric Guardian","floor":18,"turns":8}],"seed_played":"-3638926094319135142","potions_obtained":[{"floor":1,"key":"Explosive Potion"},{"floor":4,"key":"Block Potion"},{"floor":12,"key":"Energy Potion"},{"floor":18,"key":"BloodPotion"}],"is_trial":false,"path_per_floor":["M","M","M","M","?","R","$","R","T","M","$","M","R","M","R","B",null,"M","?"],"character_chosen":"IRONCLAD","items_purchased":["Rupture","Metallicize"],"campfire_rested":0,"item_purchase_floors":[7,11],"current_hp_per_floor":[70,75,69,57,57,57,57,57,57,44,44,48,48,49,49,9,64,18,0],"gold":154,"neow_bonus":"RANDOM_COMMON_RELIC","is_prod":false,"is_daily":false,"chose_seed":false,"campfire_upgraded":4,"win_rate":0,"timestamp":1556156014,"path_taken":["M","M","M","M","?","R","$","R","T","?","?","M","R","?","R","BOSS","M","?"],"build_version":"2019-01-23","purchased_purges":0,"victory":false,"max_hp_per_floor":[82,82,82,82,82,82,82,82,82,82,82,82,82,82,82,82,82,82,87],"card_choices":[{"not_picked":["Metallicize","Pommel Strike"],"picked":"Rupture","floor":1},{"not_picked":["Thunderclap","Wild Strike"],"picked":"Power Through","floor":2},{"not_picked":["True Grit","Clash"],"picked":"Cleave","floor":3},{"not_picked":["Body Slam","Corruption"],"picked":"Armaments","floor":4},{"not_picked":["Clash","Cleave","Warcry","Sever Soul"],"picked":"SKIP","floor":10},{"not_picked":["Feel No Pain","Flex","Body Slam"],"picked":"Spot Weakness","floor":12},{"not_picked":["Shrug It Off","Pommel Strike","Thunderclap"],"picked":"Spot Weakness","floor":14},{"not_picked":["Barricade","Feed","Dark Embrace"],"picked":"Immolate","floor":16},{"not_picked":["Rage","Shockwave","Evolve"],"picked":"Bloodletting","floor":18}],"player_experience":1190427,"relics_obtained":[{"floor":9,"key":"Question Card"}],"event_choices":[{"cards_removed":["Strike_R"],"damage_healed":0,"gold_gain":0,"player_choice":"Purged","damage_taken":0,"max_hp_gain":0,"max_hp_loss":0,"event_name":"Purifier","floor":5,"gold_loss":0}],"is_beta":false,"boss_relics":[{"not_picked":["Philosopher\u0027s Stone","Black Star"],"picked":"Pandora\u0027s Box"}],"items_purged_floors":[],"is_endless":false,"potions_floor_spawned":[1,4,12,18],"ascension_level":17}