{"gold_per_floor":[367,44,44,55,73,104,116,150,175,186,186,214,4,30,30,132,132,152,169,180,580,596,628,5,5,5,5,19,51,62,95,95,190,190,200,200,200,300,319,319,346,346,346,165,179,206,226,253,265,277,289,301,7,33,33],"floor_reached":56,"playtime":4465,"items_purged":["Strike_G","Shame","Strike_G"],"score":1716,"play_id":"c529a6dc-c6dd-4669-b7b4-a7720b3c088c","local_time":"20190506194035","is_ascension_mode":true,"campfire_choices":[{"data":"Noxious Fumes","floor":11,"key":"SMITH"},{"data":"Neutralize","floor":15,"key":"SMITH"},{"data":"Footwork","floor":32,"key":"SMITH"},{"floor":40,"key":"RECALL"},{"data":"Footwork","floor":42,"key":"SMITH"},{"data":"Footwork","floor":49,"key":"SMITH"},{"data":"Poisoned Stab","floor":52,"key":"SMITH"}],"neow_cost":"TEN_PERCENT_HP_LOSS","seed_source_timestamp":253874673499740,"circlet_count":0,"master_deck":["Defend_G","Defend_G","Defend_G","Defend_G","Defend_G","Strike_G+1","Strike_G","Strike_G+1","Survivor","Neutralize+1","Noxious Fumes+1","Distraction+1","Dodge and Roll+1","Escape Plan+1","Poisoned Stab+1","Dash","Backflip+1","Deadly Poison+1","Blur+1","Burst+1","Crippling Poison+1","Malaise+1","Calculated Gamble+1","Deflect+1","Dagger Spray+1","Footwork+1","Catalyst+1","Deadly Poison+1","Blur+1","Footwork+1","Doppelganger+1","Blur+1","Deadly Poison+1","Footwork+1","Prepared+1","Footwork+1","Well Laid Plans"],"relics":["Ring of the Snake","Toxic Egg 2","Pen Nib","PreservedInsect","Orichalcum","Bag of Marbles","Chemical X","Regal Pillow","Busted Crown","Old Coin","Ninja Scroll","Blood Vial","Turnip","Boot","Singing Bowl","Bottled Tornado","Runic Dome","StoneCalendar","Kunai","Tough Bandages","Centennial Puzzle","MawBank","Bronze Scales","Whetstone"],"potions_floor_usage":[21,55,55,55],"damage_taken":[{"damage":0,"enemies":"2 Louse","floor":1,"turns":4},{"damage":0,"enemies":"Cultist","floor":4,"turns":3},{"damage":2,"enemies":"Small Slimes","floor":5,"turns":4},{"damage":13,"enemies":"Gremlin Nob","floor":6,"turns":5},{"damage":0,"enemies":"Looter","floor":7,"turns":3},{"damage":5,"enemies":"Lagavulin","floor":8,"turns":6},{"damage":0,"enemies":"Blue Slaver","floor":10,"turns":3},{"damage":0,"enemies":"3 Sentries","floor":12,"turns":5},{"damage":6,"enemies":"Gremlin Nob","floor":14,"turns":4},{"damage":0,"enemies":"The Guardian","floor":16,"turns":7},{"damage":0,"enemies":"Shell Parasite","floor":18,"turns":4},{"damage":0,"enemies":"Chosen","floor":19,"turns":5},{"damage":0,"enemies":"Sentry and Sphere","floor":20,"turns":7},{"damage":1,"enemies":"Colosseum Slavers","floor":21,"turns":4},{"damage":0,"enemies":"Colosseum Nobs","floor":21,"turns":5},{"damage":0,"enemies":"Centurion and Healer","floor":22,"turns":4},{"damage":6,"enemies":"Book of Stabbing","floor":23,"turns":3},{"damage":0,"enemies":"Snake Plant","floor":28,"turns":5},{"damage":13,"enemies":"Slavers","floor":29,"turns":4},{"damage":0,"enemies":"Shelled Parasite and Fungi","floor":30,"turns":5},{"damage":0,"enemies":"Book of Stabbing","floor":31,"turns":5},{"damage":0,"enemies":"Collector","floor":33,"turns":10},{"damage":1,"enemies":"Orb Walker","floor":35,"turns":4},{"damage":0,"enemies":"Mind Bloom Boss Battle","floor":38,"turns":8},{"damage":0,"enemies":"3 Shapes","floor":39,"turns":4},{"damage":10,"enemies":"Nemesis","floor":41,"turns":5},{"damage":0,"enemies":"Transient","floor":45,"turns":5},{"damage":0,"enemies":"Reptomancer","floor":46,"turns":6},{"damage":0,"enemies":"4 Shapes","floor":47,"turns":1},{"damage":0,"enemies":"Giant Head","floor":48,"turns":7},{"damage":0,"enemies":"Awakened One","floor":50,"turns":17},{"damage":6,"enemies":"Shield and Spear","floor":54,"turns":5},{"damage":0,"enemies":"The Heart","floor":55,"turns":10}],"seed_played":"-5640015403217571167","potions_obtained":[{"floor":4,"key":"GamblersBrew"},{"floor":6,"key":"FairyPotion"},{"floor":7,"key":"Ancient Potion"},{"floor":14,"key":"SpeedPotion"},{"floor":22,"key":"GhostInAJar"},{"floor":23,"key":"Fire Potion"}],"is_trial":false,"path_per_floor":["M","$","?","M","M","E","M","E","T","M","R","E","$","E","R","B",null,"M","M","M","?","M","E","$","?","T","?","M","E","M","E","R","B",null,"M","?","?","?","M","R","E","R","T","$","M","E","M","E","R","B",null,"R","$","E","B",null],"character_chosen":"THE_SILENT","items_purchased":["Toxic Egg 2","Noxious Fumes","Chemical X","Footwork","Catalyst+1","Turnip","Deadly Poison+1","PowerPotion","Footwork","Well Laid Plans","Bronze Scales"],"campfire_rested":0,"item_purchase_floors":[2,2,13,24,24,24,24,24,44,53,53],"current_hp_per_floor":[63,63,63,63,61,48,48,43,43,43,43,43,43,37,37,37,63,63,63,63,62,62,56,56,56,56,45,47,36,40,44,44,46,72,71,71,71,74,74,74,66,66,66,66,68,72,76,78,78,80,80,80,80,76,78],"gold":33,"neow_bonus":"TWO_FIFTY_GOLD","is_prod":false,"is_daily":false,"chose_seed":false,"campfire_upgraded":6,"win_rate":0,"timestamp":1557186035,"path_taken":["M","$","?","M","M","E","M","E","T","M","R","E","?","E","R","BOSS","M","M","?","?","M","E","$","?","T","?","?","E","M","E","R","BOSS","M","?","?","?","M","R","E","R","T","?","M","E","M","E","R","BOSS","R","$","E","BOSS"],"build_version":"2019-04-23","purchased_purges":3,"victory":true,"max_hp_per_floor":[63,63,63,63,63,63,63,63,63,63,63,63,63,63,63,63,63,63,63,63,63,63,63,63,63,63,68,68,68,70,72,72,72,72,72,72,72,74,74,74,76,76,76,76,76,78,80,80,80,80,80,80,80,82,82],"card_choices":[{"not_picked":["Prepared","Endless Agony"],"picked":"Sucker Punch","floor":1},{"not_picked":["Dagger Throw","Quick Slash"],"picked":"Escape Plan+1","floor":4},{"not_picked":["Dagger Spray","Backstab"],"picked":"Poisoned Stab","floor":5},{"not_picked":["Outmaneuver+1","Acrobatics+1"],"picked":"Dash","floor":6},{"not_picked":["Dagger Spray","Endless Agony"],"picked":"Backflip+1","floor":7},{"not_picked":["Setup+1","Slice"],"picked":"Deadly Poison+1","floor":8},{"not_picked":["Endless Agony","Underhanded Strike"],"picked":"Blur+1","floor":10},{"not_picked":["Infinite Blades","Dagger Spray"],"picked":"Burst+1","floor":12},{"not_picked":["Tactician+1","Endless Agony"],"picked":"Crippling Poison+1","floor":14},{"not_picked":["Burst+1","Die Die Die"],"picked":"Malaise+1","floor":16},{"not_picked":[],"picked":"Calculated Gamble+1","floor":18},{"not_picked":[],"picked":"Deflect+1","floor":19},{"not_picked":["Flying Knee+1"],"picked":"SKIP","floor":20},{"not_picked":[],"picked":"Dagger Spray+1","floor":22},{"not_picked":["Bane"],"picked":"SKIP","floor":23},{"not_picked":[],"picked":"Blur+1","floor":28},{"not_picked":[],"picked":"Footwork","floor":29},{"not_picked":["Flechettes"],"picked":"Singing Bowl","floor":30},{"not_picked":["Distraction+1"],"picked":"Singing Bowl","floor":31},{"not_picked":[],"picked":"Doppelganger+1","floor":33},{"not_picked":[],"picked":"Blur+1","floor":35},{"not_picked":["Dagger Throw+1"],"picked":"Singing Bowl","floor":38},{"not_picked":[],"picked":"Deadly Poison+1","floor":39},{"not_picked":["Blade Dance+1"],"picked":"Singing Bowl","floor":41},{"not_picked":[],"picked":"Prepared+1","floor":45},{"not_picked":["Cloak And Dagger+1"],"picked":"Singing Bowl","floor":46},{"not_picked":["Sucker Punch"],"picked":"Singing Bowl","floor":47},{"not_picked":[],"picked":"Footwork+1","floor":48},{"not_picked":["Slice"],"picked":"Singing Bowl","floor":54}],"player_experience":5650706,"relics_obtained":[{"floor":6,"key":"Pen Nib"},{"floor":8,"key":"PreservedInsect"},{"floor":9,"key":"Orichalcum"},{"floor":12,"key":"Bag of Marbles"},{"floor":14,"key":"Regal Pillow"},{"floor":21,"key":"Old Coin"},{"floor":21,"key":"Ninja Scroll"},{"floor":23,"key":"Blood Vial"},{"floor":29,"key":"Singing Bowl"},{"floor":31,"key":"Bottled Tornado"},{"floor":38,"key":"StoneCalendar"},{"floor":41,"key":"Kunai"},{"floor":43,"key":"Tough Bandages"},{"floor":46,"key":"Centennial Puzzle"},{"floor":48,"key":"MawBank"},{"floor":54,"key":"Whetstone"}],"event_choices":[{"damage_healed":0,"gold_gain":0,"player_choice":"2 cards matched","damage_taken":0,"max_hp_gain":0,"max_hp_loss":0,"event_name":"Match and Keep!","floor":3,"gold_loss":0,"cards_obtained":["Distraction","Dodge and Roll"]},{"damage_healed":0,"gold_gain":0,"player_choice":"Fight","damage_taken":0,"max_hp_gain":0,"max_hp_loss":0,"event_name":"Colosseum","floor":21,"gold_loss":0},{"damage_healed":0,"gold_gain":0,"player_choice":"Fought Nobs","damage_taken":0,"max_hp_gain":0,"max_hp_loss":0,"event_name":"Colosseum","floor":21,"gold_loss":0},{"damage_healed":0,"gold_gain":0,"player_choice":"Stole Relic","damage_taken":0,"relics_obtained":["Boot"],"max_hp_gain":0,"max_hp_loss":0,"event_name":"Addict","floor":25,"gold_loss":0,"cards_obtained":["Shame"]},{"damage_healed":0,"gold_gain":0,"player_choice":"Shed Blood","damage_taken":16,"max_hp_gain":5,"max_hp_loss":0,"event_name":"Forgotten Altar","floor":27,"gold_loss":0},{"damage_healed":0,"gold_gain":0,"player_choice":"Ignored","damage_taken":0,"max_hp_gain":0,"max_hp_loss":0,"event_name":"Tomb of Lord Red Mask","floor":36,"gold_loss":0},{"cards_removed":["Sucker Punch"],"damage_healed":0,"gold_gain":0,"player_choice":"Removed Attack","damage_taken":0,"max_hp_gain":0,"max_hp_loss":0,"event_name":"Falling","floor":37,"gold_loss":0},{"damage_healed":0,"gold_gain":0,"player_choice":"Fight","damage_taken":0,"max_hp_gain":0,"max_hp_loss":0,"event_name":"MindBloom","floor":38,"gold_loss":0}],"is_beta":true,"boss_relics":[{"not_picked":["WristBlade","Calling Bell"],"picked":"Busted Crown"},{"not_picked":["HoveringKite","Sozu"],"picked":"Runic Dome"}],"items_purged_floors":[24,44,53],"is_endless":false,"potions_floor_spawned":[4,6,7,14,19,21,22,23,31,35,38,41,46,54],"ascension_level":1}