{"gold_per_floor":[109,109,122,122,134,167,167,186,186,206,227,227,247,272,272,373,373,373,373,373,328,328,328,328,328,328,328,328,227,227,152,152,152,152,152,6,6,6,6,6,6,6,6,6,6,6,6,6,6,6,6,6,6,6,6],"floor_reached":56,"playtime":3532,"items_purged":["Strike_R"],"score":1533,"play_id":"018fc2c0-c158-41e4-83db-856cf605c3c7","local_time":"20190425150851","is_ascension_mode":true,"campfire_choices":[{"data":"Shockwave","floor":7,"key":"SMITH"},{"data":"Heavy Blade","floor":12,"key":"SMITH"},{"data":"Strike_R","floor":15,"key":"PURGE"},{"data":"Strike_R","floor":24,"key":"PURGE"},{"data":"1","floor":32,"key":"LIFT"},{"floor":49,"key":"RECALL"},{"data":"2","floor":52,"key":"LIFT"}],"neow_cost":"NONE","seed_source_timestamp":396545401861435,"circlet_count":0,"master_deck":["Defend_R","Defend_R","Defend_R","Inflame+1","Heavy Blade+1","Heavy Blade","Shockwave+1","Dropkick","Flame Barrier+1","Headbutt","Reaper","Warcry+1","Good Instincts+1","True Grit+1","Feed","Warcry+1","Shrug It Off+1","Warcry+1","Offering+1","Impatience+1","Flex+1","Flame Barrier+1","Uppercut+1","Flame Barrier+1","Burning Pact+1","Headbutt","Limit Break+1","Warcry+1"],"relics":["Burning Blood","Orichalcum","Toxic Egg 2","Odd Mushroom","Peace Pipe","Ectoplasm","Red Skull","Tiny Chest","Bottled Tornado","Girya","MawBank","Empty Cage","Pear","Bronze Scales","Bag of Preparation","Lantern","Centennial Puzzle"],"potions_floor_usage":[11,16,23,25,25,45,45,55,55],"damage_taken":[{"damage":3,"enemies":"2 Louse","floor":1,"turns":3},{"damage":0,"enemies":"Small Slimes","floor":3,"turns":3},{"damage":1,"enemies":"Cultist","floor":5,"turns":3},{"damage":42,"enemies":"Lagavulin","floor":6,"turns":8},{"damage":5,"enemies":"Blue Slaver","floor":8,"turns":3},{"damage":5,"enemies":"2 Fungi Beasts","floor":10,"turns":3},{"damage":8,"enemies":"The Mushroom Lair","floor":11,"turns":4},{"damage":6,"enemies":"Exordium Wildlife","floor":13,"turns":4},{"damage":8,"enemies":"3 Sentries","floor":14,"turns":5},{"damage":12,"enemies":"Hexaghost","floor":16,"turns":5},{"damage":8,"enemies":"3 Byrds","floor":18,"turns":5},{"damage":12,"enemies":"2 Thieves","floor":21,"turns":4},{"damage":6,"enemies":"Centurion and Healer","floor":22,"turns":5},{"damage":28,"enemies":"Gremlin Leader","floor":23,"turns":6},{"damage":28,"enemies":"Slavers","floor":25,"turns":6},{"damage":8,"enemies":"Book of Stabbing","floor":27,"turns":4},{"damage":3,"enemies":"Snecko","floor":28,"turns":4},{"damage":24,"enemies":"Gremlin Leader","floor":30,"turns":5},{"damage":45,"enemies":"Automaton","floor":33,"turns":12},{"damage":11,"enemies":"3 Shapes","floor":35,"turns":3},{"damage":0,"enemies":"Orb Walker","floor":37,"turns":3},{"damage":10,"enemies":"Maw","floor":38,"turns":6},{"damage":30,"enemies":"3 Darklings","floor":39,"turns":3},{"damage":18,"enemies":"Nemesis","floor":40,"turns":9},{"damage":7,"enemies":"Giant Head","floor":42,"turns":6},{"damage":21,"enemies":"Writhing Mass","floor":44,"turns":7},{"damage":19,"enemies":"Nemesis","floor":45,"turns":5},{"damage":14,"enemies":"Transient","floor":47,"turns":5},{"damage":6,"enemies":"Spire Growth","floor":48,"turns":3},{"damage":15,"enemies":"Awakened One","floor":50,"turns":8},{"damage":29,"enemies":"Shield and Spear","floor":54,"turns":6},{"damage":90,"enemies":"The Heart","floor":55,"turns":7}],"seed_played":"-3871625178591092237","potions_obtained":[{"floor":1,"key":"Dexterity Potion"},{"floor":3,"key":"Strength Potion"},{"floor":6,"key":"FearPotion"},{"floor":11,"key":"Poison Potion"},{"floor":14,"key":"SteroidPotion"},{"floor":21,"key":"BloodPotion"},{"floor":27,"key":"SteroidPotion"},{"floor":28,"key":"BloodPotion"},{"floor":39,"key":"EssenceOfSteel"},{"floor":42,"key":"Swift Potion"},{"floor":47,"key":"Ancient Potion"}],"is_trial":false,"path_per_floor":["M","?","M","?","M","E","R","M","T","M","?","R","M","E","R","B",null,"M","?","?","M","M","E","R","E","T","E","M","$","E","?","R","B",null,"M","$","M","M","M","E","?","E","T","M","E","T","M","M","R","B",null,"R","$","E","B",null],"character_chosen":"IRONCLAD","items_purchased":["Shrug It Off+1","Impatience+1","Flex+1"],"campfire_rested":0,"item_purchase_floors":[29,36,36],"current_hp_per_floor":[80,80,80,85,85,49,49,50,50,51,49,49,49,47,47,41,85,83,67,67,61,81,68,68,81,81,92,93,93,93,93,93,54,93,91,91,99,102,105,103,103,115,115,106,96,96,100,103,103,122,124,124,124,101,60],"gold":6,"neow_bonus":"REMOVE_CARD","is_prod":false,"is_daily":false,"chose_seed":false,"campfire_upgraded":2,"win_rate":0,"timestamp":1556201331,"path_taken":["M","?","M","?","M","E","R","M","T","M","?","R","M","E","R","BOSS","M","?","?","?","M","E","R","E","T","E","M","$","E","?","R","BOSS","M","$","M","M","M","E","?","E","T","M","E","?","M","?","R","BOSS","R","$","E","BOSS"],"build_version":"2019-04-23","purchased_purges":1,"victory":true,"max_hp_per_floor":[80,80,80,85,85,85,85,85,85,85,85,85,85,85,85,85,85,85,90,90,90,90,90,90,93,93,93,93,93,93,93,93,93,93,96,96,99,102,105,115,115,115,115,115,118,118,118,121,121,124,124,124,124,124,124],"card_choices":[{"not_picked":["Thunderclap","Burning Pact"],"picked":"Inflame","floor":1},{"not_picked":["Clash","Feel No Pain"],"picked":"Heavy Blade","floor":3},{"not_picked":["Seeing Red","Armaments"],"picked":"Heavy Blade","floor":5},{"not_picked":["Warcry","Pummel"],"picked":"Shockwave","floor":6},{"not_picked":["Uppercut","Warcry"],"picked":"Dropkick","floor":8},{"not_picked":["Pommel Strike","Cleave"],"picked":"Inflame","floor":10},{"not_picked":["Body Slam","Twin Strike"],"picked":"Flame Barrier+1","floor":11},{"not_picked":["Evolve","Body Slam"],"picked":"Headbutt","floor":13},{"not_picked":["Sever Soul","Anger","Body Slam"],"picked":"SKIP","floor":14},{"not_picked":["Double Tap+1","Demon Form"],"picked":"Reaper","floor":16},{"not_picked":["Clash","Body Slam"],"picked":"Warcry+1","floor":18},{"not_picked":["Armaments+1","Twin Strike","Anger"],"picked":"SKIP","floor":21},{"not_picked":["Iron Wave","Heavy Blade"],"picked":"True Grit+1","floor":22},{"not_picked":["Reckless Charge","Wild Strike+1"],"picked":"Feed","floor":23},{"not_picked":["Pummel","Clothesline","Body Slam+1"],"picked":"SKIP","floor":25},{"not_picked":["Pommel Strike","Headbutt+1","True Grit+1"],"picked":"SKIP","floor":27},{"not_picked":["Headbutt","Evolve+1"],"picked":"Warcry+1","floor":28},{"not_picked":["Clash","Iron Wave+1"],"picked":"Warcry+1","floor":30},{"not_picked":["Immolate","Dark Embrace"],"picked":"Offering+1","floor":33},{"not_picked":["Twin Strike+1","Perfected Strike+1","Power Through+1"],"picked":"SKIP","floor":35},{"not_picked":["Headbutt","Flex+1"],"picked":"Flame Barrier+1","floor":37},{"not_picked":["Fire Breathing","Flex+1"],"picked":"Uppercut+1","floor":38},{"not_picked":["Clothesline+1","Evolve+1"],"picked":"Flame Barrier+1","floor":39},{"not_picked":["Bloodletting+1","Cleave","Juggernaut"],"picked":"SKIP","floor":40},{"not_picked":["Cleave","Iron Wave+1"],"picked":"Burning Pact+1","floor":42},{"not_picked":["Heavy Blade","Perfected Strike+1","Cleave+1"],"picked":"SKIP","floor":44},{"not_picked":["True Grit+1","Wild Strike+1"],"picked":"Headbutt","floor":45},{"not_picked":["Sever Soul","Warcry+1"],"picked":"Limit Break+1","floor":47},{"not_picked":["Fire Breathing","Infernal Blade+1"],"picked":"Warcry+1","floor":48},{"not_picked":["Body Slam","Flex+1","Power Through+1"],"picked":"SKIP","floor":54}],"player_experience":28351,"relics_obtained":[{"floor":6,"key":"Orichalcum"},{"floor":9,"key":"Toxic Egg 2"},{"floor":11,"key":"Odd Mushroom"},{"floor":14,"key":"Peace Pipe"},{"floor":23,"key":"Red Skull"},{"floor":25,"key":"Tiny Chest"},{"floor":26,"key":"Bottled Tornado"},{"floor":27,"key":"Girya"},{"floor":30,"key":"MawBank"},{"floor":40,"key":"Pear"},{"floor":42,"key":"Bronze Scales"},{"floor":45,"key":"Bag of Preparation"},{"floor":46,"key":"Lantern"},{"floor":54,"key":"Centennial Puzzle"}],"event_choices":[{"damage_healed":0,"gold_gain":0,"player_choice":"Grow","damage_taken":0,"max_hp_gain":0,"max_hp_loss":0,"event_name":"Living Wall","floor":2,"gold_loss":0,"cards_upgraded":["Inflame"]},{"damage_healed":0,"gold_gain":0,"player_choice":"Donut","damage_taken":0,"max_hp_gain":5,"max_hp_loss":0,"event_name":"Big Fish","floor":4,"gold_loss":0},{"damage_healed":0,"gold_gain":0,"player_choice":"Fought Mushrooms","damage_taken":0,"max_hp_gain":0,"max_hp_loss":0,"event_name":"Mushrooms","floor":11,"gold_loss":0},{"damage_healed":0,"gold_gain":0,"player_choice":"Shed Blood","damage_taken":21,"max_hp_gain":5,"max_hp_loss":0,"event_name":"Forgotten Altar","floor":19,"gold_loss":0},{"damage_healed":0,"gold_gain":0,"player_choice":"1 cards matched","damage_taken":0,"max_hp_gain":0,"max_hp_loss":0,"event_name":"Match and Keep!","floor":20,"gold_loss":0,"cards_obtained":["Good Instincts"]},{"cards_removed":["Strike_R"],"damage_healed":0,"gold_gain":0,"player_choice":"Gave Gold","damage_taken":0,"max_hp_gain":0,"max_hp_loss":0,"event_name":"Beggar","floor":31,"gold_loss":75},{"cards_removed":["Inflame"],"damage_healed":0,"gold_gain":0,"player_choice":"Removed Power","damage_taken":0,"max_hp_gain":0,"max_hp_loss":0,"event_name":"Falling","floor":41,"gold_loss":0}],"is_beta":true,"boss_relics":[{"not_picked":["Mark of Pain","White Beast Statue"],"picked":"Ectoplasm"},{"not_picked":["Philosopher\u0027s Stone","Velvet Choker"],"picked":"Empty Cage"}],"items_purged_floors":[29],"is_endless":false,"potions_floor_spawned":[1,3,6,11,14,21,27,28,39,42,47],"ascension_level":3}