{"gold_per_floor":[119,19,36,47,47,47,72,72,72,147,178,190,210,46,46,117,117,137,137,167,267,285,285,285,285,285,311,322,349,378,141,141,216,216,216],"floor_reached":35,"playtime":1542,"items_purged":["Strike_R","Strike_R+1"],"score":762,"play_id":"8cf4767f-dcc5-4f4a-a4fa-9c91062044e4","local_time":"20190510172303","is_ascension_mode":true,"campfire_choices":[{"data":"Anger","floor":6,"key":"SMITH"},{"data":"Bash","floor":8,"key":"SMITH"},{"data":"Cleave","floor":15,"key":"SMITH"},{"data":"Double Tap","floor":23,"key":"SMITH"},{"data":"Clothesline","floor":25,"key":"SMITH"},{"floor":32,"key":"REST"}],"neow_cost":"NONE","seed_source_timestamp":240253408278400,"circlet_count":0,"master_deck":["AscendersBane","Defend_R+1","Defend_R+1","Defend_R+1","Bash+1","Headbutt","Iron Wave","Iron Wave","Anger+1","Reaper","Cleave+1","Shrug It Off","Clothesline+1","Double Tap+1","Shrug It Off","Headbutt","Shockwave","Exhume","Fiend Fire","Heavy Blade+1","Hemokinesis+1","Double Tap+1"],"relics":["Black Blood","Pocketwatch","Strawberry","Question Card","Mummified Hand","Bag of Marbles","Red Mask","Thread and Needle","Frozen Egg 2","Lantern","Oddly Smooth Stone","Pen Nib","Juzu Bracelet","Astrolabe"],"potions_floor_usage":[20,27,30,33,33],"damage_taken":[{"damage":2,"enemies":"Cultist","floor":1,"turns":4},{"damage":4,"enemies":"Small Slimes","floor":3,"turns":3},{"damage":9,"enemies":"Jaw Worm","floor":4,"turns":4},{"damage":20,"enemies":"3 Sentries","floor":7,"turns":8},{"damage":22,"enemies":"Gremlin Nob","floor":11,"turns":4},{"damage":5,"enemies":"Large Slime","floor":12,"turns":4},{"damage":1,"enemies":"2 Fungi Beasts","floor":13,"turns":2},{"damage":23,"enemies":"Slime Boss","floor":16,"turns":6},{"damage":16,"enemies":"Spheric Guardian","floor":18,"turns":4},{"damage":0,"enemies":"Masked Bandits","floor":20,"turns":2},{"damage":20,"enemies":"Colosseum Slavers","floor":21,"turns":5},{"damage":57,"enemies":"Colosseum Nobs","floor":21,"turns":6},{"damage":0,"enemies":"3 Byrds","floor":22,"turns":5},{"damage":25,"enemies":"Book of Stabbing","floor":27,"turns":6},{"damage":18,"enemies":"Shelled Parasite and Fungi","floor":28,"turns":9},{"damage":20,"enemies":"Gremlin Leader","floor":30,"turns":6},{"damage":56,"enemies":"Automaton","floor":33,"turns":9},{"damage":78,"enemies":"3 Darklings","floor":35,"turns":8}],"seed_played":"6191572340085415580","potions_obtained":[{"floor":1,"key":"SpeedPotion"},{"floor":3,"key":"Weak Potion"},{"floor":16,"key":"SteroidPotion"},{"floor":20,"key":"Swift Potion"},{"floor":21,"key":"Explosive Potion"},{"floor":27,"key":"Ancient Potion"},{"floor":33,"key":"Swift Potion"}],"is_trial":false,"path_per_floor":["M","$","M","M","?","R","E","R","T","?","E","M","M","$","R","B",null,"M","?","?","?","M","R","?","R","T","E","M","T","E","$","R","B",null,"M"],"character_chosen":"IRONCLAD","items_purchased":["Iron Wave","Bag of Marbles","SteroidPotion","Exhume"],"campfire_rested":1,"item_purchase_floors":[2,14,31,31],"current_hp_per_floor":[79,79,81,78,67,67,60,60,60,49,33,34,39,39,39,28,74,68,68,78,31,41,41,41,41,41,26,18,18,12,12,38,23,73,0],"gold":216,"neow_bonus":"TEN_PERCENT_HP_BONUS","is_prod":false,"is_daily":false,"chose_seed":false,"campfire_upgraded":5,"win_rate":0,"timestamp":1557501783,"path_taken":["M","$","M","M","?","R","E","R","T","?","E","M","M","?","R","BOSS","M","?","?","?","M","R","?","R","T","E","?","?","E","$","R","BOSS","M"],"build_version":"2019-01-23","purchased_purges":2,"victory":false,"max_hp_per_floor":[82,82,82,82,82,82,89,89,89,89,89,89,89,89,89,89,89,89,89,89,89,89,89,89,89,89,89,89,89,89,89,89,89,89,89],"card_choices":[{"not_picked":["Reckless Charge","Burning Pact"],"picked":"Headbutt","floor":1},{"not_picked":["Corruption","Intimidate"],"picked":"Iron Wave","floor":3},{"not_picked":["Power Through","Clash"],"picked":"Anger","floor":4},{"not_picked":["Dropkick","Warcry"],"picked":"Reaper","floor":7},{"not_picked":["Anger","Infernal Blade","Twin Strike"],"picked":"Cleave","floor":11},{"not_picked":["Perfected Strike","Wild Strike","Thunderclap"],"picked":"Shrug It Off","floor":12},{"not_picked":["Sentinel","Corruption","Brutality"],"picked":"Clothesline","floor":13},{"not_picked":["Feed","Barricade","Brutality"],"picked":"Double Tap","floor":16},{"not_picked":["Armaments","Headbutt","Perfected Strike"],"picked":"Shrug It Off","floor":18},{"not_picked":["Limit Break","Sword Boomerang","Armaments"],"picked":"Headbutt","floor":21},{"not_picked":["Pummel","Carnage","Armaments","Warcry"],"picked":"SKIP","floor":22},{"not_picked":["Warcry","Iron Wave","Armaments","Pummel"],"picked":"SKIP","floor":27},{"not_picked":["Seeing Red","Hemokinesis","Heavy Blade"],"picked":"Shockwave","floor":28},{"not_picked":["Second Wind","Perfected Strike","Sentinel","Dark Embrace+1"],"picked":"SKIP","floor":30},{"not_picked":["Feed","Limit Break","Exhume"],"picked":"Fiend Fire","floor":33}],"player_experience":672819,"relics_obtained":[{"floor":7,"key":"Strawberry"},{"floor":9,"key":"Question Card"},{"floor":11,"key":"Mummified Hand"},{"floor":20,"key":"Red Mask"},{"floor":21,"key":"Thread and Needle"},{"floor":21,"key":"Frozen Egg 2"},{"floor":26,"key":"Lantern"},{"floor":27,"key":"Oddly Smooth Stone"},{"floor":29,"key":"Pen Nib"},{"floor":30,"key":"Juzu Bracelet"}],"event_choices":[{"damage_healed":0,"gold_gain":0,"player_choice":"Success","damage_taken":11,"relics_obtained":["Pocketwatch"],"max_hp_gain":0,"max_hp_loss":0,"event_name":"Scrap Ooze","floor":5,"gold_loss":0},{"damage_healed":0,"gold_gain":75,"player_choice":"Gather Gold","damage_taken":11,"max_hp_gain":0,"max_hp_loss":0,"event_name":"World of Goop","floor":10,"gold_loss":0},{"damage_healed":0,"gold_gain":0,"player_choice":"Simplicity","damage_taken":0,"max_hp_gain":0,"max_hp_loss":0,"event_name":"Back to Basics","floor":19,"gold_loss":0,"cards_upgraded":["Strike_R","Strike_R","Strike_R","Strike_R","Defend_R","Defend_R","Defend_R","Defend_R"]},{"damage_healed":0,"gold_gain":0,"player_choice":"Fought Bandits","damage_taken":0,"max_hp_gain":0,"max_hp_loss":0,"event_name":"Masked Bandits","floor":20,"gold_loss":0},{"damage_healed":0,"gold_gain":0,"player_choice":"Fight","damage_taken":0,"max_hp_gain":0,"max_hp_loss":0,"event_name":"Colosseum","floor":21,"gold_loss":0},{"damage_healed":0,"gold_gain":0,"player_choice":"Fought Nobs","damage_taken":0,"max_hp_gain":0,"max_hp_loss":0,"event_name":"Colosseum","floor":21,"gold_loss":0},{"cards_removed":["Strike_R"],"damage_healed":0,"gold_gain":0,"player_choice":"Purged","damage_taken":0,"max_hp_gain":0,"max_hp_loss":0,"event_name":"Purifier","floor":24,"gold_loss":0}],"is_beta":false,"boss_relics":[{"not_picked":["Runic Cube","Velvet Choker"],"picked":"Black Blood"},{"not_picked":["Coffee Dripper","Black Star"],"picked":"Astrolabe"}],"items_purged_floors":[2,31],"is_endless":false,"potions_floor_spawned":[1,3,11,16,20,21,27,28,33],"killed_by":"3 Darklings","ascension_level":18}