{"gold_per_floor":[113,113,113,39,39,39,66,66,66,66,83,11,44,44,44,143,143,163,163,174,174,19,48,48,77,130,130,143,93,103,114,114,215,215,225,245,2,15,15,15,41,41,41,69,69,69,69,84,84,84,84,84,84,118,118],"floor_reached":56,"playtime":2086,"items_purged":["Writhe","Strike_B+1"],"score":1729,"play_id":"478ec945-3790-47bd-af3c-64d38965bb79","local_time":"20190319021257","is_ascension_mode":true,"campfire_choices":[{"data":"Zap","floor":6,"key":"SMITH"},{"data":"Dualcast","floor":8,"key":"SMITH"},{"data":"Coolheaded","floor":10,"key":"SMITH"},{"floor":15,"key":"REST"},{"floor":24,"key":"REST"},{"floor":27,"key":"RECALL"},{"floor":32,"key":"REST"},{"floor":40,"key":"REST"},{"floor":42,"key":"REST"},{"floor":46,"key":"REST"},{"floor":49,"key":"REST"},{"floor":52,"key":"REST"}],"neow_cost":"PERCENT_DAMAGE","seed_source_timestamp":519436213860249,"circlet_count":0,"master_deck":["AscendersBane","Strike_B+1","Defend_B+1","Defend_B+1","Defend_B+1","Defend_B+1","Zap+1","Dualcast+1","Coolheaded+1","Ball Lightning+1","Cold Snap+1","Capacitor+1","Storm+1","Capacitor+1","Amplify+1","Biased Cognition+1","Loop+1","Loop+1","Consume+1","Conserve Battery+1","Echo Form+1","Creative AI+1","Coolheaded+1","Echo Form+1","Glacier+1"],"relics":["FrozenCore","Mummified Hand","Lantern","GremlinMask","Fusion Hammer","Regal Pillow","Torii","WingedGreaves","Tiny Chest","Bag of Preparation","Potion Belt","Gremlin Horn","PreservedInsect","Mark of the Bloom","Letter Opener"],"potions_floor_usage":[16,23,33,44,50],"damage_taken":[{"damage":14,"enemies":"Jaw Worm","floor":1,"turns":4},{"damage":28,"enemies":"Gremlin Nob","floor":7,"turns":4},{"damage":3,"enemies":"2 Louse","floor":11,"turns":2},{"damage":26,"enemies":"Lagavulin","floor":13,"turns":5},{"damage":43,"enemies":"The Guardian","floor":16,"turns":11},{"damage":0,"enemies":"Spheric Guardian","floor":18,"turns":3},{"damage":0,"enemies":"Chosen","floor":20,"turns":3},{"damage":34,"enemies":"Gremlin Leader","floor":23,"turns":5},{"damage":16,"enemies":"Book of Stabbing","floor":25,"turns":6},{"damage":12,"enemies":"Centurion and Healer","floor":28,"turns":5},{"damage":0,"enemies":"Sentry and Sphere","floor":30,"turns":6},{"damage":0,"enemies":"Snecko","floor":31,"turns":5},{"damage":51,"enemies":"Automaton","floor":33,"turns":8},{"damage":10,"enemies":"3 Darklings","floor":35,"turns":3},{"damage":1,"enemies":"Orb Walker","floor":36,"turns":3},{"damage":22,"enemies":"Maw","floor":38,"turns":6},{"damage":11,"enemies":"Giant Head","floor":41,"turns":6},{"damage":35,"enemies":"Reptomancer","floor":44,"turns":4},{"damage":0,"enemies":"4 Shapes","floor":48,"turns":5},{"damage":1,"enemies":"Awakened One","floor":50,"turns":5},{"damage":37,"enemies":"Shield and Spear","floor":54,"turns":4},{"damage":22,"enemies":"The Heart","floor":55,"turns":7}],"seed_played":"-3637928888936145575","potions_obtained":[{"floor":11,"key":"Dexterity Potion"},{"floor":13,"key":"Dexterity Potion"},{"floor":20,"key":"PowerPotion"},{"floor":30,"key":"AttackPotion"},{"floor":31,"key":"PowerPotion"},{"floor":33,"key":"FairyPotion"},{"floor":41,"key":"FearPotion"},{"floor":48,"key":"Energy Potion"}],"is_trial":false,"path_per_floor":["M","?","?","$","?","R","E","R","T","R","M","$","E","?","R","B",null,"M","?","M","?","$","E","R","E","T","R","M","?","M","M","R","B",null,"M","M","$","M","$","R","E","R","T","E","?","R","?","M","R","B",null,"R","$","E","B",null],"character_chosen":"DEFECT","items_purchased":["Ball Lightning","Cold Snap","Capacitor","Loop","Bag of Preparation"],"campfire_rested":8,"item_purchase_floors":[4,4,12,22,37],"current_hp_per_floor":[36,61,54,54,85,85,57,57,57,57,54,54,28,28,53,10,66,66,66,66,66,66,32,72,56,56,56,44,44,44,44,84,33,72,62,61,61,39,39,79,68,85,85,50,50,85,85,85,85,84,84,84,84,47,25],"gold":118,"neow_bonus":"THREE_RARE_CARDS","is_prod":false,"is_daily":false,"chose_seed":false,"campfire_upgraded":3,"win_rate":0,"timestamp":1552972377,"path_taken":["M","?","?","$","?","R","E","R","T","R","?","$","E","?","R","BOSS","M","?","M","?","$","E","R","E","T","R","M","?","M","M","R","BOSS","M","M","?","M","$","R","E","R","T","E","?","R","?","?","R","BOSS","R","$","E","BOSS"],"build_version":"2019-01-23","purchased_purges":2,"victory":true,"max_hp_per_floor":[75,75,75,75,85,85,85,85,85,85,85,85,85,85,85,85,85,85,85,85,85,85,85,85,85,85,85,85,85,85,85,85,85,85,85,85,85,85,85,85,85,85,85,85,85,85,85,85,85,85,85,85,85,85,85],"card_choices":[{"not_picked":["Machine Learning","Creative AI"],"picked":"Fission","floor":0},{"not_picked":["Compile Driver","Stack"],"picked":"Coolheaded","floor":1},{"not_picked":["Ball Lightning","Conserve Battery"],"picked":"Capacitor","floor":7},{"not_picked":["Rebound","Undo"],"picked":"Storm","floor":11},{"not_picked":["Ball Lightning","Sunder"],"picked":"Amplify","floor":13},{"not_picked":["Amplify","Fission"],"picked":"Biased Cognition","floor":16},{"not_picked":["Steam+1","Genetic Algorithm"],"picked":"Loop","floor":18},{"not_picked":["Beam Cell","Turbo","Steam"],"picked":"SKIP","floor":20},{"not_picked":["Recycle","Streamline+1","Thunder Strike"],"picked":"SKIP","floor":23},{"not_picked":["Sweeping Beam","Leap"],"picked":"Consume","floor":25},{"not_picked":["Stack","Blizzard"],"picked":"Conserve Battery+1","floor":28},{"not_picked":["Steam+1","Conserve Battery"],"picked":"Echo Form","floor":30},{"not_picked":["Double Energy","Gash+1","Conserve Battery"],"picked":"SKIP","floor":31},{"not_picked":["Multi-Cast","Meteor Strike"],"picked":"Creative AI","floor":33},{"not_picked":["Undo+1","Barrage","Leap"],"picked":"SKIP","floor":35},{"not_picked":["Streamline+1","Turbo+1"],"picked":"Coolheaded","floor":36},{"not_picked":["Darkness+1","Hologram","Loop"],"picked":"SKIP","floor":38},{"not_picked":["Sweeping Beam+1","Barrage"],"picked":"Echo Form","floor":41},{"not_picked":["Loop","Hologram","Compile Driver"],"picked":"SKIP","floor":44},{"not_picked":["Compile Driver","Conserve Battery","Aggregate"],"picked":"SKIP","floor":48},{"not_picked":["Amplify","Auto Shields+1"],"picked":"Glacier+1","floor":54}],"player_experience":968986,"relics_obtained":[{"floor":7,"key":"Mummified Hand"},{"floor":13,"key":"Lantern"},{"floor":23,"key":"Torii"},{"floor":25,"key":"WingedGreaves"},{"floor":26,"key":"Tiny Chest"},{"floor":41,"key":"Potion Belt"},{"floor":43,"key":"Gremlin Horn"},{"floor":44,"key":"PreservedInsect"},{"floor":54,"key":"Letter Opener"}],"event_choices":[{"damage_healed":25,"gold_gain":0,"player_choice":"Banana","damage_taken":0,"max_hp_gain":0,"max_hp_loss":0,"event_name":"Big Fish","floor":2,"gold_loss":0},{"cards_removed":["Strike_B"],"damage_healed":0,"gold_gain":0,"player_choice":"Card Removal","damage_taken":7,"max_hp_gain":0,"max_hp_loss":0,"event_name":"Golden Wing","floor":3,"gold_loss":0},{"cards_removed":["Fission"],"damage_healed":21,"gold_gain":0,"player_choice":"Offered Rare","damage_taken":0,"max_hp_gain":10,"max_hp_loss":0,"event_name":"Bonfire Elementals","floor":5,"gold_loss":0},{"damage_healed":0,"gold_gain":0,"player_choice":"Trade","damage_taken":0,"relics_obtained":["GremlinMask"],"max_hp_gain":0,"max_hp_loss":0,"event_name":"FaceTrader","floor":14,"gold_loss":0},{"damage_healed":0,"gold_gain":0,"player_choice":"Simplicity","damage_taken":0,"max_hp_gain":0,"max_hp_loss":0,"event_name":"Back to Basics","floor":19,"gold_loss":0,"cards_upgraded":["Strike_B","Strike_B","Strike_B","Defend_B","Defend_B","Defend_B","Defend_B"]},{"damage_healed":0,"gold_gain":0,"player_choice":"Opened","damage_taken":0,"relics_obtained":["Regal Pillow"],"max_hp_gain":0,"max_hp_loss":0,"event_name":"The Mausoleum","floor":21,"gold_loss":0,"cards_obtained":["Writhe"]},{"damage_healed":0,"gold_gain":0,"player_choice":"Bet on Owner","damage_taken":0,"max_hp_gain":0,"max_hp_loss":0,"event_name":"The Joust","floor":29,"gold_loss":50},{"cards_removed":["Strike_B"],"damage_healed":0,"gold_gain":0,"player_choice":"Removed Attack","damage_taken":0,"max_hp_gain":0,"max_hp_loss":0,"event_name":"Falling","floor":45,"gold_loss":0},{"damage_healed":0,"gold_gain":0,"player_choice":"Upgrade","damage_taken":0,"relics_obtained":["Mark of the Bloom"],"max_hp_gain":0,"max_hp_loss":0,"event_name":"MindBloom","floor":47,"gold_loss":0,"cards_upgraded":["Ball Lightning","Cold Snap","Capacitor","Storm","Capacitor","Amplify","Biased Cognition","Loop","Loop","Consume","Echo Form","Creative AI","Coolheaded","Echo Form"]}],"is_beta":false,"boss_relics":[{"not_picked":["Ectoplasm","Snecko Eye"],"picked":"Fusion Hammer"},{"not_picked":["Calling Bell","Coffee Dripper"],"picked":"FrozenCore"}],"items_purged_floors":[22,37],"is_endless":false,"potions_floor_spawned":[11,13,20,30,31,33,36,41,48],"ascension_level":11}