{"gold_per_floor":[15,90,104,104,104,130,147,147,147,160,43,43,71,84,84,187,187,207,0,0,12,12,40,58,87,110,139,150,160,160,171,171,271,271,287,306,21,33,49,81,95,124,196,196,196,221,240,256,256,256,256,256,28,63,63],"floor_reached":56,"playtime":3793,"items_purged":["Strike_G","Strike_G"],"score":1547,"play_id":"f6dfb6da-f210-4097-b81c-af3e31e29e6c","local_time":"20190323150238","is_ascension_mode":true,"campfire_choices":[{"floor":8,"key":"REST"},{"data":"Accuracy","floor":15,"key":"SMITH"},{"floor":30,"key":"RECALL"},{"floor":32,"key":"REST"},{"floor":45,"key":"REST"},{"floor":49,"key":"REST"},{"floor":52,"key":"REST"}],"neow_cost":"NO_GOLD","seed_source_timestamp":1020109361517532,"circlet_count":0,"master_deck":["Defend_G","Defend_G+1","Defend_G","Defend_G","Defend_G","Strike_G","Strike_G","Strike_G","Survivor","Neutralize+1","Flying Knee","Infinite Blades","Accuracy+1","Escape Plan","Sucker Punch","Infinite Blades","Masterful Stab","Phantasmal Killer","After Image","Dagger Spray+1","Infinite Blades","Good Instincts","Well Laid Plans","Pain","PiercingWail","Tools of the Trade","Blur+1","Deflect","Storm of Steel","Prepared","Terror+1","Backflip","Adrenaline","PiercingWail+1","Cloak And Dagger+1","Backflip","Acrobatics+1","Expertise+1","Dagger Throw+1","Predator+1","Backflip+1","Choke+1","Leg Sweep","Footwork+1","Footwork+1","Apotheosis","Well Laid Plans","Doppelganger"],"relics":["Ring of the Snake","Tough Bandages","Ice Cream","Bottled Tornado","The Courier","Ninja Scroll","Orichalcum","Fusion Hammer","MutagenicStrength","WarpedTongs","Bottled Flame","Dream Catcher","Centennial Puzzle","Vajra","Cursed Key","ClockworkSouvenir","Omamori","Pear","Meat on the Bone","Bronze Scales","Pen Nib"],"potions_floor_usage":[6,18,23,27,50,50,55,55,55],"damage_taken":[{"damage":0,"enemies":"Jaw Worm","floor":1,"turns":6},{"damage":0,"enemies":"2 Louse","floor":3,"turns":3},{"damage":20,"enemies":"Gremlin Nob","floor":6,"turns":5},{"damage":0,"enemies":"Small Slimes","floor":7,"turns":3},{"damage":0,"enemies":"Exordium Wildlife","floor":10,"turns":3},{"damage":3,"enemies":"Lagavulin","floor":13,"turns":6},{"damage":0,"enemies":"Exordium Thugs","floor":14,"turns":5},{"damage":0,"enemies":"Hexaghost","floor":16,"turns":8},{"damage":0,"enemies":"2 Thieves","floor":18,"turns":4},{"damage":0,"enemies":"3 Byrds","floor":21,"turns":3},{"damage":6,"enemies":"Gremlin Leader","floor":23,"turns":5},{"damage":4,"enemies":"Centurion and Healer","floor":24,"turns":5},{"damage":13,"enemies":"Book of Stabbing","floor":25,"turns":5},{"damage":3,"enemies":"Slavers","floor":27,"turns":6},{"damage":0,"enemies":"Cultist and Chosen","floor":28,"turns":4},{"damage":7,"enemies":"3 Cultists","floor":29,"turns":3},{"damage":0,"enemies":"Snake Plant","floor":31,"turns":4},{"damage":0,"enemies":"Automaton","floor":33,"turns":8},{"damage":0,"enemies":"3 Shapes","floor":35,"turns":3},{"damage":0,"enemies":"Orb Walker","floor":36,"turns":2},{"damage":0,"enemies":"3 Darklings","floor":38,"turns":4},{"damage":1,"enemies":"4 Shapes","floor":39,"turns":3},{"damage":0,"enemies":"Nemesis","floor":40,"turns":5},{"damage":0,"enemies":"Sphere and 2 Shapes","floor":41,"turns":5},{"damage":0,"enemies":"Reptomancer","floor":42,"turns":4},{"damage":8,"enemies":"Giant Head","floor":46,"turns":5},{"damage":0,"enemies":"Maw","floor":47,"turns":5},{"damage":0,"enemies":"Transient","floor":48,"turns":5},{"damage":19,"enemies":"Time Eater","floor":50,"turns":10},{"damage":0,"enemies":"Shield and Spear","floor":54,"turns":6},{"damage":19,"enemies":"The Heart","floor":55,"turns":8}],"seed_played":"-5741123990938499689","potions_obtained":[{"floor":3,"key":"Weak Potion"},{"floor":10,"key":"Fire Potion"},{"floor":13,"key":"Block Potion"},{"floor":14,"key":"SkillPotion"},{"floor":21,"key":"Regen Potion"},{"floor":24,"key":"LiquidBronze"},{"floor":25,"key":"PowerPotion"},{"floor":27,"key":"AttackPotion"},{"floor":33,"key":"Regen Potion"},{"floor":35,"key":"Block Potion"},{"floor":36,"key":"Weak Potion"},{"floor":40,"key":"Swift Potion"},{"floor":54,"key":"Swift Potion"}],"is_trial":false,"path_per_floor":["M","?","M","?","?","E","M","R","T","M","$","T","E","M","R","B",null,"M","$","?","M","?","E","M","E","T","E","M","M","R","M","R","B",null,"M","M","$","M","M","E","M","E","T","?","R","E","M","M","R","B",null,"R","$","E","B",null],"character_chosen":"THE_SILENT","items_purchased":["Infinite Blades","Infinite Blades","Good Instincts","ClockworkSouvenir","Omamori","Apotheosis","Dexterity Potion","Well Laid Plans"],"campfire_rested":5,"item_purchase_floors":[11,19,19,37,37,53,53,53],"current_hp_per_floor":[70,59,59,45,33,13,13,34,34,34,34,34,31,31,31,31,70,70,70,70,70,70,64,60,47,47,59,59,52,52,52,70,70,70,70,70,70,70,69,79,79,79,79,76,76,68,68,68,76,57,76,76,76,76,57],"gold":63,"neow_bonus":"ONE_RARE_RELIC","is_prod":false,"is_daily":false,"chose_seed":false,"campfire_upgraded":1,"win_rate":0,"timestamp":1553367758,"path_taken":["M","?","M","?","?","E","?","R","T","M","?","?","E","M","R","BOSS","M","$","?","M","?","E","?","E","T","E","M","M","R","M","R","BOSS","M","M","$","M","M","E","M","E","T","?","R","E","M","M","R","BOSS","R","$","E","BOSS"],"build_version":"2019-03-15","purchased_purges":2,"victory":true,"max_hp_per_floor":[70,70,70,70,70,70,70,70,70,70,70,70,70,70,70,70,70,70,70,70,70,70,70,70,70,70,70,70,70,70,70,70,70,70,70,70,70,70,70,80,80,80,80,76,76,76,76,76,76,76,76,76,76,76,76],"card_choices":[{"not_picked":["Blur","Dodge and Roll"],"picked":"Flying Knee","floor":1},{"not_picked":["Concentrate","Poisoned Stab"],"picked":"Infinite Blades","floor":3},{"not_picked":["Well Laid Plans","Cloak And Dagger"],"picked":"Accuracy","floor":6},{"not_picked":["Night Terror","Deflect"],"picked":"Escape Plan","floor":7},{"not_picked":["Eviscerate","Slice"],"picked":"Sucker Punch","floor":10},{"not_picked":["Deflect","Setup"],"picked":"Masterful Stab","floor":13},{"not_picked":["Endless Agony","Underhanded Strike"],"picked":"Phantasmal Killer","floor":14},{"not_picked":["Die Die Die","Storm of Steel"],"picked":"After Image","floor":16},{"not_picked":["Prepared","Setup"],"picked":"Dagger Spray+1","floor":18},{"not_picked":["Acrobatics+1","Concentrate"],"picked":"Well Laid Plans","floor":21},{"not_picked":["Slice+1","Endless Agony+1"],"picked":"PiercingWail","floor":23},{"not_picked":["Crippling Poison","Slice+1"],"picked":"Tools of the Trade","floor":24},{"not_picked":["Calculated Gamble","All Out Attack"],"picked":"Blur+1","floor":25},{"not_picked":["Dodge and Roll","Setup"],"picked":"Deflect","floor":27},{"not_picked":["Flechettes","Catalyst+1"],"picked":"Storm of Steel","floor":28},{"not_picked":["Noxious Fumes+1","Sucker Punch"],"picked":"Prepared","floor":29},{"not_picked":["Escape Plan","Slice"],"picked":"Terror+1","floor":31},{"not_picked":["Noxious Fumes","Deadly Poison"],"picked":"Backflip","floor":32},{"not_picked":["Corpse Explosion","A Thousand Cuts"],"picked":"Adrenaline","floor":33},{"not_picked":["Dagger Spray","Deadly Poison"],"picked":"PiercingWail+1","floor":35},{"not_picked":["Slice","Storm of Steel"],"picked":"Cloak And Dagger+1","floor":36},{"not_picked":["Infinite Blades+1","Dagger Spray"],"picked":"Backflip","floor":38},{"not_picked":["Accuracy","PiercingWail+1"],"picked":"Acrobatics+1","floor":39},{"not_picked":["Poisoned Stab+1","Skewer","Deadly Poison"],"picked":"SKIP","floor":40},{"not_picked":["Infinite Blades+1","Phantasmal Killer"],"picked":"Expertise+1","floor":41},{"not_picked":["Flying Knee+1","Sucker Punch"],"picked":"Dagger Throw+1","floor":42},{"not_picked":["Quick Slash+1","Bane+1"],"picked":"Predator+1","floor":45},{"not_picked":["Sucker Punch","PiercingWail+1"],"picked":"Backflip+1","floor":46},{"not_picked":["Quick Slash","All Out Attack"],"picked":"Choke+1","floor":47},{"not_picked":["Bouncing Flask","PiercingWail"],"picked":"Leg Sweep","floor":48},{"not_picked":["Choke+1","Deflect+1"],"picked":"Footwork+1","floor":49},{"not_picked":["Backflip+1","Envenom"],"picked":"Footwork+1","floor":52},{"not_picked":["Backflip+1","Accuracy"],"picked":"Doppelganger","floor":54}],"player_experience":4991721,"relics_obtained":[{"floor":6,"key":"Bottled Tornado"},{"floor":9,"key":"The Courier"},{"floor":12,"key":"Ninja Scroll"},{"floor":13,"key":"Orichalcum"},{"floor":23,"key":"Bottled Flame"},{"floor":25,"key":"Dream Catcher"},{"floor":26,"key":"Centennial Puzzle"},{"floor":27,"key":"Vajra"},{"floor":40,"key":"Pear"},{"floor":42,"key":"Meat on the Bone"},{"floor":46,"key":"Bronze Scales"},{"floor":54,"key":"Pen Nib"}],"event_choices":[{"damage_healed":0,"gold_gain":75,"player_choice":"Gather Gold","damage_taken":11,"max_hp_gain":0,"max_hp_loss":0,"event_name":"World of Goop","floor":2,"gold_loss":0},{"damage_healed":0,"gold_gain":0,"player_choice":"Entered Light","damage_taken":14,"max_hp_gain":0,"max_hp_loss":0,"event_name":"Shining Light","floor":4,"gold_loss":0,"cards_upgraded":["Defend_G","Neutralize"]},{"damage_healed":0,"gold_gain":0,"player_choice":"Success","damage_taken":12,"relics_obtained":["Ice Cream"],"max_hp_gain":0,"max_hp_loss":0,"event_name":"Scrap Ooze","floor":5,"gold_loss":0},{"damage_healed":0,"gold_gain":0,"player_choice":"Inject Mutagens","damage_taken":0,"relics_obtained":["MutagenicStrength"],"max_hp_gain":0,"max_hp_loss":0,"event_name":"Drug Dealer","floor":20,"gold_loss":0},{"damage_healed":0,"gold_gain":0,"player_choice":"Rummage","damage_taken":0,"relics_obtained":["WarpedTongs"],"max_hp_gain":0,"max_hp_loss":0,"event_name":"Accursed Blacksmith","floor":22,"gold_loss":0,"cards_obtained":["Pain"]},{"damage_healed":0,"gold_gain":0,"player_choice":"Max HP","damage_taken":0,"max_hp_gain":0,"max_hp_loss":4,"event_name":"Winding Halls","floor":44,"gold_loss":0}],"is_beta":true,"boss_relics":[{"not_picked":["Orrery","Calling Bell"],"picked":"Fusion Hammer"},{"not_picked":["Coffee Dripper","Philosopher\u0027s Stone"],"picked":"Cursed Key"}],"items_purged_floors":[11,19],"is_endless":false,"potions_floor_spawned":[3,10,13,14,21,24,25,27,33,35,36,40,47,48,54],"ascension_level":1}