{"gold_per_floor":[119,133,146,146,198,198,198,123,146,146,160,82,113,131,131,203,203,213,224,124,140,175,50,50,50,50,60,89,101,101,128,128,203,203,214,226,238,88,88,88,88,88,88,88,113,123,158,158,158,158,158],"floor_reached":52,"playtime":1942,"items_purged":["Strike_G","Strike_G","Strike_G","Dagger Spray+1"],"score":2106,"play_id":"cb7c86d0-bddb-48c8-bdc5-e86ffd8763d6","local_time":"20190515171946","is_ascension_mode":true,"campfire_choices":[{"data":"Dagger Spray","floor":6.0,"key":"SMITH"},{"data":"Neutralize","floor":10.0,"key":"SMITH"},{"data":"Calculated Gamble","floor":15.0,"key":"SMITH"},{"floor":25.0,"key":"REST"},{"data":"Flechettes","floor":30.0,"key":"SMITH"},{"floor":32.0,"key":"REST"},{"data":"Reflex","floor":42,"key":"SMITH"},{"data":"Footwork","floor":44,"key":"SMITH"},{"data":"Acrobatics","floor":49,"key":"SMITH"}],"neow_cost":"NONE","seed_source_timestamp":437821022930011,"circlet_count":0,"master_deck":["AscendersBane","Defend_G","Defend_G","Defend_G","Defend_G","Defend_G","Survivor","Neutralize+1","Endless Agony","Deadly Poison","Backstab","Flechettes+1","Calculated Gamble+1","Adrenaline","Footwork+1","Reflex+1","Terror","Tactician+1","Acrobatics+1","Prepared+1"],"special_seed":0,"relics":["Ring of the Snake","NeowsBlessing","Omamori","WarpedTongs","Regal Pillow","Pen Nib","Runic Pyramid","Red Mask","Sundial","Blood Vial","Bag of Marbles","Empty Cage","Strawberry","Tough Bandages","Art of War","Bottled Tornado"],"potions_floor_usage":[40,40],"damage_taken":[{"damage":0.0,"enemies":"Cultist","floor":1.0,"turns":1.0},{"damage":0.0,"enemies":"2 Louse","floor":2.0,"turns":1.0},{"damage":0.0,"enemies":"Jaw Worm","floor":3.0,"turns":1.0},{"damage":5.0,"enemies":"3 Louse","floor":11.0,"turns":3.0},{"damage":28.0,"enemies":"Gremlin Nob","floor":13.0,"turns":4.0},{"damage":0.0,"enemies":"Lots of Slimes","floor":14.0,"turns":3.0},{"damage":26.0,"enemies":"Slime Boss","floor":16.0,"turns":9.0},{"damage":3.0,"enemies":"Spheric Guardian","floor":18.0,"turns":3.0},{"damage":12.0,"enemies":"Shell Parasite","floor":19.0,"turns":6.0},{"damage":19.0,"enemies":"Cultist and Chosen","floor":21.0,"turns":6.0},{"damage":3.0,"enemies":"Masked Bandits","floor":22.0,"turns":3.0},{"damage":16.0,"enemies":"Shelled Parasite and Fungi","floor":27.0,"turns":6.0},{"damage":8.0,"enemies":"Book of Stabbing","floor":28.0,"turns":6.0},{"damage":11.0,"enemies":"Snake Plant","floor":29.0,"turns":6.0},{"damage":19.0,"enemies":"Slavers","floor":31.0,"turns":5.0},{"damage":37.0,"enemies":"Collector","floor":33.0,"turns":8.0},{"damage":0.0,"enemies":"3 Shapes","floor":35.0,"turns":7.0},{"damage":15.0,"enemies":"3 Darklings","floor":36.0,"turns":6.0},{"damage":3.0,"enemies":"4 Shapes","floor":37.0,"turns":8.0},{"damage":18,"enemies":"Reptomancer","floor":40,"turns":2},{"damage":0,"enemies":"Nemesis","floor":45,"turns":5},{"damage":0,"enemies":"Jaw Worm Horde","floor":46,"turns":4},{"damage":1,"enemies":"Giant Head","floor":47,"turns":3},{"damage":2,"enemies":"Awakened One","floor":50,"turns":4},{"damage":24,"enemies":"Donu and Deca","floor":51,"turns":4}],"seed_played":"-5571774062069958193","potions_obtained":[{"floor":2.0,"key":"LiquidBronze"},{"floor":13.0,"key":"EssenceOfSteel"},{"floor":24.0,"key":"Block Potion"},{"floor":24.0,"key":"SmokeBomb"},{"floor":28.0,"key":"GamblersBrew"},{"floor":33.0,"key":"GamblersBrew"},{"floor":46,"key":"Weak Potion"}],"is_trial":false,"path_per_floor":["M","M","M","?","T","R","?","$","T","R","M","$","E","M","R","B",null,"M","M","$","M","?","$","?","R","T","M","E","M","R","E","R","B",null,"M","M","M","$","?","E","$","R","T","R","E","M","E","T","R","B","B",null],"character_chosen":"THE_SILENT","items_purchased":["Flechettes"],"campfire_rested":2,"item_purchase_floors":[12],"current_hp_per_floor":[59,59,59,64,64,64,64,64,64,64,59,59,31,31,31,5,55,52,40,40,21,18,18,18,54,54,38,30,21,21,4,40,5,55,57,44,43,43,43,27,27,27,34,34,36,38,39,39,39,39,17],"gold":158,"neow_bonus":"THREE_ENEMY_KILL","is_prod":false,"is_daily":false,"chose_seed":false,"campfire_upgraded":7,"win_rate":0,"timestamp":1557911986,"path_taken":["M","?","M","?","?","R","?","$","T","R","?","$","E","M","R","BOSS","M","M","$","M","?","$","?","R","T","M","E","?","R","E","R","BOSS","M","?","M","$","?","E","$","R","T","R","E","?","E","?","R","BOSS","BOSS"],"build_version":"2019-01-23","purchased_purges":4,"victory":true,"max_hp_per_floor":[66,66,66,71,71,71,71,71,71,71,71,71,71,71,71,71,71,71,71,71,71,71,71,71,71,71,71,71,71,71,71,71,71,71,71,71,71,71,71,71,71,71,78,78,78,78,78,78,78,78,78],"card_choices":[{"not_picked":["Deflect","Sucker Punch"],"picked":"Endless Agony","floor":1.0},{"not_picked":["Underhanded Strike","Skewer"],"picked":"Dagger Spray","floor":2.0},{"not_picked":["Night Terror","Outmaneuver"],"picked":"Deadly Poison","floor":3.0},{"not_picked":["Deadly Poison","Quick Slash"],"picked":"Backstab","floor":11.0},{"not_picked":["Malaise","Eviscerate"],"picked":"Calculated Gamble","floor":13.0},{"not_picked":["Cloak And Dagger","Endless Agony","Dagger Spray"],"picked":"SKIP","floor":14.0},{"not_picked":["Deadly Poison","Quick Slash","Blade Dance"],"picked":"SKIP","floor":18.0},{"not_picked":["Blade Dance","Underhanded Strike","Bane"],"picked":"SKIP","floor":19.0},{"not_picked":["Choke","Backflip"],"picked":"Adrenaline","floor":21.0},{"not_picked":["Blur","Acrobatics"],"picked":"Footwork","floor":27.0},{"not_picked":["Calculated Gamble","Blade Dance"],"picked":"Reflex","floor":28.0},{"not_picked":["PiercingWail","Eviscerate","Outmaneuver+1"],"picked":"SKIP","floor":29.0},{"not_picked":["Dagger Spray","Crippling Poison"],"picked":"Terror","floor":31.0},{"not_picked":["Accuracy+1","Backflip"],"picked":"Tactician","floor":35.0},{"not_picked":["Eviscerate","All Out Attack+1","Backflip"],"picked":"SKIP","floor":36.0},{"not_picked":["Dodge and Roll","Outmaneuver+1","Deadly Poison"],"picked":"SKIP","floor":37.0},{"not_picked":["Dodge and Roll+1","Masterful Stab+1"],"picked":"Acrobatics","floor":45},{"not_picked":["Tactician","Caltrops","Underhanded Strike"],"picked":"SKIP","floor":46},{"not_picked":["Distraction","Deadly Poison"],"picked":"Prepared+1","floor":47}],"player_experience":1694912,"relics_obtained":[{"floor":5.0,"key":"Omamori"},{"floor":9.0,"key":"Regal Pillow"},{"floor":13.0,"key":"Pen Nib"},{"floor":22.0,"key":"Red Mask"},{"floor":26.0,"key":"Sundial"},{"floor":28.0,"key":"Blood Vial"},{"floor":31.0,"key":"Bag of Marbles"},{"floor":43,"key":"Strawberry"},{"floor":45,"key":"Tough Bandages"},{"floor":47,"key":"Art of War"},{"floor":48,"key":"Bottled Tornado"}],"event_choices":[{"damage_healed":0.0,"max_hp_gain":5.0,"max_hp_loss":0.0,"gold_gain":0.0,"event_name":"Big Fish","player_choice":"Donut","floor":4.0,"gold_loss":0.0,"damage_taken":0.0},{"damage_healed":0.0,"max_hp_gain":0.0,"max_hp_loss":0.0,"gold_gain":0.0,"event_name":"Accursed Blacksmith","player_choice":"Rummage","floor":7.0,"gold_loss":0.0,"damage_taken":0.0,"relics_obtained":["WarpedTongs"],"cards_obtained":["Pain"]},{"damage_healed":0.0,"max_hp_gain":0.0,"max_hp_loss":0.0,"gold_gain":0.0,"event_name":"Masked Bandits","player_choice":"Fought Bandits","floor":22.0,"gold_loss":0.0,"damage_taken":0.0},{"damage_healed":0.0,"max_hp_gain":0.0,"max_hp_loss":0.0,"gold_gain":0.0,"event_name":"Lab","player_choice":"Got Potions","floor":24.0,"gold_loss":0.0,"damage_taken":0.0},{"damage_healed":0.0,"max_hp_gain":0.0,"max_hp_loss":0.0,"gold_gain":0.0,"event_name":"Upgrade Shrine","player_choice":"Upgraded","floor":39.0,"gold_loss":0.0,"damage_taken":0.0,"cards_upgraded":["Tactician"]}],"is_beta":false,"boss_relics":[{"not_picked":["Calling Bell","Coffee Dripper"],"picked":"Runic Pyramid"},{"not_picked":["Velvet Choker","Busted Crown"],"picked":"Empty Cage"}],"items_purged_floors":[8,20,23,38],"is_endless":false,"potions_floor_spawned":[2,13,14,18,21,28,29,33,40,46],"ascension_level":20}