{"gold_per_floor":[110,128,145,145,14,14,71,71,124,124,139,139,156,169,169,265,265,275,119,119,134,154,154,189,189,215,215,215,62,337,347,347,449,449,462,473,473,490,490],"floor_reached":39,"playtime":2574,"items_purged":["Acrobatics","Writhe"],"score":401,"play_id":"a9733a44-bc2c-417d-bcf0-d19f0ab3836b","local_time":"20190322113556","is_ascension_mode":false,"campfire_choices":[{"data":"Caltrops","floor":6.0,"key":"SMITH"},{"floor":8.0,"key":"REST"},{"data":"Poisoned Stab","floor":15.0,"key":"SMITH"},{"floor":23.0,"key":"REST"},{"floor":28.0,"key":"REST"},{"floor":32,"key":"REST"}],"neow_cost":"NONE","seed_source_timestamp":0,"circlet_count":0,"master_deck":["Defend_G+1","Defend_G+1","Defend_G+1","Defend_G+1","Defend_G+1","Strike_G+1","Strike_G+1","Strike_G+1","Strike_G+1","Strike_G+1","Survivor","Neutralize","Flying Knee","PiercingWail","A Thousand Cuts+1","Caltrops+1","Backflip","Backflip","Poisoned Stab+1","Deadly Poison","Envenom","Bane","Crippling Poison","Crippling Poison+1","Slice","Backflip+1","Flying Knee","Slice","Dagger Spray+1","Dodge and Roll+1","Die Die Die","Deadly Poison+1","Noxious Fumes+1"],"special_seed":0,"relics":["Ring of the Snake","NeowsBlessing","Tiny Chest","Lantern","Snake Skull","Runic Pyramid","Dream Catcher","Juzu Bracelet","Omamori","Sozu"],"potions_floor_usage":[33,33,39],"damage_taken":[{"damage":0.0,"enemies":"2 Louse","floor":1.0,"turns":1.0},{"damage":0.0,"enemies":"Jaw Worm","floor":2.0,"turns":1.0},{"damage":0.0,"enemies":"Cultist","floor":3.0,"turns":1.0},{"damage":29.0,"enemies":"Gremlin Nob","floor":7.0,"turns":5.0},{"damage":0.0,"enemies":"3 Louse","floor":11.0,"turns":4.0},{"damage":2.0,"enemies":"Blue Slaver","floor":13.0,"turns":4.0},{"damage":1.0,"enemies":"Lots of Slimes","floor":14.0,"turns":3.0},{"damage":27.0,"enemies":"Slime Boss","floor":16.0,"turns":9.0},{"damage":20.0,"enemies":"Shell Parasite","floor":18.0,"turns":6.0},{"damage":15.0,"enemies":"Chosen","floor":21.0,"turns":4.0},{"damage":26.0,"enemies":"Centurion and Healer","floor":22.0,"turns":7.0},{"damage":31.0,"enemies":"Slavers","floor":24.0,"turns":4.0},{"damage":9.0,"enemies":"Cultist and Chosen","floor":31.0,"turns":7.0},{"damage":32,"enemies":"Automaton","floor":33,"turns":9},{"damage":16,"enemies":"3 Darklings","floor":35,"turns":4},{"damage":2,"enemies":"3 Shapes","floor":36,"turns":3},{"damage":18,"enemies":"Jaw Worm Horde","floor":38,"turns":3},{"damage":41,"enemies":"2 Orb Walkers","floor":39,"turns":4}],"seed_played":"-517189894564576725","potions_obtained":[{"floor":7.0,"key":"Ancient Potion"},{"floor":12.0,"key":"FairyPotion"},{"floor":12.0,"key":"LiquidBronze"},{"floor":12.0,"key":"Weak Potion"},{"floor":31.0,"key":"Weak Potion"},{"floor":33,"key":"GamblersBrew"}],"is_trial":false,"path_per_floor":["M","M","M","?","$","R","E","R","T","T","M","?","M","M","R","B",null,"M","$","?","M","M","R","E","?","T","?","R","$","?","M","R","B",null,"M","M","?","M","?"],"character_chosen":"THE_SILENT","items_purchased":["Caltrops","Backflip","Crippling Poison","Slice"],"campfire_rested":4,"item_purchase_floors":[5,5,19,29],"current_hp_per_floor":[70,70,70,70,70,70,41,62,62,62,62,62,60,59,59,32,70,50,50,50,35,9,30,7,7,7,7,28,28,28,19,40,8,70,54,52,57,39,0],"gold":490,"neow_bonus":"THREE_ENEMY_KILL","is_prod":false,"is_daily":false,"chose_seed":false,"campfire_upgraded":2,"win_rate":0.0,"timestamp":1553268956,"path_taken":["M","M","M","?","$","R","E","R","T","?","M","?","?","M","R","BOSS","M","$","?","M","M","R","E","?","T","?","R","?","?","M","R","BOSS","M","M","?","M","?"],"build_version":"2019-01-23","purchased_purges":2,"victory":false,"max_hp_per_floor":[70,70,70,70,70,70,70,70,70,70,70,70,70,70,70,70,70,70,70,70,70,70,70,70,70,70,70,70,70,70,70,70,70,70,70,70,70,70,70],"card_choices":[{"not_picked":["Deflect","Outmaneuver"],"picked":"Flying Knee","floor":1.0},{"not_picked":["Endless Agony","Flying Knee"],"picked":"PiercingWail","floor":2.0},{"not_picked":["Predator","Dagger Spray"],"picked":"A Thousand Cuts","floor":3.0},{"not_picked":["Quick Slash","Predator"],"picked":"Backflip","floor":7.0},{"not_picked":["Bane","Calculated Gamble"],"picked":"Acrobatics","floor":11.0},{"not_picked":["Acrobatics","Catalyst"],"picked":"Poisoned Stab","floor":13.0},{"not_picked":["Leg Sweep","All Out Attack"],"picked":"Deadly Poison","floor":14.0},{"not_picked":["Bullet Time","Venomology"],"picked":"Envenom","floor":16.0},{"not_picked":["Flying Knee","Escape Plan+1"],"picked":"Bane","floor":18.0},{"not_picked":["Deadly Poison+1","Deflect"],"picked":"Crippling Poison+1","floor":21.0},{"not_picked":["Backflip+1","Die Die Die"],"picked":"Dodge and Roll","floor":22.0},{"not_picked":["Backflip","Escape Plan+1"],"picked":"Slice","floor":23.0},{"not_picked":["Skewer","Acrobatics"],"picked":"Backflip+1","floor":24.0},{"not_picked":["Choke","Well Laid Plans+1"],"picked":"Flying Knee","floor":28.0},{"not_picked":["Caltrops","Predator"],"picked":"Dagger Spray+1","floor":31.0},{"not_picked":["Skewer","Prepared"],"picked":"Dodge and Roll+1","floor":32},{"not_picked":["Wraith Form v2","Venomology"],"picked":"Die Die Die","floor":33},{"not_picked":["Dagger Throw","Dodge and Roll+1"],"picked":"Deadly Poison+1","floor":35},{"not_picked":["Tactician+1","Bane","Distraction"],"picked":"SKIP","floor":36},{"not_picked":["Quick Slash","Prepared+1"],"picked":"Noxious Fumes+1","floor":38}],"player_experience":26989,"relics_obtained":[{"floor":7.0,"key":"Tiny Chest"},{"floor":9.0,"key":"Lantern"},{"floor":10.0,"key":"Snake Skull"},{"floor":24.0,"key":"Juzu Bracelet"},{"floor":26.0,"key":"Omamori"}],"event_choices":[{"damage_healed":0.0,"max_hp_gain":0.0,"max_hp_loss":0.0,"gold_gain":0.0,"event_name":"Living Wall","player_choice":"Grow","floor":4.0,"gold_loss":0.0,"damage_taken":0.0,"cards_upgraded":["A Thousand Cuts"]},{"damage_healed":0.0,"max_hp_gain":0.0,"max_hp_loss":0.0,"gold_gain":0.0,"event_name":"Lab","player_choice":"Got Potions","floor":12.0,"gold_loss":0.0,"damage_taken":0.0},{"damage_healed":0.0,"max_hp_gain":0.0,"max_hp_loss":0.0,"gold_gain":0.0,"event_name":"The Mausoleum","player_choice":"Opened","floor":20.0,"gold_loss":0.0,"damage_taken":0.0,"relics_obtained":["Dream Catcher"],"cards_obtained":["Writhe"]},{"damage_healed":0.0,"max_hp_gain":0.0,"max_hp_loss":0.0,"gold_gain":0.0,"event_name":"Cursed Tome","player_choice":"Ignored","floor":25.0,"gold_loss":0.0,"damage_taken":0.0},{"damage_healed":0.0,"max_hp_gain":0.0,"max_hp_loss":0.0,"gold_gain":0.0,"event_name":"Back to Basics","player_choice":"Simplicity","floor":27.0,"gold_loss":0.0,"damage_taken":0.0,"cards_upgraded":["Defend_G","Defend_G","Defend_G","Defend_G","Defend_G","Strike_G","Strike_G","Strike_G","Strike_G","Strike_G"]},{"damage_healed":0.0,"max_hp_gain":0.0,"max_hp_loss":0.0,"gold_gain":275.0,"event_name":"Golden Shrine","player_choice":"Desecrate","floor":30.0,"gold_loss":0.0,"damage_taken":0.0,"cards_obtained":["Regret"]},{"cards_removed":["Dodge and Roll"],"damage_healed":5,"gold_gain":0,"player_choice":"Offered Common","damage_taken":0,"max_hp_gain":0,"max_hp_loss":0,"event_name":"Bonfire Elementals","floor":37,"gold_loss":0},{"cards_removed":["Dodge and Roll"],"damage_healed":5,"gold_gain":0,"player_choice":"Offered Special","damage_taken":0,"max_hp_gain":0,"max_hp_loss":0,"event_name":"Bonfire Elementals","floor":37,"gold_loss":0},{"damage_healed":0,"gold_gain":0,"player_choice":"Fight","damage_taken":0,"max_hp_gain":0,"max_hp_loss":0,"event_name":"Mysterious Sphere","floor":39,"gold_loss":0}],"is_beta":false,"boss_relics":[{"not_picked":["Busted Crown","Calling Bell"],"picked":"Runic Pyramid"},{"not_picked":["Runic Dome","Black Star"],"picked":"Sozu"}],"items_purged_floors":[19,29],"is_endless":false,"potions_floor_spawned":[7,13,14,31,33,36],"killed_by":"2 Orb Walkers","ascension_level":0}