{"gold_per_floor":[111,130,130,140,13,38,38,50,74,74,74,90,90,41,41,165,165,180,140,153,172,187,187,230,230,230,271,289,304,304,339,339,468,468,489,514,514,91,216,216,256,256,256,292,292,332,665,676,676,676],"floor_reached":51,"playtime":2300,"items_purged":["Strike_R","Strike_R"],"score":1012,"play_id":"fbd9a515-c529-4510-8b94-b39836225d52","local_time":"20190105153152","is_ascension_mode":true,"campfire_choices":[{"data":"Metallicize","floor":7,"key":"SMITH"},{"data":"Cleave","floor":11,"key":"SMITH"},{"data":"Shrug It Off","floor":13,"key":"SMITH"},{"data":"Spot Weakness","floor":15,"key":"SMITH"},{"data":"Shrug It Off","floor":23,"key":"SMITH"},{"data":"Reaper","floor":25,"key":"SMITH"},{"data":"Heavy Blade","floor":30,"key":"SMITH"},{"data":"Metallicize","floor":32,"key":"SMITH"},{"data":"Shockwave","floor":40,"key":"SMITH"},{"floor":42,"key":"RECALL"},{"data":"Offering","floor":45,"key":"SMITH"},{"data":"Demon Form","floor":49,"key":"SMITH"}],"neow_cost":"NONE","seed_source_timestamp":452915560124300,"circlet_count":0,"master_deck":["Strike_R","Strike_R","Strike_R","Defend_R+1","Defend_R","Defend_R","Defend_R","Bash","Armaments+1","Headbutt","Offering+1","Cleave+1","Metallicize+1","Spot Weakness+1","Shrug It Off+1","Reaper+1","Flex+1","Shrug It Off+1","Heavy Blade+1","Battle Trance","Metallicize+1","Offering+1","Metallicize+1","Shockwave+1","Sword Boomerang","Flame Barrier","Armaments+1","Demon Form+1"],"relics":["Burning Blood","Bronze Scales","Strawberry","Sozu","Orichalcum","Regal Pillow","Pen Nib","Nunchaku","Coffee Dripper","Bird Faced Urn","Singing Bowl","Mango","Magic Flower","Pear","Lantern","Bottled Lightning"],"potions_floor_usage":[6,24,39],"damage_taken":[{"damage":2,"enemies":"2 Louse","floor":1,"turns":4},{"damage":6,"enemies":"Jaw Worm","floor":2,"turns":5},{"damage":0,"enemies":"Small Slimes","floor":4,"turns":3},{"damage":31,"enemies":"Gremlin Nob","floor":6,"turns":4},{"damage":10,"enemies":"Red Slaver","floor":8,"turns":4},{"damage":17,"enemies":"Gremlin Gang","floor":12,"turns":3},{"damage":23,"enemies":"Hexaghost","floor":16,"turns":10},{"damage":21,"enemies":"Spheric Guardian","floor":18,"turns":4},{"damage":7,"enemies":"3 Byrds","floor":20,"turns":3},{"damage":21,"enemies":"Snake Plant","floor":21,"turns":4},{"damage":23,"enemies":"3 Cultists","floor":22,"turns":5},{"damage":28,"enemies":"Slavers","floor":24,"turns":5},{"damage":21,"enemies":"Gremlin Leader","floor":27,"turns":5},{"damage":15,"enemies":"Shelled Parasite and Fungi","floor":28,"turns":6},{"damage":6,"enemies":"Snake Plant","floor":29,"turns":2},{"damage":23,"enemies":"Slavers","floor":31,"turns":4},{"damage":36,"enemies":"Collector","floor":33,"turns":9},{"damage":13,"enemies":"Orb Walker","floor":35,"turns":3},{"damage":12,"enemies":"3 Shapes","floor":36,"turns":1},{"damage":12,"enemies":"Mind Bloom Boss Battle","floor":39,"turns":4},{"damage":22,"enemies":"Nemesis","floor":41,"turns":6},{"damage":32,"enemies":"Reptomancer","floor":44,"turns":7},{"damage":12,"enemies":"Nemesis","floor":46,"turns":3},{"damage":12,"enemies":"Transient","floor":48,"turns":5},{"damage":43,"enemies":"Time Eater","floor":50,"turns":11}],"seed_played":"2498581543093331350","potions_obtained":[{"floor":0,"key":"Fire Potion"},{"floor":0,"key":"Energy Potion"},{"floor":0,"key":"LiquidBronze"},{"floor":4,"key":"Strength Potion"},{"floor":8,"key":"Block Potion"},{"floor":16,"key":"Regen Potion"}],"is_trial":false,"path_per_floor":["M","M","?","M","$","E","R","M","T","?","R","M","R","?","R","B",null,"M","?","M","M","M","R","E","R","T","E","M","M","R","E","R","B",null,"M","M","T","$","?","R","E","R","T","E","R","E","?","M","R","B",null],"character_chosen":"IRONCLAD","items_purchased":["Cleave","Shockwave","Sword Boomerang","Singing Bowl"],"campfire_rested":0,"item_purchase_floors":[5,38,38,38],"current_hp_per_floor":[80,80,80,80,80,55,55,51,58,58,58,47,47,47,47,30,81,66,66,73,61,70,70,81,81,81,81,72,72,72,81,81,51,81,74,68,68,68,95,95,95,95,105,107,107,107,107,109,109,107],"gold":676,"neow_bonus":"THREE_SMALL_POTIONS","is_prod":false,"is_daily":false,"chose_seed":false,"campfire_upgraded":11,"win_rate":0,"timestamp":1546698712,"path_taken":["M","M","?","M","$","E","R","M","T","?","R","M","R","?","R","BOSS","M","?","?","?","M","R","E","R","T","E","M","M","R","E","R","BOSS","M","M","?","$","?","R","E","R","T","E","R","E","?","M","R","BOSS"],"build_version":"2019-01-03v4","purchased_purges":2,"victory":true,"max_hp_per_floor":[80,80,80,80,80,80,80,80,87,81,81,81,81,81,81,81,81,81,81,81,81,81,81,81,81,81,81,81,81,81,81,81,81,81,81,81,81,81,95,95,95,95,105,107,107,107,107,109,109,109],"card_choices":[{"not_picked":["Iron Wave","Twin Strike"],"picked":"Armaments","floor":1},{"not_picked":["Battle Trance","Havoc"],"picked":"Headbutt","floor":2},{"not_picked":["Body Slam","Pommel Strike"],"picked":"Offering","floor":4},{"not_picked":["True Grit","Body Slam"],"picked":"Metallicize","floor":6},{"not_picked":["Anger","Heavy Blade"],"picked":"Spot Weakness","floor":8},{"not_picked":["Clash","Uppercut"],"picked":"Shrug It Off","floor":12},{"not_picked":["Offering","Bludgeon"],"picked":"Reaper","floor":16},{"not_picked":["Warcry","Armaments+1"],"picked":"Flex+1","floor":18},{"not_picked":["Clash+1","Rupture","Bloodletting+1"],"picked":"SKIP","floor":20},{"not_picked":["Perfected Strike+1","Wild Strike"],"picked":"Shrug It Off","floor":21},{"not_picked":["Searing Blow","Warcry","Power Through"],"picked":"SKIP","floor":22},{"not_picked":["True Grit","Burning Pact","Shrug It Off"],"picked":"SKIP","floor":24},{"not_picked":["Perfected Strike","Entrench"],"picked":"Heavy Blade","floor":27},{"not_picked":["Burning Pact","Fire Breathing","Evolve"],"picked":"SKIP","floor":28},{"not_picked":["True Grit","Pommel Strike"],"picked":"Battle Trance","floor":29},{"not_picked":["Clothesline","Searing Blow"],"picked":"Metallicize","floor":31},{"not_picked":["Feed","Brutality"],"picked":"Offering","floor":33},{"not_picked":["Shrug It Off","Dropkick","Clash+1"],"picked":"SKIP","floor":35},{"not_picked":["Seeing Red","Clash+1"],"picked":"Metallicize+1","floor":36},{"not_picked":["Reckless Charge+1","Iron Wave+1"],"picked":"Flame Barrier","floor":39},{"not_picked":["Brutality","Rampage+1"],"picked":"Armaments+1","floor":41},{"not_picked":["Pommel Strike","Shrug It Off","Clothesline"],"picked":"Singing Bowl","floor":44},{"not_picked":["Rage+1","Seeing Red+1"],"picked":"Demon Form","floor":46},{"not_picked":["Body Slam","Havoc","Fire Breathing"],"picked":"Singing Bowl","floor":48}],"player_experience":336991,"relics_obtained":[{"floor":6,"key":"Bronze Scales"},{"floor":9,"key":"Strawberry"},{"floor":24,"key":"Orichalcum"},{"floor":26,"key":"Regal Pillow"},{"floor":27,"key":"Pen Nib"},{"floor":31,"key":"Nunchaku"},{"floor":37,"key":"Bird Faced Urn"},{"floor":39,"key":"Mango"},{"floor":41,"key":"Magic Flower"},{"floor":43,"key":"Pear"},{"floor":44,"key":"Lantern"},{"floor":46,"key":"Bottled Lightning"}],"event_choices":[{"damage_healed":0,"gold_gain":0,"player_choice":"Grow","damage_taken":0,"max_hp_gain":0,"max_hp_loss":0,"event_name":"Living Wall","floor":3,"gold_loss":0,"cards_upgraded":["Armaments"]},{"damage_healed":0,"gold_gain":0,"player_choice":"Lose Max HP","damage_taken":0,"relics_obtained":["Golden Idol"],"max_hp_gain":0,"max_hp_loss":6,"event_name":"Golden Idol","floor":10,"gold_loss":0},{"damage_healed":0,"gold_gain":0,"player_choice":"Left Gold","damage_taken":0,"max_hp_gain":0,"max_hp_loss":0,"event_name":"World of Goop","floor":14,"gold_loss":49},{"damage_healed":0,"gold_gain":0,"player_choice":"Upgraded Two","damage_taken":0,"max_hp_gain":0,"max_hp_loss":0,"event_name":"Designer","floor":19,"gold_loss":40,"cards_upgraded":["Offering","Defend_R"]},{"damage_healed":0,"gold_gain":0,"player_choice":"Fight","damage_taken":0,"max_hp_gain":0,"max_hp_loss":0,"event_name":"MindBloom","floor":39,"gold_loss":0},{"damage_healed":0,"gold_gain":333,"player_choice":"Gave Idol","damage_taken":0,"max_hp_gain":0,"max_hp_loss":0,"event_name":"The Moai Head","floor":47,"relics_lost":["Golden Idol"],"gold_loss":0}],"is_beta":false,"boss_relics":[{"not_picked":["Cursed Key","Runic Pyramid"],"picked":"Sozu"},{"not_picked":["Runic Dome","Fusion Hammer"],"picked":"Coffee Dripper"}],"items_purged_floors":[5,38],"is_endless":false,"potions_floor_spawned":[4,8,16,20,28,31,35,41,46],"ascension_level":3}