{"gold_per_floor":[110,110,122,136,136,174,174,215,215,215,230,244,257,296,296,419,419,432,357,357,482,25,66,89,129,154,189,213,213,227,227,227,350,350,370,370,395,411,411,450,4,39,65,80,111,124,124,124,124,124,124,124,24,58,58],"floor_reached":56,"playtime":4668,"items_purged":["Strike_G","Strike_G"],"score":1785,"play_id":"1973c0c7-2ae7-4a9c-87bb-af132dd24c5d","local_time":"20190424115909","is_ascension_mode":true,"campfire_choices":[{"data":"Terror","floor":7,"key":"SMITH"},{"data":"Neutralize","floor":10,"key":"SMITH"},{"data":"Sucker Punch","floor":15,"key":"SMITH"},{"data":"1","floor":29,"key":"LIFT"},{"data":"2","floor":32,"key":"LIFT"},{"floor":49,"key":"RECALL"},{"data":"3","floor":52,"key":"LIFT"}],"neow_cost":"NONE","seed_source_timestamp":3773030177063151,"circlet_count":0,"master_deck":["Defend_G","Defend_G","Defend_G","Defend_G","Strike_G+1","Strike_G+1","Survivor","Neutralize+1","Terror+1","Dagger Throw","All Out Attack","Dash","Sucker Punch+1","Deflect","Prepared","Heel Hook","After Image","After Image","Dash","Escape Plan","Infinite Blades","Cloak And Dagger","Good Instincts","PiercingWail","Dash","Leg Sweep","Backflip","Escape Plan","Ghostly","Ghostly","Ghostly","Ghostly","Ghostly","Malaise","Calculated Gamble+1","Tactician","Sucker Punch+1","Backstab+1","Footwork","Deflect","Infinite Blades+1","Envenom","Underhanded Strike+1","Infinite Blades+1"],"relics":["Ring of the Snake","NeowsBlessing","Golden Idol","Happy Flower","Kunai","Pen Nib","Whetstone","Runic Pyramid","Enchiridion","Bottled Tornado","Girya","Anchor","Omamori","PreservedInsect","Snake Skull","Coffee Dripper","Darkstone Periapt","Vajra","Paper Crane","Orichalcum","Toxic Egg 2","Centennial Puzzle"],"potions_floor_usage":[6,8,14,16,21,25,55,55,55,55,55],"damage_taken":[{"damage":0,"enemies":"Cultist","floor":1,"turns":1},{"damage":0,"enemies":"2 Louse","floor":3,"turns":1},{"damage":0,"enemies":"Small Slimes","floor":4,"turns":1},{"damage":18,"enemies":"3 Sentries","floor":6,"turns":7},{"damage":0,"enemies":"Lagavulin","floor":8,"turns":5},{"damage":0,"enemies":"2 Fungi Beasts","floor":11,"turns":1},{"damage":8,"enemies":"Exordium Wildlife","floor":12,"turns":4},{"damage":3,"enemies":"Blue Slaver","floor":13,"turns":2},{"damage":8,"enemies":"Gremlin Nob","floor":14,"turns":4},{"damage":13,"enemies":"Slime Boss","floor":16,"turns":5},{"damage":0,"enemies":"3 Byrds","floor":18,"turns":5},{"damage":3,"enemies":"Colosseum Slavers","floor":21,"turns":6},{"damage":5,"enemies":"Colosseum Nobs","floor":21,"turns":5},{"damage":0,"enemies":"Book of Stabbing","floor":23,"turns":5},{"damage":0,"enemies":"Shell Parasite","floor":24,"turns":5},{"damage":0,"enemies":"Slavers","floor":25,"turns":8},{"damage":0,"enemies":"Gremlin Leader","floor":27,"turns":7},{"damage":0,"enemies":"Shelled Parasite and Fungi","floor":28,"turns":5},{"damage":0,"enemies":"Snecko","floor":30,"turns":6},{"damage":0,"enemies":"Champ","floor":33,"turns":15},{"damage":0,"enemies":"3 Darklings","floor":35,"turns":6},{"damage":0,"enemies":"3 Shapes","floor":37,"turns":3},{"damage":0,"enemies":"Jaw Worm Horde","floor":38,"turns":5},{"damage":0,"enemies":"Reptomancer","floor":40,"turns":6},{"damage":0,"enemies":"Giant Head","floor":42,"turns":8},{"damage":0,"enemies":"Spire Growth","floor":44,"turns":5},{"damage":0,"enemies":"Nemesis","floor":45,"turns":5},{"damage":0,"enemies":"Sphere and 2 Shapes","floor":46,"turns":3},{"damage":0,"enemies":"Awakened One","floor":50,"turns":13},{"damage":0,"enemies":"Shield and Spear","floor":54,"turns":5},{"damage":0,"enemies":"The Heart","floor":55,"turns":10}],"seed_played":"-853558516445837650","potions_obtained":[{"floor":1,"key":"Energy Potion"},{"floor":6,"key":"AttackPotion"},{"floor":8,"key":"AttackPotion"},{"floor":13,"key":"AttackPotion"},{"floor":16,"key":"Energy Potion"},{"floor":24,"key":"SpeedPotion"},{"floor":25,"key":"Energy Potion"},{"floor":33,"key":"Explosive Potion"},{"floor":38,"key":"EssenceOfSteel"},{"floor":54,"key":"EntropicBrew"}],"is_trial":false,"path_per_floor":["M","?","M","M","?","E","R","E","T","R","M","M","M","E","R","B",null,"M","?","?","?","$","E","M","E","T","E","M","R","M","?","R","B",null,"M","?","M","M","?","E","$","E","T","M","E","M","?","?","R","B",null,"R","$","E","B",null],"character_chosen":"THE_SILENT","items_purchased":["Infinite Blades","Anchor","Regen Potion","Cloak And Dagger","Good Instincts","Dexterity Potion","Footwork","Vajra","Deflect","Dexterity Potion","Ancient Potion"],"campfire_rested":0,"item_purchase_floors":[22,22,22,22,22,22,41,41,41,41,41],"current_hp_per_floor":[70,70,70,70,65,47,47,47,47,47,47,39,36,28,28,15,65,65,65,49,41,41,41,41,41,41,41,41,41,41,32,32,32,32,32,30,30,30,30,30,30,30,30,30,30,30,30,30,30,30,30,30,30,30,30],"gold":58,"neow_bonus":"THREE_ENEMY_KILL","is_prod":false,"is_daily":false,"chose_seed":false,"campfire_upgraded":3,"win_rate":0,"timestamp":1556121549,"path_taken":["M","?","?","M","?","E","R","E","T","R","M","M","M","E","R","BOSS","M","?","?","?","$","E","M","E","T","E","M","R","?","?","R","BOSS","M","?","M","M","?","E","$","E","T","M","E","?","?","?","R","BOSS","R","$","E","BOSS"],"build_version":"2019-04-23","purchased_purges":2,"victory":true,"max_hp_per_floor":[70,70,70,70,65,65,65,65,65,65,65,65,65,65,65,65,65,65,65,65,65,65,65,65,65,65,65,65,65,65,32,32,32,32,32,30,30,30,30,30,30,30,30,30,30,30,30,30,30,30,30,30,30,30,30],"card_choices":[{"not_picked":["Bane","Prepared"],"picked":"Terror","floor":1},{"not_picked":["Accuracy","Slice"],"picked":"Dagger Throw","floor":3},{"not_picked":["Deadly Poison","Backflip"],"picked":"All Out Attack","floor":4},{"not_picked":["Escape Plan","Skewer"],"picked":"Dash","floor":6},{"not_picked":["Storm of Steel","Slice"],"picked":"Sucker Punch","floor":8},{"not_picked":["Slice","Bane"],"picked":"Deflect","floor":11},{"not_picked":["Eviscerate","Choke"],"picked":"Prepared","floor":12},{"not_picked":["Eviscerate","Flying Knee"],"picked":"Heel Hook","floor":13},{"not_picked":["Well Laid Plans","Terror"],"picked":"After Image","floor":14},{"not_picked":["Wraith Form v2","Tools of the Trade"],"picked":"After Image","floor":16},{"not_picked":["Deflect","Well Laid Plans"],"picked":"Dash","floor":18},{"not_picked":["Crippling Poison","Bouncing Flask"],"picked":"Escape Plan","floor":21},{"not_picked":["Dodge and Roll","Underhanded Strike"],"picked":"PiercingWail","floor":23},{"not_picked":["Reflex","Catalyst"],"picked":"Dash","floor":24},{"not_picked":["Eviscerate+1","Prepared+1"],"picked":"Leg Sweep","floor":25},{"not_picked":["Deadly Poison","Bane","Wraith Form v2"],"picked":"SKIP","floor":27},{"not_picked":["Reflex","Choke"],"picked":"Backflip","floor":28},{"not_picked":["Quick Slash","Skewer"],"picked":"Escape Plan","floor":30},{"not_picked":["Storm of Steel","Phantasmal Killer"],"picked":"Malaise","floor":33},{"not_picked":["Deflect","Cloak And Dagger"],"picked":"Calculated Gamble+1","floor":35},{"not_picked":["Crippling Poison","Quick Slash"],"picked":"Tactician","floor":37},{"not_picked":["Dagger Throw+1","Bouncing Flask+1"],"picked":"Sucker Punch+1","floor":38},{"not_picked":["Terror","Acrobatics+1"],"picked":"Backstab+1","floor":40},{"not_picked":["Dodge and Roll","Terror"],"picked":"Infinite Blades+1","floor":42},{"not_picked":["All Out Attack","PiercingWail","Sucker Punch"],"picked":"SKIP","floor":44},{"not_picked":["After Image","Dodge and Roll"],"picked":"Envenom","floor":45},{"not_picked":["PiercingWail+1","Outmaneuver+1"],"picked":"Underhanded Strike+1","floor":46},{"not_picked":["Riddle With Holes+1","Deflect+1"],"picked":"Infinite Blades+1","floor":54}],"player_experience":5471367,"relics_obtained":[{"floor":6,"key":"Happy Flower"},{"floor":8,"key":"Kunai"},{"floor":9,"key":"Pen Nib"},{"floor":14,"key":"Whetstone"},{"floor":20,"key":"Enchiridion"},{"floor":21,"key":"Bottled Tornado"},{"floor":21,"key":"Girya"},{"floor":23,"key":"Omamori"},{"floor":25,"key":"PreservedInsect"},{"floor":27,"key":"Snake Skull"},{"floor":40,"key":"Darkstone Periapt"},{"floor":42,"key":"Paper Crane"},{"floor":43,"key":"Orichalcum"},{"floor":45,"key":"Toxic Egg 2"},{"floor":54,"key":"Centennial Puzzle"}],"event_choices":[{"cards_removed":["Defend_G"],"damage_healed":0,"gold_gain":0,"player_choice":"Purged","damage_taken":0,"max_hp_gain":0,"max_hp_loss":0,"event_name":"Purifier","floor":2,"gold_loss":0},{"damage_healed":0,"gold_gain":0,"player_choice":"Lose Max HP","damage_taken":0,"relics_obtained":["Golden Idol"],"max_hp_gain":0,"max_hp_loss":5,"event_name":"Golden Idol","floor":5,"gold_loss":0},{"cards_removed":["Strike_G"],"damage_healed":0,"gold_gain":0,"player_choice":"Gave Gold","damage_taken":0,"max_hp_gain":0,"max_hp_loss":0,"event_name":"Beggar","floor":19,"gold_loss":75},{"damage_healed":0,"gold_gain":0,"player_choice":"Obtained Book","damage_taken":16,"max_hp_gain":0,"max_hp_loss":0,"event_name":"Cursed Tome","floor":20,"gold_loss":0},{"damage_healed":0,"gold_gain":0,"player_choice":"Fight","damage_taken":0,"max_hp_gain":0,"max_hp_loss":0,"event_name":"Colosseum","floor":21,"gold_loss":0},{"damage_healed":0,"gold_gain":0,"player_choice":"Fought Nobs","damage_taken":0,"max_hp_gain":0,"max_hp_loss":0,"event_name":"Colosseum","floor":21,"gold_loss":0},{"damage_healed":0,"gold_gain":0,"player_choice":"Became a Ghost","damage_taken":0,"max_hp_gain":0,"max_hp_loss":33,"event_name":"Ghosts","floor":31,"gold_loss":0,"cards_obtained":["Ghostly","Ghostly","Ghostly","Ghostly","Ghostly"]},{"damage_healed":0,"gold_gain":0,"player_choice":"Max HP","damage_taken":0,"max_hp_gain":0,"max_hp_loss":2,"event_name":"Winding Halls","floor":36,"gold_loss":0},{"damage_healed":0,"gold_gain":0,"player_choice":"1 cards matched","damage_taken":0,"max_hp_gain":0,"max_hp_loss":0,"event_name":"Match and Keep!","floor":39,"gold_loss":0,"cards_obtained":["Swift Strike"]},{"cards_removed":["Swift Strike"],"damage_healed":0,"gold_gain":0,"player_choice":"Removed Attack","damage_taken":0,"max_hp_gain":0,"max_hp_loss":0,"event_name":"Falling","floor":47,"gold_loss":0},{"damage_healed":0,"gold_gain":0,"player_choice":"Ignored","damage_taken":0,"max_hp_gain":0,"max_hp_loss":0,"event_name":"Tomb of Lord Red Mask","floor":48,"gold_loss":0}],"is_beta":true,"boss_relics":[{"not_picked":["Empty Cage","Astrolabe"],"picked":"Runic Pyramid"},{"not_picked":["Cursed Key","Sozu"],"picked":"Coffee Dripper"}],"items_purged_floors":[41,53],"is_endless":false,"potions_floor_spawned":[1,6,8,13,16,21,24,25,27,33,37,38,42,45,54],"ascension_level":1}