{"gold_per_floor":[116,7,7,19,38,38,65,85,140,168,168,201,218,232,232,335,335,325,344,185,196,111,111,127,144,144,144,144],"floor_reached":28,"playtime":1306,"items_purged":[],"score":266,"play_id":"08709cd2-e0c5-4b81-916f-ab409228de64","local_time":"20190424124542","is_ascension_mode":true,"campfire_choices":[{"data":"Footwork","floor":6,"key":"SMITH"},{"floor":11,"key":"REST"},{"floor":15,"key":"REST"},{"floor":23,"key":"REST"}],"neow_cost":"NONE","seed_source_timestamp":1028662345671400,"circlet_count":0,"master_deck":["Defend_G","Defend_G","Defend_G","Defend_G","Defend_G","Strike_G","Strike_G","Strike_G","Strike_G","Strike_G","Survivor","Neutralize","Dodge and Roll","Blur","Flechettes","Leg Sweep","Footwork+1","Infinite Blades+1","Skewer","Crippling Poison","Deflect","Backflip","A Thousand Cuts+1","A Thousand Cuts+1","Distraction","Noxious Fumes+1","Good Instincts","Skewer","Dagger Spray+1"],"relics":["Ring of the Snake","NeowsBlessing","Frozen Egg 2","Ancient Tea Set","Bottled Lightning","WristBlade","Centennial Puzzle","Mercury Hourglass"],"potions_floor_usage":[7,7,13,18,18,18,21,21],"damage_taken":[{"damage":0,"enemies":"Small Slimes","floor":1,"turns":1},{"damage":0,"enemies":"Cultist","floor":4,"turns":1},{"damage":0,"enemies":"2 Louse","floor":5,"turns":1},{"damage":39,"enemies":"Gremlin Nob","floor":7,"turns":9},{"damage":2,"enemies":"Exordium Wildlife","floor":8,"turns":4},{"damage":13,"enemies":"Lagavulin","floor":10,"turns":10},{"damage":12,"enemies":"3 Sentries","floor":12,"turns":11},{"damage":2,"enemies":"Looter","floor":13,"turns":4},{"damage":1,"enemies":"2 Fungi Beasts","floor":14,"turns":4},{"damage":22,"enemies":"The Guardian","floor":16,"turns":12},{"damage":7,"enemies":"2 Thieves","floor":18,"turns":4},{"damage":18,"enemies":"Spheric Guardian","floor":19,"turns":4},{"damage":40,"enemies":"Shelled Parasite and Fungi","floor":21,"turns":5},{"damage":2,"enemies":"3 Cultists","floor":24,"turns":4},{"damage":10,"enemies":"Snake Plant","floor":25,"turns":5},{"damage":27,"enemies":"Centurion and Healer","floor":28,"turns":3}],"seed_played":"4314193499835264258","potions_obtained":[{"floor":1,"key":"EssenceOfSteel"},{"floor":3,"key":"Poison Potion"},{"floor":3,"key":"EssenceOfSteel"},{"floor":3,"key":"Explosive Potion"},{"floor":10,"key":"Swift Potion"},{"floor":12,"key":"PowerPotion"},{"floor":16,"key":"Energy Potion"},{"floor":18,"key":"EssenceOfSteel"},{"floor":19,"key":"Strength Potion"},{"floor":24,"key":"SteroidPotion"}],"is_trial":false,"path_per_floor":["M","$","?","M","M","R","E","M","T","E","R","E","M","M","R","B",null,"M","M","$","M","?","R","M","M","T","?","M"],"character_chosen":"THE_SILENT","items_purchased":["Blur","Flechettes","Noxious Fumes+1","Good Instincts"],"campfire_rested":3,"item_purchase_floors":[2,2,20,20],"current_hp_per_floor":[70,70,70,70,70,70,31,29,29,16,37,25,23,22,43,21,70,63,45,45,5,5,26,24,14,14,14,0],"gold":144,"neow_bonus":"THREE_ENEMY_KILL","is_prod":false,"is_daily":false,"chose_seed":false,"campfire_upgraded":1,"win_rate":0,"timestamp":1556124342,"path_taken":["M","$","?","?","M","R","E","M","T","E","R","E","M","M","R","BOSS","M","M","$","M","?","R","M","M","T","?","?"],"build_version":"2019-01-23","purchased_purges":0,"victory":false,"max_hp_per_floor":[70,70,70,70,70,70,70,70,70,70,70,70,70,70,70,70,70,70,70,70,70,70,70,70,70,70,70,70],"card_choices":[{"not_picked":["Bouncing Flask","Tactician"],"picked":"Dodge and Roll","floor":1},{"not_picked":["Poisoned Stab","Blade Dance"],"picked":"Leg Sweep","floor":4},{"not_picked":["Eviscerate","Underhanded Strike"],"picked":"Footwork","floor":5},{"not_picked":["Slice","PiercingWail"],"picked":"Infinite Blades","floor":7},{"not_picked":["Finisher","Backflip"],"picked":"Skewer","floor":8},{"not_picked":["Flechettes","Sucker Punch"],"picked":"Crippling Poison","floor":10},{"not_picked":["Quick Slash","Acrobatics"],"picked":"Deflect","floor":12},{"not_picked":["Escape Plan","Blade Dance"],"picked":"Backflip","floor":13},{"not_picked":["Prepared","Blade Dance"],"picked":"A Thousand Cuts+1","floor":14},{"not_picked":["Wraith Form v2+1","Doppelganger"],"picked":"A Thousand Cuts+1","floor":16},{"not_picked":["Choke","Concentrate+1"],"picked":"Distraction","floor":18},{"not_picked":["Underhanded Strike","Dash","Endless Agony"],"picked":"SKIP","floor":19},{"not_picked":["Concentrate+1","Heel Hook"],"picked":"Skewer","floor":21},{"not_picked":["Endless Agony","Sucker Punch","Quick Slash"],"picked":"SKIP","floor":24},{"not_picked":["Acrobatics+1","Prepared+1"],"picked":"Dagger Spray+1","floor":25}],"player_experience":108311,"relics_obtained":[{"floor":7,"key":"Frozen Egg 2"},{"floor":10,"key":"Ancient Tea Set"},{"floor":12,"key":"Bottled Lightning"},{"floor":26,"key":"Mercury Hourglass"}],"event_choices":[{"damage_healed":0,"gold_gain":0,"player_choice":"Got Potions","damage_taken":0,"max_hp_gain":0,"max_hp_loss":0,"event_name":"Lab","floor":3,"gold_loss":0},{"damage_healed":0,"gold_gain":0,"player_choice":"Obtained Relic","damage_taken":0,"relics_obtained":["Centennial Puzzle"],"max_hp_gain":0,"max_hp_loss":0,"event_name":"Addict","floor":22,"gold_loss":85},{"damage_healed":0,"gold_gain":0,"player_choice":"Ignored","damage_taken":0,"max_hp_gain":0,"max_hp_loss":0,"event_name":"Cursed Tome","floor":27,"gold_loss":0}],"is_beta":false,"boss_relics":[{"not_picked":["HoveringKite","Snecko Eye"],"picked":"WristBlade"}],"items_purged_floors":[],"is_endless":false,"potions_floor_spawned":[1,10,12,16,18,19,24],"killed_by":"Centurion and Healer","ascension_level":2}