{"gold_per_floor":[118,14,14,30,47,47,76,76,127,127,157,177,22,40,40,40],"floor_reached":16,"playtime":536,"items_purged":["Injury","Strike_R"],"score":194,"play_id":"e577df5b-3ecb-4e62-9867-bba529bd18aa","local_time":"20190417150032","is_ascension_mode":true,"campfire_choices":[{"data":"Shockwave","floor":6,"key":"SMITH"},{"floor":8,"key":"REST"},{"data":"Uppercut","floor":10,"key":"SMITH"},{"floor":15,"key":"REST"}],"neow_cost":"CURSE","seed_source_timestamp":522630103879752,"circlet_count":0,"master_deck":["AscendersBane","Strike_R","Defend_R","Defend_R","Defend_R","Defend_R","Bash","Cleave","Metallicize","Intimidate","Clothesline","Shockwave+1","Uppercut+1","Clothesline","Bloodletting","Flame Barrier","Shrug It Off","Shrug It Off"],"relics":["Burning Blood","Bronze Scales","Frozen Egg 2","Odd Mushroom"],"potions_floor_usage":[11,16],"damage_taken":[{"damage":5,"enemies":"Small Slimes","floor":1,"turns":4},{"damage":2,"enemies":"Cultist","floor":4,"turns":5},{"damage":10,"enemies":"2 Louse","floor":5,"turns":3},{"damage":36,"enemies":"Gremlin Nob","floor":7,"turns":6},{"damage":28,"enemies":"Lagavulin","floor":11,"turns":10},{"damage":34,"enemies":"The Mushroom Lair","floor":12,"turns":4},{"damage":0,"enemies":"Exordium Wildlife","floor":14,"turns":4},{"damage":52,"enemies":"Hexaghost","floor":16,"turns":14}],"seed_played":"2328097231847861577","potions_obtained":[{"floor":4,"key":"Dexterity Potion"},{"floor":7,"key":"FairyPotion"},{"floor":11,"key":"GamblersBrew"}],"is_trial":false,"path_per_floor":["M","$","?","M","M","R","E","R","T","R","E","?","$","M","R","B"],"character_chosen":"IRONCLAD","items_purchased":["Clothesline","Shrug It Off"],"campfire_rested":2,"item_purchase_floors":[2,13],"current_hp_per_floor":[69,69,69,73,69,69,39,61,61,61,39,11,11,17,39,0],"gold":40,"neow_bonus":"TRANSFORM_TWO_CARDS","is_prod":false,"is_daily":false,"chose_seed":false,"campfire_upgraded":2,"win_rate":0,"timestamp":1555524032,"path_taken":["M","$","?","?","M","R","E","R","T","R","E","?","$","M","R","BOSS"],"build_version":"2019-01-23","purchased_purges":2,"victory":false,"max_hp_per_floor":[75,75,75,75,75,75,75,75,75,75,75,75,75,75,75,75],"card_choices":[{"not_picked":["Perfected Strike","Dropkick"],"picked":"Intimidate","floor":1},{"not_picked":["True Grit","Shrug It Off"],"picked":"Shockwave","floor":4},{"not_picked":["Fire Breathing","Pommel Strike"],"picked":"Uppercut","floor":5},{"not_picked":["Warcry","Twin Strike"],"picked":"Clothesline","floor":7},{"not_picked":["Combust","Dual Wield"],"picked":"Bloodletting","floor":11},{"not_picked":["Thunderclap","Power Through"],"picked":"Flame Barrier","floor":12},{"not_picked":["Evolve+1","Warcry"],"picked":"Shrug It Off","floor":14}],"player_experience":1151257,"relics_obtained":[{"floor":7,"key":"Bronze Scales"},{"floor":11,"key":"Frozen Egg 2"},{"floor":12,"key":"Odd Mushroom"}],"event_choices":[{"cards_removed":["Strike_R"],"damage_healed":0,"gold_gain":0,"player_choice":"Offered Basic","damage_taken":0,"max_hp_gain":0,"max_hp_loss":0,"event_name":"Bonfire Elementals","floor":3,"gold_loss":0},{"damage_healed":0,"gold_gain":0,"player_choice":"Fought Mushrooms","damage_taken":0,"max_hp_gain":0,"max_hp_loss":0,"event_name":"Mushrooms","floor":12,"gold_loss":0}],"is_beta":false,"boss_relics":[],"items_purged_floors":[2,13],"is_endless":false,"potions_floor_spawned":[4,7,11,12],"killed_by":"Hexaghost","ascension_level":16}