{"gold_per_floor":[118,134,148,159,130,130,157,157,157,107,176,40,75,75],"floor_reached":14,"playtime":930,"items_purged":["Strike_R","Strike_R"],"score":196,"play_id":"75a7f4ea-f64d-4197-b5b8-cbe8d7c88aad","local_time":"20190408161134","is_ascension_mode":true,"campfire_choices":[{"data":"Bash","floor":6,"key":"SMITH"},{"data":"Metallicize","floor":8,"key":"SMITH"}],"neow_cost":"NONE","seed_source_timestamp":89789190773106,"circlet_count":0,"master_deck":["AscendersBane","Strike_R","Strike_R","Strike_R","Defend_R","Defend_R","Defend_R","Defend_R","Bash+1","Twin Strike","Inflame","Shrug It Off","Metallicize+1","Uppercut","Feel No Pain+1"],"relics":["Burning Blood","Smiling Mask","Matryoshka","Frozen Egg 2"],"potions_floor_usage":[13,14],"damage_taken":[{"damage":7,"enemies":"Jaw Worm","floor":1,"turns":3},{"damage":7,"enemies":"Small Slimes","floor":2,"turns":4},{"damage":1,"enemies":"2 Louse","floor":3,"turns":2},{"damage":26,"enemies":"Large Slime","floor":4,"turns":6},{"damage":38,"enemies":"Lagavulin","floor":7,"turns":8},{"damage":18,"enemies":"Gremlin Nob","floor":13,"turns":4},{"damage":25,"enemies":"Lagavulin Event","floor":14,"turns":5}],"seed_played":"-4022398033645449660","potions_obtained":[{"floor":3,"key":"GamblersBrew"},{"floor":4,"key":"GamblersBrew"},{"floor":7,"key":"Regen Potion"}],"is_trial":false,"path_per_floor":["M","M","M","M","$","R","E","R","T","$","?","$","E","?"],"character_chosen":"IRONCLAD","items_purchased":["Shrug It Off","Uppercut"],"campfire_rested":0,"item_purchase_floors":[5,12],"current_hp_per_floor":[67,66,71,51,51,51,19,19,19,19,19,19,19,0],"gold":75,"neow_bonus":"THREE_CARDS","is_prod":false,"is_daily":false,"chose_seed":false,"campfire_upgraded":2,"win_rate":0,"timestamp":1554754294,"path_taken":["M","M","M","M","$","R","E","R","T","$","?","$","E","?"],"build_version":"2019-01-23","purchased_purges":2,"victory":false,"max_hp_per_floor":[75,75,75,75,75,75,75,75,75,75,75,75,75,75],"card_choices":[{"not_picked":["Reckless Charge","Dual Wield"],"picked":"Twin Strike","floor":0},{"not_picked":["Perfected Strike","Pummel","Cleave"],"picked":"SKIP","floor":1},{"not_picked":["Flex","Thunderclap","Pummel"],"picked":"SKIP","floor":2},{"not_picked":["Burning Pact","Sword Boomerang","Rage"],"picked":"SKIP","floor":3},{"not_picked":["Exhume","Pommel Strike"],"picked":"Inflame","floor":4},{"not_picked":["Perfected Strike","Barricade"],"picked":"Metallicize","floor":7},{"not_picked":["Flame Barrier","Iron Wave"],"picked":"Feel No Pain","floor":13}],"player_experience":1243689,"relics_obtained":[{"floor":7,"key":"Smiling Mask"},{"floor":9,"key":"Matryoshka"},{"floor":13,"key":"Frozen Egg 2"}],"event_choices":[{"damage_healed":0,"gold_gain":69,"player_choice":"Gained Gold","damage_taken":0,"max_hp_gain":0,"max_hp_loss":0,"event_name":"Golden Wing","floor":11,"gold_loss":0},{"damage_healed":0,"gold_gain":0,"player_choice":"Searched \u00271\u0027 times","damage_taken":0,"max_hp_gain":0,"max_hp_loss":0,"event_name":"Dead Adventurer","floor":14,"gold_loss":0}],"is_beta":false,"boss_relics":[],"items_purged_floors":[10,12],"is_endless":false,"potions_floor_spawned":[3,4,7],"killed_by":"Lagavulin Event","ascension_level":20}