{"gold_per_floor":[113,113,113,133,98,98,125,125,180,180,190,190,216,228,228,228],"floor_reached":16,"playtime":430,"items_purged":[],"score":184,"play_id":"917e4156-83b6-439f-b0a6-86b7e32d54ed","local_time":"20190425004503","is_ascension_mode":true,"campfire_choices":[{"data":"Poisoned Stab","floor":6,"key":"SMITH"},{"floor":8,"key":"REST"},{"data":"Unload","floor":10,"key":"SMITH"},{"floor":12,"key":"REST"},{"floor":15,"key":"REST"}],"neow_cost":"NONE","seed_source_timestamp":1162650123938821,"circlet_count":0,"master_deck":["AscendersBane","Defend_G","Defend_G","Defend_G","Defend_G","Defend_G+1","Strike_G","Strike_G","Strike_G","Strike_G","Strike_G+1","Survivor","Neutralize","Poisoned Stab+1","Unload+1","Acrobatics","Backflip","PiercingWail"],"relics":["Ring of the Snake","Juzu Bracelet","Question Card","Mercury Hourglass","Bag of Preparation","Bottled Flame"],"potions_floor_usage":[16],"damage_taken":[{"damage":16,"enemies":"Jaw Worm","floor":1,"turns":10},{"damage":12,"enemies":"Small Slimes","floor":4,"turns":4},{"damage":28,"enemies":"Gremlin Nob","floor":7,"turns":5},{"damage":0,"enemies":"2 Louse","floor":11,"turns":1},{"damage":26,"enemies":"Lagavulin","floor":13,"turns":6},{"damage":0,"enemies":"2 Fungi Beasts","floor":14,"turns":2},{"damage":52,"enemies":"Slime Boss","floor":16,"turns":9}],"seed_played":"-3902692818571106794","potions_obtained":[{"floor":7,"key":"GamblersBrew"},{"floor":13,"key":"Regen Potion"}],"is_trial":false,"path_per_floor":["M","?","?","M","?","R","E","R","T","R","M","R","E","M","R","B"],"character_chosen":"THE_SILENT","items_purchased":[],"campfire_rested":3,"item_purchase_floors":[],"current_hp_per_floor":[43,40,27,15,31,31,3,22,22,22,22,41,15,15,34,0],"gold":228,"neow_bonus":"RANDOM_COMMON_RELIC","is_prod":false,"is_daily":false,"chose_seed":false,"campfire_upgraded":2,"win_rate":0,"timestamp":1556163903,"path_taken":["M","?","?","M","?","R","E","R","T","R","M","R","E","M","R","BOSS"],"build_version":"2019-01-23","purchased_purges":0,"victory":false,"max_hp_per_floor":[66,66,66,66,66,66,66,66,66,66,66,66,66,66,66,66],"card_choices":[{"not_picked":["Outmaneuver","Bane","Choke"],"picked":"SKIP","floor":1},{"not_picked":["Outmaneuver","Escape Plan","Blade Dance"],"picked":"Poisoned Stab","floor":4},{"not_picked":["Backflip","Underhanded Strike","Dagger Throw"],"picked":"Unload","floor":7},{"not_picked":["Finisher","Quick Slash","Prepared"],"picked":"Acrobatics","floor":11},{"not_picked":["Distraction","Cloak And Dagger","Dagger Spray"],"picked":"Backflip","floor":13},{"not_picked":["Dagger Throw","Prepared","Heel Hook"],"picked":"PiercingWail","floor":14}],"player_experience":1216392,"relics_obtained":[{"floor":7,"key":"Mercury Hourglass"},{"floor":9,"key":"Bag of Preparation"},{"floor":13,"key":"Bottled Flame"}],"event_choices":[{"damage_healed":0,"gold_gain":0,"player_choice":"Success","damage_taken":3,"relics_obtained":["Question Card"],"max_hp_gain":0,"max_hp_loss":0,"event_name":"Scrap Ooze","floor":2,"gold_loss":0},{"damage_healed":0,"gold_gain":0,"player_choice":"Entered Light","damage_taken":13,"max_hp_gain":0,"max_hp_loss":0,"event_name":"Shining Light","floor":3,"gold_loss":0,"cards_upgraded":["Strike_G","Defend_G"]},{"damage_healed":16,"gold_gain":0,"player_choice":"Healed","damage_taken":0,"max_hp_gain":0,"max_hp_loss":0,"event_name":"The Cleric","floor":5,"gold_loss":35}],"is_beta":false,"boss_relics":[],"items_purged_floors":[],"is_endless":false,"potions_floor_spawned":[7,13],"killed_by":"Slime Boss","ascension_level":14}