{"gold_per_floor":[118,134,209,179,194,194,220,239,239,239,265,265,275,291,291,389,389,411,91,6,6],"floor_reached":21,"playtime":550,"items_purged":["Normality"],"score":280,"play_id":"86b25b04-ae77-44a4-8cc2-ec5daccf3ddd","local_time":"20190207014432","is_ascension_mode":true,"campfire_choices":[{"data":"Armaments","floor":6,"key":"SMITH"},{"data":"Impervious","floor":10,"key":"SMITH"},{"data":"Thunderclap","floor":12,"key":"SMITH"},{"data":"Rage","floor":15,"key":"SMITH"}],"neow_cost":"NONE","seed_source_timestamp":113684786983384,"circlet_count":0,"master_deck":["Strike_R","Strike_R","Strike_R","Strike_R","Strike_R","Defend_R","Defend_R","Defend_R","Defend_R","Bash","Flex","Impervious+1","Armaments+1","Flex","Thunderclap+1","Rampage","Rage+1","Berserk","Normality","Regret","Body Slam+1","Rampage+1","Mayhem"],"relics":["Burning Blood","NeowsBlessing","Boot","Red Skull","Pear","Calling Bell","MawBank","Molten Egg 2","Mango","Blood Vial"],"potions_floor_usage":[7,7,11,13,16,16],"damage_taken":[{"damage":0,"enemies":"2 Louse","floor":1,"turns":1},{"damage":0,"enemies":"Jaw Worm","floor":2,"turns":1},{"damage":0,"enemies":"Cultist","floor":5,"turns":1},{"damage":48,"enemies":"Gremlin Nob","floor":7,"turns":4},{"damage":15,"enemies":"Looter","floor":8,"turns":4},{"damage":20,"enemies":"3 Sentries","floor":11,"turns":8},{"damage":10,"enemies":"2 Fungi Beasts","floor":13,"turns":3},{"damage":8,"enemies":"3 Louse","floor":14,"turns":4},{"damage":35,"enemies":"Hexaghost","floor":16,"turns":11},{"damage":83,"enemies":"Shell Parasite","floor":18,"turns":9},{"damage":11,"enemies":"Spheric Guardian","floor":21,"turns":2}],"seed_played":"-4342350514997509721","potions_obtained":[{"floor":2,"key":"Strength Potion"},{"floor":4,"key":"PowerPotion"},{"floor":4,"key":"Swift Potion"},{"floor":7,"key":"Explosive Potion"},{"floor":11,"key":"BloodPotion"},{"floor":14,"key":"Regen Potion"}],"is_trial":false,"path_per_floor":["M","M","?","?","M","R","E","M","T","R","E","R","M","M","R","B",null,"M","$","?","M"],"character_chosen":"IRONCLAD","items_purchased":["Rampage+1","Mayhem"],"campfire_rested":0,"item_purchase_floors":[19,19],"current_hp_per_floor":[78,80,69,69,75,75,33,24,24,24,20,20,25,23,23,9,84,7,7,7,0],"gold":6,"neow_bonus":"THREE_ENEMY_KILL","is_prod":false,"is_daily":false,"chose_seed":false,"campfire_upgraded":4,"win_rate":0,"timestamp":1549514672,"path_taken":["M","M","?","?","M","R","E","?","T","R","E","R","M","M","R","BOSS","M","$","?","M"],"build_version":"2019-01-23","purchased_purges":1,"victory":false,"max_hp_per_floor":[80,80,80,80,80,80,80,80,80,80,90,90,90,90,90,90,104,104,104,104,104],"card_choices":[{"not_picked":["Twin Strike","Shrug It Off"],"picked":"Flex","floor":1},{"not_picked":["Warcry","Intimidate"],"picked":"Impervious","floor":2},{"not_picked":["Reckless Charge","Rupture"],"picked":"Armaments","floor":5},{"not_picked":["Wild Strike","Pommel Strike","Searing Blow"],"picked":"SKIP","floor":7},{"not_picked":["Iron Wave","Pummel"],"picked":"Flex","floor":8},{"not_picked":["Hemokinesis","Flame Barrier"],"picked":"Thunderclap","floor":11},{"not_picked":["Dropkick","Clothesline"],"picked":"Rampage","floor":13},{"not_picked":["Thunderclap","Second Wind"],"picked":"Rage","floor":14},{"not_picked":["Double Tap","Barricade"],"picked":"Berserk","floor":16},{"not_picked":["Hemokinesis+1","Warcry+1"],"picked":"Body Slam+1","floor":18}],"player_experience":732780,"relics_obtained":[{"floor":7,"key":"Boot"},{"floor":9,"key":"Red Skull"},{"floor":11,"key":"Pear"},{"floor":17,"key":"MawBank"},{"floor":17,"key":"Molten Egg 2"},{"floor":17,"key":"Mango"}],"event_choices":[{"damage_healed":0,"gold_gain":75,"player_choice":"Gather Gold","damage_taken":11,"max_hp_gain":0,"max_hp_loss":0,"event_name":"World of Goop","floor":3,"gold_loss":0},{"damage_healed":0,"gold_gain":0,"player_choice":"Bought 2 Potions","damage_taken":0,"max_hp_gain":0,"max_hp_loss":0,"event_name":"The Woman in Blue","floor":4,"gold_loss":0},{"damage_healed":0,"gold_gain":0,"player_choice":"Obtained Relic","damage_taken":0,"relics_obtained":["Blood Vial"],"max_hp_gain":0,"max_hp_loss":0,"event_name":"Addict","floor":20,"gold_loss":85}],"is_beta":false,"boss_relics":[{"not_picked":["Empty Cage","Tiny House"],"picked":"Calling Bell"}],"items_purged_floors":[19],"is_endless":false,"potions_floor_spawned":[2,5,7,11,14],"killed_by":"Spheric Guardian","ascension_level":7}