{"gold_per_floor":[113,288,308,308,324,356,356,367,444,225,239,268,284,14,14,109,109,125,125,141,153,153],"floor_reached":22,"playtime":1102,"items_purged":[],"score":256,"play_id":"9eb77479-483b-4eb8-8b99-5989d30de884","local_time":"20180808030105","is_ascension_mode":true,"campfire_choices":[{"floor":7,"key":"REST"},{"floor":15,"key":"REST"}],"neow_cost":"NONE","seed_source_timestamp":927671320067167,"circlet_count":0,"master_deck":["Strike_R","Strike_R","Strike_R","Strike_R","Defend_R","Defend_R","Defend_R","Defend_R","Bash","Flame Barrier","Flex","Ghostly Armor","Pommel Strike","Armaments","Ghostly Armor","Inflame","Heavy Blade","Shrug It Off","Pommel Strike","Pummel","Entrench","Iron Wave","Shrug It Off","Limit Break","Headbutt","Writhe","Flex+1","Flex"],"relics":["Black Blood","Spirit Poop","Turnip","Dodecahedron","Boot","Mercury Hourglass","Ornamental Fan"],"potions_floor_usage":[12,12,21,21,22],"damage_taken":[{"damage":0,"enemies":"2 Louse","floor":1,"turns":4},{"damage":24,"enemies":"Jaw Worm","floor":3,"turns":6},{"damage":0,"enemies":"Small Slimes","floor":5,"turns":3},{"damage":49,"enemies":"Gremlin Nob","floor":6,"turns":6},{"damage":23,"enemies":"Exordium Thugs","floor":8,"turns":7},{"damage":10,"enemies":"Red Slaver","floor":11,"turns":4},{"damage":9,"enemies":"Lagavulin","floor":12,"turns":7},{"damage":3,"enemies":"Blue Slaver","floor":13,"turns":4},{"damage":27,"enemies":"Slime Boss","floor":16,"turns":10},{"damage":26,"enemies":"Shell Parasite","floor":18,"turns":8},{"damage":27,"enemies":"3 Byrds","floor":20,"turns":4},{"damage":27,"enemies":"Centurion and Healer","floor":21,"turns":7},{"damage":17,"enemies":"Snake Plant","floor":22,"turns":3}],"seed_played":"-7393453349673245938","potions_obtained":[{"floor":6,"key":"Swift Potion"},{"floor":8,"key":"EssenceOfSteel"},{"floor":11,"key":"Dexterity Potion"},{"floor":16,"key":"Strength Potion"},{"floor":18,"key":"FearPotion"}],"is_trial":false,"path_per_floor":["M","?","M","?","M","E","R","M","T","$","M","E","M","$","R","B",null,"M","?","M","M"],"character_chosen":"IRONCLAD","items_purchased":["Inflame","Heavy Blade","Shrug It Off","Pommel Strike","Mercury Hourglass","Shrug It Off"],"campfire_rested":2,"item_purchase_floors":[10,10,10,10,14,14],"current_hp_per_floor":[78,78,60,60,66,23,47,30,30,30,26,23,26,26,50,29,67,51,51,34,17,0],"gold":153,"neow_bonus":"TRANSFORM_CARD","is_prod":false,"is_daily":false,"chose_seed":false,"campfire_upgraded":0,"win_rate":0,"timestamp":1533708065,"path_taken":["M","?","M","?","M","E","R","M","T","$","M","E","M","$","R","BOSS","M","?","M","M","M"],"build_version":"2018-08-02","purchased_purges":0,"victory":false,"max_hp_per_floor":[80,80,80,80,80,80,80,80,80,80,80,80,80,80,80,80,80,80,80,80,80,80],"card_choices":[{"not_picked":["Clothesline","Thunderclap"],"picked":"Flex","floor":1},{"not_picked":["Warcry","Fire Breathing"],"picked":"Ghostly Armor","floor":3},{"not_picked":["Heavy Blade","Whirlwind"],"picked":"Pommel Strike","floor":5},{"not_picked":["Rampage","Disarm"],"picked":"Armaments","floor":6},{"not_picked":["Pummel","Clash"],"picked":"Ghostly Armor","floor":8},{"not_picked":["Pommel Strike","Iron Wave"],"picked":"Pummel","floor":11},{"not_picked":["Barricade","Iron Wave"],"picked":"Entrench","floor":12},{"not_picked":["Perfected Strike","Fire Breathing"],"picked":"Iron Wave","floor":13},{"not_picked":["Brutality","Immolate"],"picked":"Limit Break","floor":16},{"not_picked":["Pommel Strike","Searing Blow+1"],"picked":"Headbutt","floor":18},{"not_picked":["Heavy Blade","Combust+1"],"picked":"Flex+1","floor":20},{"not_picked":["Sword Boomerang","True Grit+1"],"picked":"Flex","floor":21}],"player_experience":491299,"relics_obtained":[{"floor":6,"key":"Turnip"},{"floor":9,"key":"Dodecahedron"},{"floor":12,"key":"Boot"}],"event_choices":[{"event_name":"Liars Game","player_choice":"agreed","floor":2,"damage_taken":0},{"event_name":"Bonfire Elementals","player_choice":"CURSE","floor":4,"damage_taken":0},{"event_name":"The Mausoleum","player_choice":"Yes","floor":19,"damage_taken":0}],"is_beta":false,"boss_relics":[{"not_picked":["White Beast Statue","Calling Bell"],"picked":"Black Blood"}],"items_purged_floors":[],"is_endless":false,"potions_floor_spawned":[6,8,11,16,18],"killed_by":"Snake Plant","ascension_level":6}