{"gold_per_floor":[117,137,137,212,91,104,138,138,184,184,199,199,239,260,260,260],"floor_reached":16,"playtime":21775,"items_purged":["Strike_G"],"score":157,"play_id":"7234a6f5-3d7d-4850-929d-f6a7c050d0cb","local_time":"20190504192600","is_ascension_mode":true,"campfire_choices":[{"floor":8,"key":"REST"},{"floor":10,"key":"REST"},{"floor":12,"key":"REST"},{"floor":15,"key":"REST"}],"neow_cost":"NONE","seed_source_timestamp":152898052611279,"circlet_count":0,"master_deck":["Defend_G","Defend_G","Defend_G","Defend_G","Defend_G","Strike_G","Strike_G","Strike_G","Strike_G","Survivor","Neutralize","Blade Dance","Cloak And Dagger","Cloak And Dagger","Cloak And Dagger","Dodge and Roll","Well Laid Plans","Sucker Punch","Cloak And Dagger"],"relics":["Ring of the Snake","Golden Idol","Pen Nib","Boot","Gremlin Horn"],"potions_floor_usage":[7],"damage_taken":[{"damage":1,"enemies":"Cultist","floor":1,"turns":4},{"damage":1,"enemies":"Jaw Worm","floor":2,"turns":5},{"damage":0,"enemies":"Small Slimes","floor":6,"turns":3},{"damage":51,"enemies":"Gremlin Nob","floor":7,"turns":5},{"damage":1,"enemies":"Red Slaver","floor":11,"turns":4},{"damage":21,"enemies":"3 Sentries","floor":13,"turns":11},{"damage":8,"enemies":"Lots of Slimes","floor":14,"turns":4},{"damage":14,"enemies":"The Guardian","floor":16,"turns":5}],"seed_played":"-2193244435855324692","potions_obtained":[{"floor":2,"key":"Poison Potion"}],"is_trial":false,"path_per_floor":["M","M","?","?","$","M","E","R","T","R","M","R","E","M","R","B"],"character_chosen":"THE_SILENT","items_purchased":["Cloak And Dagger"],"campfire_rested":4,"item_purchase_floors":[5],"current_hp_per_floor":[69,68,65,59,59,59,8,27,27,46,45,64,43,35,54,40],"gold":260,"neow_bonus":"THREE_CARDS","is_prod":false,"is_daily":false,"chose_seed":false,"campfire_upgraded":0,"win_rate":0,"timestamp":1557015960,"path_taken":["M","M","?","?","$","M","E","R","T","R","?","R","E","?","R","BOSS"],"build_version":"2019-01-23","purchased_purges":1,"victory":false,"max_hp_per_floor":[70,70,65,65,65,65,65,65,65,65,65,65,65,65,65,65],"card_choices":[{"not_picked":["Tactician","Dagger Throw"],"picked":"Blade Dance","floor":0},{"not_picked":["Catalyst","Poisoned Stab"],"picked":"Cloak And Dagger","floor":1},{"not_picked":["Blade Dance","Leg Sweep"],"picked":"Cloak And Dagger","floor":2},{"not_picked":["Deflect","Setup"],"picked":"Dodge and Roll","floor":6},{"not_picked":["Poisoned Stab","Prepared"],"picked":"Well Laid Plans","floor":7},{"not_picked":["Outmaneuver","PiercingWail","Bane"],"picked":"SKIP","floor":11},{"not_picked":["Dagger Spray","Bouncing Flask"],"picked":"Sucker Punch","floor":13},{"not_picked":["Dagger Spray","Bane"],"picked":"Cloak And Dagger","floor":14}],"player_experience":470328,"relics_obtained":[{"floor":7,"key":"Pen Nib"},{"floor":9,"key":"Boot"},{"floor":13,"key":"Gremlin Horn"}],"event_choices":[{"damage_healed":0,"gold_gain":0,"player_choice":"Lose Max HP","damage_taken":0,"relics_obtained":["Golden Idol"],"max_hp_gain":0,"max_hp_loss":5,"event_name":"Golden Idol","floor":3,"gold_loss":0},{"damage_healed":0,"gold_gain":75,"player_choice":"Touch","damage_taken":6,"max_hp_gain":0,"max_hp_loss":0,"event_name":"FaceTrader","floor":4,"gold_loss":0}],"is_beta":false,"boss_relics":[],"items_purged_floors":[5],"is_endless":false,"potions_floor_spawned":[2],"killed_by":"The Guardian","ascension_level":4}