{"gold_per_floor":[114,114,79,79,79,79,132,197,223,235,285,297,327,359,371,514,526,553,581,609,646,658,670,703,715,727,739,294,294],"floor_reached":29,"playtime":1050,"items_purged":[],"score":346,"play_id":"288c16ac-d0da-4b40-a122-7a7657a2d089","local_time":"20190119133651","is_ascension_mode":true,"campfire_choices":[{"floor":6,"key":"REST"},{"floor":12,"key":"REST"},{"data":"Inflame","floor":15,"key":"SMITH"},{"floor":23,"key":"RECALL"},{"data":"Whirlwind","floor":27,"key":"SMITH"}],"neow_cost":"NONE","seed_source_timestamp":524266807071748,"circlet_count":0,"master_deck":["Strike_R","Strike_R","Strike_R","Strike_R","Strike_R","Defend_R","Defend_R","Defend_R","Defend_R+1","Bash","Offering+1","Whirlwind+1","Inflame+1","Uppercut","Sword Boomerang","Burning Pact","Immolate","True Grit","Rage","Whirlwind+1","Rupture","True Grit+1","Infernal Blade","Magnetism"],"relics":["Burning Blood","PreservedInsect","Golden Idol","Tiny Chest","MawBank","Pear","Sozu","Enchiridion","Sundial","ClockworkSouvenir"],"potions_floor_usage":[8,16],"damage_taken":[{"damage":0,"enemies":"2 Louse","floor":1,"turns":3},{"damage":6,"enemies":"3 Sentries","floor":8,"turns":1},{"damage":33,"enemies":"Lagavulin","floor":11,"turns":4},{"damage":6,"enemies":"Small Slimes","floor":13,"turns":1},{"damage":6,"enemies":"Cultist","floor":14,"turns":2},{"damage":59,"enemies":"The Guardian","floor":16,"turns":14},{"damage":10,"enemies":"3 Byrds","floor":18,"turns":3},{"damage":6,"enemies":"Chosen","floor":19,"turns":4},{"damage":19,"enemies":"Snecko","floor":20,"turns":3},{"damage":6,"enemies":"3 Cultists","floor":21,"turns":2},{"damage":41,"enemies":"Centurion and Healer","floor":24,"turns":5},{"damage":16,"enemies":"Chosen and Byrds","floor":29,"turns":4}],"seed_played":"5626221971094311522","potions_obtained":[{"floor":1,"key":"Explosive Potion"},{"floor":11,"key":"SteroidPotion"}],"is_trial":false,"path_per_floor":["M","?","?","?","?","R","T","E","T","$","E","R","M","M","R","B",null,"M","M","M","M","?","R","M","?","T","R","$","M"],"character_chosen":"IRONCLAD","items_purchased":["Infernal Blade","ClockworkSouvenir","Magnetism"],"campfire_rested":2,"item_purchase_floors":[28,28,28],"current_hp_per_floor":[78,71,80,64,44,68,68,68,68,68,51,78,78,78,78,25,74,70,70,57,57,57,57,22,6,6,6,6,0],"gold":294,"neow_bonus":"ONE_RANDOM_RARE_CARD","is_prod":false,"is_daily":false,"chose_seed":false,"campfire_upgraded":2,"win_rate":0,"timestamp":1547915811,"path_taken":["M","?","?","?","?","R","?","E","T","?","E","R","M","M","R","BOSS","M","M","M","?","?","R","?","?","T","R","$","M"],"build_version":"2019-01-17v2","purchased_purges":0,"victory":false,"max_hp_per_floor":[80,80,80,80,80,80,80,80,80,80,90,90,90,90,90,90,90,90,90,90,90,90,90,90,90,90,90,90,90],"card_choices":[{"not_picked":["Reckless Charge","Body Slam"],"picked":"Whirlwind","floor":1},{"not_picked":["Blood for Blood","Feel No Pain"],"picked":"Inflame","floor":8},{"not_picked":["Sword Boomerang","Perfected Strike"],"picked":"Uppercut","floor":11},{"not_picked":["Warcry","Body Slam"],"picked":"Sword Boomerang","floor":13},{"not_picked":["Sever Soul","Shockwave"],"picked":"Burning Pact","floor":14},{"not_picked":["Juggernaut","Exhume"],"picked":"Immolate","floor":16},{"not_picked":["Uppercut","Clothesline"],"picked":"True Grit","floor":18},{"not_picked":["Warcry","Twin Strike"],"picked":"Rage","floor":19},{"not_picked":["Dropkick+1","Clothesline"],"picked":"Whirlwind+1","floor":20},{"not_picked":["Armaments","Clothesline"],"picked":"Rupture","floor":21},{"not_picked":["Ghostly Armor","Perfected Strike"],"picked":"True Grit+1","floor":24}],"player_experience":641959,"relics_obtained":[{"floor":8,"key":"Tiny Chest"},{"floor":9,"key":"MawBank"},{"floor":11,"key":"Pear"},{"floor":25,"key":"Enchiridion"},{"floor":26,"key":"Sundial"}],"event_choices":[{"damage_healed":0,"gold_gain":0,"player_choice":"Success","damage_taken":7,"relics_obtained":["PreservedInsect"],"max_hp_gain":0,"max_hp_loss":0,"event_name":"Scrap Ooze","floor":2,"gold_loss":0},{"damage_healed":20,"gold_gain":0,"player_choice":"Healed","damage_taken":0,"max_hp_gain":0,"max_hp_loss":0,"event_name":"The Cleric","floor":3,"gold_loss":35},{"damage_healed":0,"gold_gain":0,"player_choice":"Entered Light","damage_taken":16,"max_hp_gain":0,"max_hp_loss":0,"event_name":"Shining Light","floor":4,"gold_loss":0,"cards_upgraded":["Offering","Defend_R"]},{"damage_healed":0,"gold_gain":0,"player_choice":"Take Damage","damage_taken":20,"relics_obtained":["Golden Idol"],"max_hp_gain":0,"max_hp_loss":0,"event_name":"Golden Idol","floor":5,"gold_loss":0},{"damage_healed":0,"gold_gain":0,"player_choice":"Ignored","damage_taken":0,"max_hp_gain":0,"max_hp_loss":0,"event_name":"N\u0027loth","floor":22,"gold_loss":0},{"damage_healed":0,"gold_gain":0,"player_choice":"Obtained Book","damage_taken":16,"max_hp_gain":0,"max_hp_loss":0,"event_name":"Cursed Tome","floor":25,"gold_loss":0}],"is_beta":false,"boss_relics":[{"not_picked":["Astrolabe","Black Star"],"picked":"Sozu"}],"items_purged_floors":[],"is_endless":false,"potions_floor_spawned":[1,11,18,21],"killed_by":"Chosen and Byrds","ascension_level":7}