{"gold_per_floor":[110,123,48,48,123,149,149,166,166,166,201,201,221,186,186,263,263,263,263,263,188,188,188,188,188,188,188,188,188,188,188,188,188],"floor_reached":33,"playtime":2178,"items_purged":["Strike_G"],"score":672,"play_id":"746abed6-38df-4cb4-8487-41f61a4c647b","local_time":"20190102102125","is_ascension_mode":true,"campfire_choices":[{"data":"Dagger Spray","floor":7,"key":"SMITH"},{"data":"Neutralize","floor":10,"key":"SMITH"},{"data":"Bouncing Flask","floor":12,"key":"SMITH"},{"data":"Footwork","floor":15,"key":"SMITH"},{"floor":24,"key":"REST"},{"floor":30,"key":"REST"},{"floor":32,"key":"REST"}],"neow_cost":"NONE","seed_source_timestamp":1181407136925030,"circlet_count":0,"master_deck":["AscendersBane","Defend_G","Defend_G","Defend_G","Defend_G","Defend_G","Strike_G","Strike_G","Strike_G","Survivor","Neutralize+1","Dagger Spray+1","Flying Knee","Quick Slash","Bouncing Flask+1","Footwork+1","Well Laid Plans","Malaise","Leg Sweep","Dodge and Roll","Dagger Spray"],"relics":["Ring of the Snake","NeowsBlessing","The Specimen","Mummified Hand","Ornamental Fan","Ectoplasm","Bag of Marbles","Tiny Chest","Happy Flower"],"potions_floor_usage":[16,23,23,25,33,33],"damage_taken":[{"damage":0,"enemies":"Small Slimes","floor":1,"turns":1},{"damage":0,"enemies":"Jaw Worm","floor":2,"turns":1},{"damage":0,"enemies":"Lagavulin","floor":6,"turns":1},{"damage":0,"enemies":"2 Louse","floor":8,"turns":2},{"damage":37,"enemies":"Gremlin Nob","floor":11,"turns":5},{"damage":4,"enemies":"2 Fungi Beasts","floor":13,"turns":3},{"damage":29,"enemies":"Hexaghost","floor":16,"turns":11},{"damage":15,"enemies":"3 Byrds","floor":18,"turns":5},{"damage":3,"enemies":"Shell Parasite","floor":19,"turns":5},{"damage":47,"enemies":"Slavers","floor":23,"turns":12},{"damage":6,"enemies":"Gremlin Leader","floor":25,"turns":7},{"damage":8,"enemies":"Book of Stabbing","floor":27,"turns":9},{"damage":0,"enemies":"Centurion and Healer","floor":28,"turns":10},{"damage":15,"enemies":"Snake Plant","floor":31,"turns":4},{"damage":51,"enemies":"Collector","floor":33,"turns":9}],"seed_played":"-8064969247504840090","potions_obtained":[{"floor":6,"key":"Regen Potion"},{"floor":16,"key":"GhostInAJar"},{"floor":18,"key":"GamblersBrew"},{"floor":23,"key":"PowerPotion"},{"floor":27,"key":"Dexterity Potion"},{"floor":28,"key":"FearPotion"}],"is_trial":false,"path_per_floor":["M","M","$","?","?","E","R","M","T","R","E","R","M","?","R","B",null,"M","M","?","?","$","E","R","E","T","E","M","?","R","M","R","B"],"character_chosen":"THE_SILENT","items_purchased":[],"campfire_rested":3,"item_purchase_floors":[],"current_hp_per_floor":[59,59,59,64,53,53,53,53,53,53,16,16,12,29,29,15,57,42,39,53,53,53,6,27,21,21,13,13,13,34,19,40,0],"gold":188,"neow_bonus":"THREE_ENEMY_KILL","is_prod":false,"is_daily":false,"chose_seed":false,"campfire_upgraded":4,"win_rate":0,"timestamp":1546442485,"path_taken":["M","M","$","?","?","E","R","M","T","R","E","R","M","?","R","BOSS","M","M","?","?","$","E","R","E","T","E","M","?","R","M","R","BOSS"],"build_version":"2019-01-01v2","purchased_purges":1,"victory":false,"max_hp_per_floor":[66,66,66,71,71,71,71,71,71,71,71,71,71,71,71,71,71,71,71,71,71,71,71,71,71,71,71,71,71,71,71,71,71],"card_choices":[{"not_picked":["Backflip","Quick Slash"],"picked":"Dagger Spray","floor":1},{"not_picked":["Cloak And Dagger","Outmaneuver"],"picked":"Flying Knee","floor":2},{"not_picked":["Dodge and Roll","Endless Agony"],"picked":"Quick Slash","floor":6},{"not_picked":["Setup","Backflip"],"picked":"Bouncing Flask","floor":8},{"not_picked":["Acrobatics","Accuracy"],"picked":"Footwork","floor":11},{"not_picked":["Dash","Dagger Throw"],"picked":"Well Laid Plans","floor":13},{"not_picked":["Die Die Die","Grand Finale"],"picked":"Malaise","floor":16},{"not_picked":["Slice","Dagger Spray","Acrobatics"],"picked":"SKIP","floor":18},{"not_picked":["Dagger Throw+1","Poisoned Stab+1"],"picked":"Leg Sweep","floor":19},{"not_picked":["Distraction","Concentrate","Tools of the Trade"],"picked":"SKIP","floor":23},{"not_picked":["Poisoned Stab","Tools of the Trade"],"picked":"Dodge and Roll","floor":25},{"not_picked":["Deadly Poison","Finisher","Dagger Throw"],"picked":"SKIP","floor":27},{"not_picked":["Sucker Punch","Cloak And Dagger"],"picked":"Dagger Spray","floor":28},{"not_picked":["Dagger Throw","Flying Knee","Expertise"],"picked":"SKIP","floor":31}],"player_experience":1082242,"relics_obtained":[{"floor":6,"key":"The Specimen"},{"floor":9,"key":"Mummified Hand"},{"floor":11,"key":"Ornamental Fan"},{"floor":23,"key":"Bag of Marbles"},{"floor":25,"key":"Tiny Chest"},{"floor":27,"key":"Happy Flower"}],"event_choices":[{"damage_healed":0,"gold_gain":0,"player_choice":"Donut","damage_taken":0,"max_hp_gain":5,"max_hp_loss":0,"event_name":"Big Fish","floor":4,"gold_loss":0},{"damage_healed":0,"gold_gain":75,"player_choice":"Gather Gold","damage_taken":11,"max_hp_gain":0,"max_hp_loss":0,"event_name":"World of Goop","floor":5,"gold_loss":0},{"damage_healed":17,"gold_gain":0,"player_choice":"Healed","damage_taken":0,"max_hp_gain":0,"max_hp_loss":0,"event_name":"The Cleric","floor":14,"gold_loss":35},{"damage_healed":14,"gold_gain":0,"player_choice":"Heal","damage_taken":0,"max_hp_gain":0,"max_hp_loss":0,"event_name":"The Library","floor":20,"gold_loss":0},{"cards_removed":["Strike_G"],"damage_healed":0,"gold_gain":0,"player_choice":"Gave Gold","damage_taken":0,"max_hp_gain":0,"max_hp_loss":0,"event_name":"Beggar","floor":21,"gold_loss":75},{"damage_healed":0,"gold_gain":0,"player_choice":"Ignored","damage_taken":0,"max_hp_gain":0,"max_hp_loss":0,"event_name":"Vampires","floor":29,"gold_loss":0}],"is_beta":true,"boss_relics":[{"not_picked":["Astrolabe","Coffee Dripper"],"picked":"Ectoplasm"}],"items_purged_floors":[3],"is_endless":false,"potions_floor_spawned":[6,16,18,23,27,28,31],"killed_by":"Collector","ascension_level":20}