{"gold_per_floor":[112,112,62,76,76,76,76,76,101,118,146,165,177,208,208,303,303,319,330,330,330,157,157,26,26,74,74,74,84,102,102,102,102],"floor_reached":33,"playtime":1291,"items_purged":["Strike_B","Force Field","Strike_B"],"score":255,"play_id":"bd44bdbe-89be-4450-a1e4-4bea0f47812e","local_time":"20190421105541","is_ascension_mode":false,"campfire_choices":[{"data":"Dualcast","floor":6,"key":"SMITH"},{"floor":8,"key":"REST"},{"data":"Double Energy","floor":15,"key":"SMITH"},{"data":"Sunder","floor":23,"key":"SMITH"},{"data":"Loop","floor":25,"key":"SMITH"},{"data":"Redo","floor":27,"key":"SMITH"},{"floor":32,"key":"REST"}],"neow_cost":"NONE","seed_source_timestamp":837561270956000,"circlet_count":0,"master_deck":["Strike_B","Strike_B","Defend_B+1","Defend_B","Zap+1","Dualcast+1","Hologram+1","Hologram","Double Energy+1","Turbo","Turbo","Redo+1","Sweeping Beam","Sunder+1","Loop+1","Loop","Redo"],"relics":["Cracked Core","Smiling Mask","Centennial Puzzle","Bottled Flame","Pantograph","Nuclear Battery","Strawberry"],"potions_floor_usage":[11,16,19,20,33],"damage_taken":[{"damage":0,"enemies":"2 Louse","floor":1,"turns":3},{"damage":0,"enemies":"Small Slimes","floor":4,"turns":4},{"damage":0,"enemies":"Jaw Worm","floor":10,"turns":4},{"damage":3,"enemies":"Lagavulin","floor":11,"turns":6},{"damage":1,"enemies":"2 Fungi Beasts","floor":12,"turns":3},{"damage":2,"enemies":"Looter","floor":13,"turns":3},{"damage":23,"enemies":"Gremlin Nob","floor":14,"turns":4},{"damage":68,"enemies":"Hexaghost","floor":16,"turns":12},{"damage":23,"enemies":"Shell Parasite","floor":18,"turns":9},{"damage":2,"enemies":"3 Byrds","floor":19,"turns":5},{"damage":7,"enemies":"Centurion and Healer","floor":20,"turns":7},{"damage":10,"enemies":"Sentry and Sphere","floor":29,"turns":4},{"damage":4,"enemies":"Snecko","floor":30,"turns":4},{"damage":100,"enemies":"Collector","floor":33,"turns":11}],"seed_played":"4516819578020598754","potions_obtained":[{"floor":1,"key":"Explosive Potion"},{"floor":4,"key":"PowerPotion"},{"floor":14,"key":"Poison Potion"},{"floor":16,"key":"SmokeBomb"},{"floor":29,"key":"FearPotion"},{"floor":30,"key":"Block Potion"}],"is_trial":false,"path_per_floor":["M","?","$","M","?","R","?","R","T","M","E","M","M","E","R","B",null,"M","M","M","?","$","R","$","R","T","R","?","M","M","?","R","B"],"character_chosen":"DEFECT","items_purchased":["Sunder","Energy Potion","Loop"],"campfire_rested":2,"item_purchase_floors":[22,22,24],"current_hp_per_floor":[75,68,68,68,68,68,53,75,75,75,72,71,69,46,46,3,75,52,50,43,43,43,43,43,43,50,50,50,40,36,36,60,0],"gold":102,"neow_bonus":"THREE_CARDS","is_prod":false,"is_daily":false,"chose_seed":false,"campfire_upgraded":5,"win_rate":0,"timestamp":1555836941,"path_taken":["M","?","$","M","?","R","?","R","T","M","E","M","M","E","R","BOSS","M","M","M","?","$","R","$","R","T","R","?","M","M","?","R","BOSS"],"build_version":"2019-01-23","purchased_purges":3,"victory":false,"max_hp_per_floor":[75,75,75,75,75,75,75,75,75,75,75,75,75,75,75,75,75,75,75,75,75,75,75,75,75,82,82,82,82,82,82,82,82],"card_choices":[{"not_picked":["Streamline","Conserve Battery"],"picked":"Hologram","floor":0},{"not_picked":["White Noise","Streamline","Steam Power"],"picked":"SKIP","floor":1},{"not_picked":["Tempest","Barrage","Conserve Battery"],"picked":"SKIP","floor":4},{"not_picked":["Stack","Self Repair"],"picked":"Hologram","floor":10},{"not_picked":["Heatsinks","Steam","Rebound"],"picked":"SKIP","floor":11},{"not_picked":["Compile Driver","Streamline","Gash"],"picked":"SKIP","floor":12},{"not_picked":["Leap","Rebound"],"picked":"Double Energy","floor":13},{"not_picked":["Conserve Battery","Cold Snap"],"picked":"Turbo","floor":14},{"not_picked":["Conserve Battery+1","FTL"],"picked":"Turbo","floor":18},{"not_picked":["Auto Shields","Rip and Tear"],"picked":"Redo","floor":19},{"not_picked":["Rebound+1","Beam Cell"],"picked":"Loop","floor":29},{"not_picked":["Barrage+1","Reinforced Body"],"picked":"Redo","floor":30}],"player_experience":614514,"relics_obtained":[{"floor":9,"key":"Centennial Puzzle"},{"floor":11,"key":"Bottled Flame"},{"floor":14,"key":"Pantograph"},{"floor":26,"key":"Strawberry"}],"event_choices":[{"damage_healed":0,"gold_gain":0,"player_choice":"Success","damage_taken":7,"relics_obtained":["Smiling Mask"],"max_hp_gain":0,"max_hp_loss":0,"event_name":"Scrap Ooze","floor":2,"gold_loss":0},{"damage_healed":0,"gold_gain":0,"player_choice":"Grow","damage_taken":0,"max_hp_gain":0,"max_hp_loss":0,"event_name":"Living Wall","floor":5,"gold_loss":0,"cards_upgraded":["Hologram"]},{"damage_healed":0,"gold_gain":0,"player_choice":"Entered Light","damage_taken":15,"max_hp_gain":0,"max_hp_loss":0,"event_name":"Shining Light","floor":7,"gold_loss":0,"cards_upgraded":["Zap","Defend_B"]},{"damage_healed":0,"gold_gain":0,"cards_transformed":["Defend_B","Defend_B"],"player_choice":"Became Test Subject","damage_taken":0,"max_hp_gain":0,"max_hp_loss":0,"event_name":"Drug Dealer","floor":21,"gold_loss":0,"cards_obtained":["Sweeping Beam","Force Field"]},{"damage_healed":0,"gold_gain":0,"player_choice":"Ignored","damage_taken":0,"max_hp_gain":0,"max_hp_loss":0,"event_name":"Beggar","floor":28,"gold_loss":0},{"damage_healed":0,"gold_gain":0,"player_choice":"Ignored","damage_taken":0,"max_hp_gain":0,"max_hp_loss":0,"event_name":"The Mausoleum","floor":31,"gold_loss":0}],"is_beta":false,"boss_relics":[{"not_picked":["Runic Pyramid","Eternal Feather"],"picked":"Nuclear Battery"}],"items_purged_floors":[3,22,24],"is_endless":false,"potions_floor_spawned":[1,4,14,16,20,29,30],"killed_by":"Collector","ascension_level":0}