{"gold_per_floor":[215,235,248,248,248,248,280,280,304,304,321,349,16,32,32,111,111,125,135,50,77,94,94,9,39,39,39,39,56,56,69,69,146,146,160,34,34,34,47,47,79,91,116,116,116,128,143,161,161,161,161],"floor_reached":51,"playtime":2547,"items_purged":["Strike_G","Strike_G"],"score":1364,"play_id":"c8fe0217-e70a-4272-b5b6-cd70b184b032","local_time":"20190327155114","is_ascension_mode":true,"campfire_choices":[{"data":"Crippling Poison","floor":6,"key":"SMITH"},{"data":"Noxious Fumes","floor":8,"key":"SMITH"},{"floor":10,"key":"REST"},{"floor":15,"key":"REST"},{"data":"Bouncing Flask","floor":23,"key":"SMITH"},{"data":"Strike_G","floor":30,"key":"PURGE"},{"data":"Strike_G","floor":32,"key":"PURGE"},{"data":"Strike_G","floor":40,"key":"PURGE"},{"floor":45,"key":"REST"},{"floor":49,"key":"REST"}],"neow_cost":"NONE","seed_source_timestamp":537454039880463,"circlet_count":0,"master_deck":["AscendersBane","Defend_G","Defend_G","Defend_G","Defend_G","Defend_G","Survivor","Neutralize","Noxious Fumes+1","Bane","Crippling Poison+1","Bouncing Flask+1","Dagger Throw","Dodge and Roll","Leg Sweep","Catalyst","After Image+1","Eviscerate","Predator","Corpse Explosion","Catalyst+1","Bouncing Flask+1","Blur+1","Crippling Poison+1","Malaise+1","Backflip+1","PiercingWail+1","Acrobatics+1","Prepared+1","Catalyst+1"],"relics":["Ring of the Snake","Oddly Smooth Stone","Vajra","Blood Vial","Snake Skull","Snecko Eye","Red Mask","Toxic Egg 2","Peace Pipe","Mercury Hourglass","Sozu","Dodecahedron","Orichalcum"],"potions_floor_usage":[5,7,7,12,25,33,33],"damage_taken":[{"damage":4,"enemies":"Cultist","floor":1,"turns":4},{"damage":9,"enemies":"Small Slimes","floor":2,"turns":5},{"damage":5,"enemies":"2 Louse","floor":3,"turns":5},{"damage":24,"enemies":"Gremlin Nob","floor":7,"turns":4},{"damage":4,"enemies":"2 Fungi Beasts","floor":11,"turns":3},{"damage":29,"enemies":"3 Sentries","floor":12,"turns":7},{"damage":8,"enemies":"Exordium Thugs","floor":14,"turns":3},{"damage":8,"enemies":"Hexaghost","floor":16,"turns":7},{"damage":0,"enemies":"Spheric Guardian","floor":18,"turns":4},{"damage":12,"enemies":"2 Thieves","floor":19,"turns":3},{"damage":0,"enemies":"Masked Bandits","floor":21,"turns":2},{"damage":8,"enemies":"Snecko","floor":22,"turns":3},{"damage":9,"enemies":"Slavers","floor":25,"turns":2},{"damage":0,"enemies":"Centurion and Healer","floor":29,"turns":3},{"damage":0,"enemies":"Sentry and Sphere","floor":31,"turns":3},{"damage":34,"enemies":"Champ","floor":33,"turns":7},{"damage":11,"enemies":"3 Darklings","floor":35,"turns":3},{"damage":0,"enemies":"3 Shapes","floor":39,"turns":3},{"damage":31,"enemies":"Giant Head","floor":41,"turns":7},{"damage":7,"enemies":"Spire Growth","floor":42,"turns":4},{"damage":13,"enemies":"3 Darklings","floor":46,"turns":4},{"damage":0,"enemies":"4 Shapes","floor":47,"turns":2},{"damage":2,"enemies":"Jaw Worm Horde","floor":48,"turns":3},{"damage":38,"enemies":"Awakened One","floor":50,"turns":11},{"damage":22,"enemies":"Donu and Deca","floor":51,"turns":3}],"seed_played":"8232156178839748526","potions_obtained":[{"floor":2,"key":"Energy Potion"},{"floor":3,"key":"FearPotion"},{"floor":5,"key":"Fruit Juice"},{"floor":5,"key":"SneckoOil"},{"floor":11,"key":"Explosive Potion"},{"floor":21,"key":"Block Potion"},{"floor":22,"key":"PowerPotion"},{"floor":29,"key":"PowerPotion"}],"is_trial":false,"path_per_floor":["M","M","M","?","?","R","E","R","T","R","M","E","$","M","R","B",null,"M","M","$","?","M","R","?","E","T","?","$","M","R","M","R","B",null,"M","$","?","?","M","R","E","M","T","$","R","M","M","M","R","B","B"],"character_chosen":"THE_SILENT","items_purchased":["Snake Skull","Leg Sweep","Poisoned Stab","Corpse Explosion","PiercingWail+1"],"campfire_rested":4,"item_purchase_floors":[13,13,13,20,36],"current_hp_per_floor":[55,46,41,41,46,46,22,22,22,43,39,10,10,4,25,19,58,60,50,50,52,46,46,46,39,39,39,39,41,41,43,43,11,56,47,47,47,47,49,49,20,15,15,15,36,25,27,27,48,12,0],"gold":161,"neow_bonus":"HUNDRED_GOLD","is_prod":false,"is_daily":false,"chose_seed":false,"campfire_upgraded":3,"win_rate":0,"timestamp":1553701874,"path_taken":["M","M","M","?","?","R","E","R","T","R","M","E","$","?","R","BOSS","M","M","$","?","M","R","?","E","T","?","$","M","R","M","R","BOSS","M","$","?","?","M","R","E","M","T","?","R","?","M","?","R","BOSS","BOSS"],"build_version":"2019-03-15","purchased_purges":2,"victory":false,"max_hp_per_floor":[66,66,66,66,71,71,71,71,71,71,71,71,71,71,71,71,71,71,71,71,71,71,71,71,71,71,71,71,71,71,71,71,71,71,71,71,71,71,71,71,71,71,71,71,71,71,71,71,71,71,71],"card_choices":[{"not_picked":["Backflip","Choke"],"picked":"Noxious Fumes","floor":1},{"not_picked":["Cloak And Dagger","Backflip"],"picked":"Bane","floor":2},{"not_picked":["Sucker Punch","Deadly Poison"],"picked":"Crippling Poison","floor":3},{"not_picked":["Expertise","Riddle With Holes"],"picked":"Bouncing Flask","floor":7},{"not_picked":["Sucker Punch","Acrobatics"],"picked":"Dagger Throw","floor":11},{"not_picked":["Endless Agony","Expertise"],"picked":"Dodge and Roll","floor":12},{"not_picked":["Prepared","Tools of the Trade"],"picked":"Catalyst","floor":14},{"not_picked":["Wraith Form v2","Venomology"],"picked":"After Image","floor":16},{"not_picked":["Deadly Poison","Heel Hook"],"picked":"Eviscerate","floor":18},{"not_picked":["Concentrate+1","Flying Knee"],"picked":"Predator","floor":19},{"not_picked":["Outmaneuver","Envenom"],"picked":"Catalyst+1","floor":21},{"not_picked":["Masterful Stab","Poisoned Stab","Predator+1"],"picked":"SKIP","floor":22},{"not_picked":["Blade Dance+1","Acrobatics+1"],"picked":"Bouncing Flask+1","floor":25},{"not_picked":["Dagger Spray","Outmaneuver+1"],"picked":"Blur+1","floor":29},{"not_picked":["Deflect+1","PiercingWail+1"],"picked":"Crippling Poison+1","floor":31},{"not_picked":["Envenom","Grand Finale"],"picked":"Malaise+1","floor":33},{"not_picked":["Catalyst+1","Blade Dance+1"],"picked":"Backflip+1","floor":35},{"not_picked":["Skewer","Sucker Punch+1","Noxious Fumes"],"picked":"SKIP","floor":39},{"not_picked":["Poisoned Stab+1","Cloak And Dagger+1"],"picked":"Acrobatics+1","floor":41},{"not_picked":["Quick Slash","Underhanded Strike"],"picked":"Prepared+1","floor":42},{"not_picked":["Tactician+1","Poisoned Stab+1"],"picked":"Catalyst+1","floor":46},{"not_picked":["Deflect+1","Flying Knee","Storm of Steel+1"],"picked":"SKIP","floor":47},{"not_picked":["Deadly Poison+1","Crippling Poison+1","Outmaneuver+1"],"picked":"SKIP","floor":48}],"player_experience":1158667,"relics_obtained":[{"floor":7,"key":"Oddly Smooth Stone"},{"floor":9,"key":"Vajra"},{"floor":12,"key":"Blood Vial"},{"floor":21,"key":"Red Mask"},{"floor":25,"key":"Peace Pipe"},{"floor":26,"key":"Mercury Hourglass"},{"floor":41,"key":"Dodecahedron"},{"floor":43,"key":"Orichalcum"}],"event_choices":[{"damage_healed":0,"gold_gain":0,"player_choice":"Fled","damage_taken":0,"max_hp_gain":0,"max_hp_loss":0,"event_name":"Scrap Ooze","floor":4,"gold_loss":0},{"damage_healed":0,"gold_gain":0,"player_choice":"Got Potions","damage_taken":0,"max_hp_gain":0,"max_hp_loss":0,"event_name":"Lab","floor":5,"gold_loss":0},{"damage_healed":0,"gold_gain":0,"player_choice":"Fought Bandits","damage_taken":0,"max_hp_gain":0,"max_hp_loss":0,"event_name":"Masked Bandits","floor":21,"gold_loss":0},{"damage_healed":0,"gold_gain":0,"player_choice":"Obtained Relic","damage_taken":0,"relics_obtained":["Toxic Egg 2"],"max_hp_gain":0,"max_hp_loss":0,"event_name":"Addict","floor":24,"gold_loss":85},{"damage_healed":0,"gold_gain":0,"player_choice":"Upgraded","damage_taken":0,"max_hp_gain":0,"max_hp_loss":0,"event_name":"Upgrade Shrine","floor":27,"gold_loss":0,"cards_upgraded":["After Image"]},{"cards_removed":["Poisoned Stab"],"damage_healed":0,"gold_gain":0,"player_choice":"Removed Attack","damage_taken":0,"max_hp_gain":0,"max_hp_loss":0,"event_name":"Falling","floor":37,"gold_loss":0},{"damage_healed":0,"gold_gain":0,"player_choice":"Ignored","damage_taken":0,"max_hp_gain":0,"max_hp_loss":0,"event_name":"Mysterious Sphere","floor":38,"gold_loss":0}],"is_beta":true,"boss_relics":[{"not_picked":["Eternal Feather","Pandora\u0027s Box"],"picked":"Snecko Eye"},{"not_picked":["Philosopher\u0027s Stone","Tiny House"],"picked":"Sozu"}],"items_purged_floors":[13,36],"is_endless":false,"potions_floor_spawned":[2,3,11,21,22,29,31,41,46,47],"killed_by":"Donu and Deca","ascension_level":20}