{"gold_per_floor":[117,117,67,82,82,82,82,118,118,143,13,32,67,88,88,208,208,223,242,242,269,293,334,350,390,413,447,473,485,540,552,564,673,685,716,781,138,538,556,556,588,599,673,704,779,799,834,852,852,852,852,852,85,118,118],"floor_reached":56,"playtime":5269,"items_purged":["Strike_B","Strike_B"],"score":1584,"play_id":"140774dc-5e26-422d-9073-5db6fae3696f","local_time":"20190428034856","is_ascension_mode":true,"campfire_choices":[{"data":"Darkness","floor":6,"key":"SMITH"},{"data":"Defragment","floor":15,"key":"SMITH"},{"floor":29,"key":"REST"},{"floor":32,"key":"REST"},{"floor":40,"key":"RECALL"},{"data":"Loop","floor":49,"key":"SMITH"},{"data":"Chill","floor":52,"key":"SMITH"}],"neow_cost":"NONE","seed_source_timestamp":4088522367763590,"circlet_count":0,"master_deck":["Strike_B","Defend_B","Defend_B","Defend_B","Zap","Dualcast","Steam","Darkness+1","Defragment+1","Steam Power","BootSequence","Redo","Redo","Chill+1","Rainbow","Doom and Gloom","Capacitor","Glacier","Genetic Algorithm+1","Coolheaded+1","Go for the Eyes+1","Conserve Battery+1","Steam+1","Loop+1","Fission+1","Barrage","Chaos+1","Stack+1","Cold Snap","Reboot+1","Consume+1","Conserve Battery+1","Conserve Battery+1","Darkness+1","Coolheaded+1","Defragment+1","Hologram+1","Steam Power+1","Fusion+1"],"relics":["Cracked Core","Bloody Idol","Nunchaku","Potion Belt","White Beast Statue","Anchor","Toxic Egg 2","The Courier","Ancient Tea Set","MawBank","Centennial Puzzle","Inserter","Dead Branch","DataDisk","Toy Ornithopter","Old Coin","PreservedInsect","Blue Candle","Bag of Marbles","Regal Pillow","Lantern","Dodecahedron","TheAbacus","Vajra","Turnip"],"potions_floor_usage":[8,16,19,23,23,25,25,27,28,30,33,35,36,41,55,55,55,55,55],"damage_taken":[{"damage":0,"enemies":"2 Louse","floor":1,"turns":2},{"damage":1,"enemies":"Small Slimes","floor":4,"turns":3},{"damage":19,"enemies":"Gremlin Nob","floor":8,"turns":4},{"damage":2,"enemies":"Jaw Worm","floor":10,"turns":4},{"damage":1,"enemies":"3 Louse","floor":12,"turns":3},{"damage":12,"enemies":"Lagavulin","floor":13,"turns":6},{"damage":0,"enemies":"Looter","floor":14,"turns":3},{"damage":0,"enemies":"Slime Boss","floor":16,"turns":6},{"damage":0,"enemies":"Spheric Guardian","floor":18,"turns":3},{"damage":3,"enemies":"2 Thieves","floor":19,"turns":4},{"damage":0,"enemies":"Centurion and Healer","floor":22,"turns":6},{"damage":0,"enemies":"Book of Stabbing","floor":23,"turns":5},{"damage":0,"enemies":"Cultist and Chosen","floor":24,"turns":6},{"damage":29,"enemies":"Gremlin Leader","floor":25,"turns":7},{"damage":15,"enemies":"Slavers","floor":27,"turns":8},{"damage":12,"enemies":"Snecko","floor":28,"turns":7},{"damage":26,"enemies":"Gremlin Leader","floor":30,"turns":10},{"damage":18,"enemies":"Champ","floor":33,"turns":14},{"damage":0,"enemies":"Orb Walker","floor":35,"turns":6},{"damage":78,"enemies":"2 Orb Walkers","floor":36,"turns":8},{"damage":0,"enemies":"Mind Bloom Boss Battle","floor":38,"turns":7},{"damage":0,"enemies":"3 Shapes","floor":39,"turns":4},{"damage":20,"enemies":"Reptomancer","floor":41,"turns":9},{"damage":12,"enemies":"Jaw Worm Horde","floor":42,"turns":9},{"damage":3,"enemies":"Giant Head","floor":44,"turns":7},{"damage":6,"enemies":"Transient","floor":46,"turns":5},{"damage":0,"enemies":"Nemesis","floor":47,"turns":5},{"damage":9,"enemies":"Maw","floor":48,"turns":9},{"damage":5,"enemies":"Time Eater","floor":50,"turns":10},{"damage":17,"enemies":"Shield and Spear","floor":54,"turns":9},{"damage":0,"enemies":"The Heart","floor":55,"turns":12}],"seed_played":"-3870335451094785743","potions_obtained":[{"floor":0,"key":"Dexterity Potion"},{"floor":0,"key":"SmokeBomb"},{"floor":0,"key":"SkillPotion"},{"floor":10,"key":"FocusPotion"},{"floor":13,"key":"PowerPotion"},{"floor":14,"key":"Fire Potion"},{"floor":16,"key":"Weak Potion"},{"floor":18,"key":"Fire Potion"},{"floor":19,"key":"FearPotion"},{"floor":22,"key":"Dexterity Potion"},{"floor":23,"key":"EssenceOfSteel"},{"floor":24,"key":"Strength Potion"},{"floor":25,"key":"Energy Potion"},{"floor":27,"key":"Block Potion"},{"floor":28,"key":"Swift Potion"},{"floor":30,"key":"SteroidPotion"},{"floor":33,"key":"Fruit Juice"},{"floor":35,"key":"FairyPotion"},{"floor":36,"key":"EssenceOfSteel"},{"floor":38,"key":"PowerPotion"},{"floor":41,"key":"SmokeBomb"},{"floor":42,"key":"FocusPotion"},{"floor":46,"key":"FocusPotion"}],"is_trial":false,"path_per_floor":["M","?","?","M","?","R","?","E","T","M","$","M","E","M","R","B",null,"M","M","?","T","M","E","M","E","T","E","M","R","E","?","R","B",null,"M","?","$","?","M","R","E","M","T","E","?","M","E","M","R","B",null,"R","$","E","B",null],"character_chosen":"DEFECT","items_purchased":["BootSequence","Redo","DataDisk","Toy Ornithopter","Chaos+1","Stack+1","FocusPotion","Cold Snap","Reboot+1","Lantern","Dodecahedron","FocusPotion","Steam Power+1","TheAbacus","Vajra"],"campfire_rested":2,"item_purchase_floors":[11,11,37,37,37,37,37,37,37,53,53,53,53,53,53],"current_hp_per_floor":[75,69,69,68,73,73,66,47,47,45,45,44,32,32,32,32,74,74,71,71,71,71,71,71,42,42,27,15,37,11,11,38,35,79,79,6,11,21,26,26,16,9,14,16,14,13,18,14,14,9,79,79,79,67,79],"gold":118,"neow_bonus":"THREE_SMALL_POTIONS","is_prod":false,"is_daily":false,"chose_seed":false,"campfire_upgraded":4,"win_rate":0,"timestamp":1556437736,"path_taken":["M","?","?","M","?","R","?","E","T","M","$","M","E","M","R","BOSS","M","M","?","?","M","E","M","E","T","E","M","R","E","?","R","BOSS","M","?","$","?","M","R","E","M","T","E","?","?","E","M","R","BOSS","R","$","E","BOSS"],"build_version":"2019-04-23","purchased_purges":2,"victory":true,"max_hp_per_floor":[75,69,69,69,74,74,74,74,74,74,74,74,74,74,74,74,74,74,74,74,74,74,74,74,74,74,74,74,74,74,74,74,79,79,79,79,79,79,79,79,79,79,79,79,79,79,79,79,79,79,79,79,79,79,79],"card_choices":[{"not_picked":["Rebound","Lockon"],"picked":"Steam","floor":1},{"not_picked":["Go for the Eyes","Reinforced Body"],"picked":"Darkness","floor":4},{"not_picked":["Undo","Gash"],"picked":"Defragment","floor":8},{"not_picked":["Rip and Tear","Stack"],"picked":"Steam Power","floor":10},{"not_picked":["Genetic Algorithm","Storm"],"picked":"Redo","floor":12},{"not_picked":["Blizzard","Ball Lightning","Skim"],"picked":"SKIP","floor":13},{"not_picked":["Sweeping Beam","Chaos"],"picked":"Chill","floor":14},{"not_picked":["Machine Learning","Core Surge"],"picked":"Rainbow","floor":16},{"not_picked":["Rebound","Turbo+1"],"picked":"Doom and Gloom","floor":18},{"not_picked":["Compile Driver","Gash"],"picked":"Capacitor","floor":19},{"not_picked":["Skim","Beam Cell"],"picked":"Genetic Algorithm+1","floor":22},{"not_picked":["Streamline","Turbo"],"picked":"Coolheaded+1","floor":23},{"not_picked":["Recycle+1","Capacitor"],"picked":"Go for the Eyes+1","floor":24},{"not_picked":["Chaos+1","Self Repair"],"picked":"Conserve Battery+1","floor":25},{"not_picked":["Cold Snap","Force Field+1"],"picked":"Steam+1","floor":27},{"not_picked":["Beam Cell","BootSequence+1"],"picked":"Loop","floor":28},{"not_picked":["Sweeping Beam+1","Ball Lightning","Streamline+1"],"picked":"SKIP","floor":30},{"not_picked":["Buffer","Hyperbeam"],"picked":"Fission+1","floor":33},{"not_picked":["Beam Cell","Rip and Tear+1"],"picked":"Barrage","floor":35},{"not_picked":["Turbo+1","Coolheaded+1"],"picked":"Consume+1","floor":38},{"not_picked":["Steam Power+1","Gash"],"picked":"Conserve Battery+1","floor":39},{"not_picked":["Rip and Tear","Leap+1"],"picked":"Conserve Battery+1","floor":41},{"not_picked":["Meteor Strike","Go for the Eyes"],"picked":"Darkness+1","floor":42},{"not_picked":["Auto Shields+1","Barrage"],"picked":"Coolheaded+1","floor":44},{"not_picked":["Compile Driver","Beam Cell"],"picked":"Defragment+1","floor":46},{"not_picked":["Barrage+1","Consume+1","Tempest+1"],"picked":"SKIP","floor":47},{"not_picked":["Redo+1","FTL+1"],"picked":"Hologram+1","floor":48},{"not_picked":["Barrage","Streamline"],"picked":"Fusion+1","floor":54}],"player_experience":5526467,"relics_obtained":[{"floor":8,"key":"Nunchaku"},{"floor":13,"key":"Potion Belt"},{"floor":21,"key":"Anchor"},{"floor":23,"key":"Toxic Egg 2"},{"floor":25,"key":"The Courier"},{"floor":26,"key":"Ancient Tea Set"},{"floor":27,"key":"MawBank"},{"floor":30,"key":"Centennial Puzzle"},{"floor":36,"key":"Dead Branch"},{"floor":38,"key":"Old Coin"},{"floor":41,"key":"PreservedInsect"},{"floor":43,"key":"Blue Candle"},{"floor":44,"key":"Bag of Marbles"},{"floor":47,"key":"Regal Pillow"},{"floor":54,"key":"Turnip"}],"event_choices":[{"damage_healed":0,"gold_gain":0,"player_choice":"Lose Max HP","damage_taken":0,"relics_obtained":["Golden Idol"],"max_hp_gain":0,"max_hp_loss":6,"event_name":"Golden Idol","floor":2,"gold_loss":0},{"cards_removed":["Defend_B"],"damage_healed":0,"gold_gain":0,"player_choice":"Card Removal","damage_taken":0,"max_hp_gain":0,"max_hp_loss":0,"event_name":"The Cleric","floor":3,"gold_loss":50},{"damage_healed":0,"gold_gain":0,"player_choice":"Donut","damage_taken":0,"max_hp_gain":5,"max_hp_loss":0,"event_name":"Big Fish","floor":5,"gold_loss":0},{"cards_removed":["Strike_B"],"damage_healed":0,"gold_gain":0,"player_choice":"Card Removal","damage_taken":7,"max_hp_gain":0,"max_hp_loss":0,"event_name":"Golden Wing","floor":7,"gold_loss":0},{"damage_healed":0,"gold_gain":0,"player_choice":"Read","damage_taken":0,"max_hp_gain":0,"max_hp_loss":0,"event_name":"The Library","floor":20,"gold_loss":0,"cards_obtained":["Glacier"]},{"damage_healed":0,"gold_gain":0,"player_choice":"Gave Idol","damage_taken":0,"relics_obtained":["Bloody Idol"],"max_hp_gain":0,"max_hp_loss":0,"event_name":"Forgotten Altar","floor":31,"relics_lost":["Golden Idol"],"gold_loss":0},{"damage_healed":0,"gold_gain":0,"player_choice":"Fight","damage_taken":0,"max_hp_gain":0,"max_hp_loss":0,"event_name":"Mysterious Sphere","floor":36,"gold_loss":0},{"damage_healed":0,"gold_gain":0,"player_choice":"Fight","damage_taken":0,"max_hp_gain":0,"max_hp_loss":0,"event_name":"MindBloom","floor":38,"gold_loss":0},{"damage_healed":0,"gold_gain":75,"player_choice":"Touch","damage_taken":7,"max_hp_gain":0,"max_hp_loss":0,"event_name":"FaceTrader","floor":45,"gold_loss":0}],"is_beta":true,"boss_relics":[{"not_picked":["Tiny House","Empty Cage"],"picked":"White Beast Statue"},{"not_picked":["Astrolabe","FrozenCore"],"picked":"Inserter"}],"items_purged_floors":[37,53],"is_endless":false,"potions_floor_spawned":[10,13,14,16,18,19,22,23,24,25,27,28,30,33,35,36,38,39,41,42,44,46,47,48,54],"ascension_level":1}