{"gold_per_floor":[362,362,362,27,46,76,90,119,143,157,157,52,52,66,66,161,161,178,189,189,189,249,249,281,281,304,318,62,112,162],"floor_reached":30,"playtime":786,"items_purged":["Regret"],"score":335,"play_id":"9215f0d9-5eec-4d7a-9e66-870407254574","local_time":"20190201022837","is_ascension_mode":true,"campfire_choices":[{"floor":13,"key":"REST"},{"floor":15,"key":"REST"},{"data":"Noxious Fumes","floor":23,"key":"SMITH"},{"floor":25,"key":"REST"}],"neow_cost":"TEN_PERCENT_HP_LOSS","seed_source_timestamp":178809002107897,"circlet_count":0,"master_deck":["Defend_G","Defend_G","Defend_G","Defend_G","Defend_G","Strike_G","Strike_G","Strike_G","Strike_G","Strike_G","Survivor","Neutralize","Deflect","Poisoned Stab","Footwork","Flying Knee","Backstab+1","All Out Attack","Deflect","Well Laid Plans","Backflip","Unload","Cloak And Dagger","Escape Plan+1","Noxious Fumes+1","Dash","Backstab+1"],"relics":["Ring of the Snake","Strawberry","Dodecahedron","Centennial Puzzle","Shuriken","Bronze Scales","Sozu","SsserpentHead","Orichalcum","Snake Skull","Ice Cream"],"potions_floor_usage":[8,16,24],"damage_taken":[{"damage":0,"enemies":"2 Louse","floor":1,"turns":2},{"damage":3,"enemies":"Small Slimes","floor":5,"turns":6},{"damage":36,"enemies":"Gremlin Nob","floor":6,"turns":5},{"damage":0,"enemies":"Jaw Worm","floor":7,"turns":5},{"damage":19,"enemies":"3 Sentries","floor":8,"turns":8},{"damage":4,"enemies":"Exordium Wildlife","floor":10,"turns":4},{"damage":1,"enemies":"Lots of Slimes","floor":14,"turns":1},{"damage":31,"enemies":"Slime Boss","floor":16,"turns":9},{"damage":16,"enemies":"2 Thieves","floor":18,"turns":3},{"damage":0,"enemies":"3 Byrds","floor":19,"turns":2},{"damage":11,"enemies":"Snake Plant","floor":22,"turns":3},{"damage":27,"enemies":"Gremlin Leader","floor":24,"turns":6},{"damage":8,"enemies":"Centurion and Healer","floor":27,"turns":5},{"damage":16,"enemies":"Sentry and Sphere","floor":30,"turns":3}],"seed_played":"-8065414790144604946","potions_obtained":[{"floor":6,"key":"Strength Potion"},{"floor":7,"key":"Energy Potion"},{"floor":10,"key":"GamblersBrew"},{"floor":14,"key":"AttackPotion"}],"is_trial":false,"path_per_floor":["M","?","?","$","M","E","M","E","T","M","?","$","R","M","R","B",null,"M","M","?","?","M","R","E","R","T","M","$","T","M"],"character_chosen":"THE_SILENT","items_purchased":["Dodecahedron","Deflect","Well Laid Plans","Ice Cream"],"campfire_rested":3,"item_purchase_floors":[4,12,12,28],"current_hp_per_floor":[63,63,70,70,67,31,31,12,12,8,8,8,29,28,49,18,57,41,41,41,41,30,30,3,24,24,16,16,16,0],"gold":162,"neow_bonus":"TWO_FIFTY_GOLD","is_prod":false,"is_daily":false,"chose_seed":false,"campfire_upgraded":1,"win_rate":0,"timestamp":1548998917,"path_taken":["M","?","?","$","M","E","M","E","T","M","?","$","R","M","R","BOSS","M","M","?","?","?","R","E","R","T","M","?","?","?"],"build_version":"2019-01-23","purchased_purges":1,"victory":false,"max_hp_per_floor":[63,63,70,70,70,70,70,70,70,70,70,70,70,70,70,70,70,70,70,70,70,70,70,70,70,70,70,70,70,70],"card_choices":[{"not_picked":["Bane","Expertise"],"picked":"Deflect","floor":1},{"not_picked":["Flying Knee","Quick Slash"],"picked":"Poisoned Stab","floor":5},{"not_picked":["Sucker Punch","Doppelganger"],"picked":"Footwork","floor":6},{"not_picked":["Blade Dance","Dagger Throw"],"picked":"Flying Knee","floor":7},{"not_picked":["Terror","Glass Knife"],"picked":"Backstab","floor":8},{"not_picked":["Outmaneuver","Flying Knee"],"picked":"All Out Attack","floor":10},{"not_picked":["Flechettes","Grand Finale"],"picked":"Backflip","floor":14},{"not_picked":["A Thousand Cuts","Night Terror"],"picked":"Unload","floor":16},{"not_picked":["Reflex","Predator"],"picked":"Cloak And Dagger","floor":18},{"not_picked":["Acrobatics","Poisoned Stab"],"picked":"Escape Plan+1","floor":19},{"not_picked":["Slice","Cloak And Dagger+1"],"picked":"Noxious Fumes","floor":22},{"not_picked":["Skewer","Eviscerate"],"picked":"Dash","floor":24},{"not_picked":["Dagger Spray","Backflip"],"picked":"Backstab+1","floor":27}],"player_experience":703821,"relics_obtained":[{"floor":6,"key":"Centennial Puzzle"},{"floor":8,"key":"Shuriken"},{"floor":9,"key":"Bronze Scales"},{"floor":24,"key":"Orichalcum"},{"floor":26,"key":"Snake Skull"}],"event_choices":[{"damage_healed":0,"gold_gain":0,"player_choice":"Leave","damage_taken":0,"max_hp_gain":0,"max_hp_loss":0,"event_name":"The Cleric","floor":2,"gold_loss":0},{"damage_healed":0,"gold_gain":0,"player_choice":"Box","damage_taken":0,"relics_obtained":["Strawberry"],"max_hp_gain":0,"max_hp_loss":0,"event_name":"Big Fish","floor":3,"gold_loss":0,"cards_obtained":["Regret"]},{"damage_healed":0,"gold_gain":0,"player_choice":"Grow","damage_taken":0,"max_hp_gain":0,"max_hp_loss":0,"event_name":"Living Wall","floor":11,"gold_loss":0,"cards_upgraded":["Backstab"]},{"damage_healed":0,"gold_gain":0,"player_choice":"Ignored","damage_taken":0,"max_hp_gain":0,"max_hp_loss":0,"event_name":"Ghosts","floor":20,"gold_loss":0},{"damage_healed":0,"gold_gain":0,"player_choice":"Trade","damage_taken":0,"relics_obtained":["SsserpentHead"],"max_hp_gain":0,"max_hp_loss":0,"event_name":"FaceTrader","floor":21,"gold_loss":0}],"is_beta":false,"boss_relics":[{"not_picked":["Runic Dome","Orrery"],"picked":"Sozu"}],"items_purged_floors":[4],"is_endless":false,"potions_floor_spawned":[6,7,10,14,19,27],"killed_by":"Sentry and Sphere","ascension_level":6}