{"gold_per_floor":[118,193,204,220,236,236,266,266,339,339,366,434,434,449,449,526,526,546,546,565,77,95,122,122,222,246,261,280,330,255,33,33,110,110,127,127,227,227,29,29,46,46,71,71,82,96,52,63,63,63],"floor_reached":50,"playtime":2176,"items_purged":["Strike_G"],"score":965,"play_id":"9e999b3e-9e25-4321-8f43-1d01d1beb545","local_time":"20190320163639","is_ascension_mode":true,"campfire_choices":[{"data":"Neutralize","floor":6.0,"key":"SMITH"},{"floor":8.0,"key":"REST"},{"floor":13.0,"key":"REST"},{"data":"Noxious Fumes","floor":15.0,"key":"SMITH"},{"data":"Crippling Poison","floor":24.0,"key":"SMITH"},{"floor":32.0,"key":"REST"},{"data":"The Bomb","floor":40.0,"key":"SMITH"},{"data":"Leg Sweep","floor":42.0,"key":"SMITH"},{"floor":49.0,"key":"REST"}],"neow_cost":"NONE","seed_source_timestamp":603329426614279,"circlet_count":0,"master_deck":["AscendersBane","Defend_G","Defend_G+1","Defend_G","Defend_G","Defend_G","Strike_G+1","Strike_G","Survivor","Neutralize+1","Noxious Fumes+1","Predator","Bouncing Flask","Terror+1","Dagger Spray","Die Die Die","Crippling Poison+1","Corpse Explosion","Leg Sweep+1","The Bomb+1","Cloak And Dagger+1","Parasite"],"special_seed":0,"relics":["Ring of the Snake","NeowsBlessing","Dead Branch","The Courier","Whetstone","Snecko Eye","Lee\u0027s Waffle","War Paint","Oddly Smooth Stone","Frozen Egg 2","Mango","Paper Crane","Art of War","Ancient Tea Set","ClockworkSouvenir","Cursed Key","Incense Burner","Anchor"],"potions_floor_usage":[50,50],"damage_taken":[{"damage":0.0,"enemies":"Small Slimes","floor":1.0,"turns":1.0},{"damage":0.0,"enemies":"Jaw Worm","floor":3.0,"turns":1.0},{"damage":0.0,"enemies":"2 Louse","floor":4.0,"turns":1.0},{"damage":4.0,"enemies":"Blue Slaver","floor":5.0,"turns":5.0},{"damage":19.0,"enemies":"Lagavulin","floor":7.0,"turns":7.0},{"damage":16.0,"enemies":"3 Sentries","floor":11.0,"turns":7.0},{"damage":14.0,"enemies":"2 Fungi Beasts","floor":14.0,"turns":3.0},{"damage":41.0,"enemies":"Slime Boss","floor":16.0,"turns":8.0},{"damage":25.0,"enemies":"Spheric Guardian","floor":18.0,"turns":4.0},{"damage":1.0,"enemies":"Chosen","floor":20.0,"turns":4.0},{"damage":7.0,"enemies":"Centurion and Healer","floor":22.0,"turns":6.0},{"damage":3.0,"enemies":"Gremlin Leader","floor":23.0,"turns":4.0},{"damage":11.0,"enemies":"Colosseum Slavers","floor":25.0,"turns":2.0},{"damage":7.0,"enemies":"Colosseum Nobs","floor":25.0,"turns":2.0},{"damage":6.0,"enemies":"Snecko","floor":27.0,"turns":4.0},{"damage":9.0,"enemies":"Shelled Parasite and Fungi","floor":28.0,"turns":3.0},{"damage":18.0,"enemies":"Collector","floor":33.0,"turns":6.0},{"damage":0.0,"enemies":"3 Darklings","floor":35.0,"turns":1.0},{"damage":3.0,"enemies":"Mind Bloom Boss Battle","floor":37.0,"turns":6.0},{"damage":0.0,"enemies":"Orb Walker","floor":41.0,"turns":3.0},{"damage":16.0,"enemies":"Transient","floor":45.0,"turns":6.0},{"damage":8.0,"enemies":"Maw","floor":46.0,"turns":6.0},{"damage":6.0,"enemies":"3 Darklings","floor":48.0,"turns":5.0},{"damage":83,"enemies":"Awakened One","floor":50,"turns":14}],"seed_played":"8703145476765608728","potions_obtained":[{"floor":4.0,"key":"GamblersBrew"},{"floor":5.0,"key":"Weak Potion"},{"floor":11.0,"key":"Strength Potion"},{"floor":14.0,"key":"Regen Potion"},{"floor":16.0,"key":"Energy Potion"},{"floor":20.0,"key":"SteroidPotion"},{"floor":22.0,"key":"LiquidBronze"},{"floor":28.0,"key":"AttackPotion"},{"floor":45.0,"key":"Weak Potion"}],"is_trial":false,"path_per_floor":["M","?","M","M","M","R","E","R","T","?","E","?","R","M","R","B",null,"M","?","M","$","M","E","R","?","T","M","M","T","?","$","R","B",null,"M","?","?","?","$","R","M","R","T","?","M","M","$","M","R","B"],"character_chosen":"THE_SILENT","items_purchased":["Lee\u0027s Waffle","War Paint","Oddly Smooth Stone","Dexterity Potion","ClockworkSouvenir","The Bomb","Swift Potion","Dexterity Potion"],"campfire_rested":4,"item_purchase_floors":[21,21,21,31,31,39,39,47],"current_hp_per_floor":[59,48,48,48,44,44,25,44,44,44,28,28,47,33,33,7,51,26,8,7,78,71,68,68,64,64,58,49,49,49,49,76,58,84,84,84,81,81,81,81,81,81,81,81,65,57,57,51,77,0],"gold":63,"neow_bonus":"THREE_ENEMY_KILL","is_prod":false,"is_daily":false,"chose_seed":false,"campfire_upgraded":5,"win_rate":0,"timestamp":1553114199,"path_taken":["M","?","M","M","M","R","E","R","T","?","E","?","R","M","R","BOSS","M","?","M","$","M","E","R","?","T","M","M","?","?","$","R","BOSS","M","?","?","?","?","R","M","R","T","?","M","M","$","M","R","BOSS"],"build_version":"2019-03-15","purchased_purges":1,"victory":false,"max_hp_per_floor":[66,66,66,66,66,66,66,66,66,66,66,66,66,66,66,66,66,66,71,71,78,78,78,78,92,92,92,92,92,92,92,92,92,92,92,92,92,87,87,87,87,87,87,87,87,87,87,87,87,87],"card_choices":[{"not_picked":["Backflip","Heel Hook"],"picked":"Noxious Fumes","floor":1.0},{"not_picked":["Poisoned Stab","Blade Dance"],"picked":"Predator","floor":3.0},{"not_picked":["Slice","Distraction","Blur"],"picked":"SKIP","floor":4.0},{"not_picked":["Expertise","PiercingWail"],"picked":"Bouncing Flask","floor":5.0},{"not_picked":["Riddle With Holes","Storm of Steel"],"picked":"Terror","floor":7.0},{"not_picked":["Quick Slash","Cloak And Dagger"],"picked":"Dagger Spray","floor":11.0},{"not_picked":["Finisher","PiercingWail","Acrobatics"],"picked":"SKIP","floor":14.0},{"not_picked":["Venomology","Doppelganger"],"picked":"Die Die Die","floor":16.0},{"not_picked":["Well Laid Plans","Cloak And Dagger"],"picked":"Crippling Poison","floor":18.0},{"not_picked":["Outmaneuver","Prepared","Poisoned Stab"],"picked":"SKIP","floor":20.0},{"not_picked":["Tactician","Blur"],"picked":"Corpse Explosion","floor":22.0},{"not_picked":["Deadly Poison+1","PiercingWail"],"picked":"Leg Sweep","floor":23.0},{"not_picked":["Accuracy+1","All Out Attack","Concentrate"],"picked":"SKIP","floor":27.0},{"not_picked":["Prepared","Cloak And Dagger","Expertise"],"picked":"SKIP","floor":28.0},{"not_picked":["Distraction","Backflip","Caltrops+1"],"picked":"SKIP","floor":35.0},{"not_picked":["Endless Agony","Finisher"],"picked":"Cloak And Dagger+1","floor":41.0},{"not_picked":["Poisoned Stab","Dagger Spray","Dagger Throw"],"picked":"SKIP","floor":45.0},{"not_picked":["Caltrops+1","Outmaneuver","Deflect+1"],"picked":"SKIP","floor":46.0},{"not_picked":["Prepared+1","Setup","Dagger Throw"],"picked":"SKIP","floor":48.0}],"player_experience":954170,"relics_obtained":[{"floor":7.0,"key":"Dead Branch"},{"floor":9.0,"key":"The Courier"},{"floor":11.0,"key":"Whetstone"},{"floor":23.0,"key":"Frozen Egg 2"},{"floor":25.0,"key":"Mango"},{"floor":25.0,"key":"Paper Crane"},{"floor":26.0,"key":"Art of War"},{"floor":29.0,"key":"Ancient Tea Set"},{"floor":37.0,"key":"Incense Burner"},{"floor":43.0,"key":"Anchor"}],"event_choices":[{"damage_healed":0.0,"max_hp_gain":0.0,"max_hp_loss":0.0,"gold_gain":75.0,"event_name":"World of Goop","player_choice":"Gather Gold","floor":2.0,"gold_loss":0.0,"damage_taken":11.0},{"damage_healed":0.0,"max_hp_gain":0.0,"max_hp_loss":0.0,"gold_gain":0.0,"event_name":"Liars Game","player_choice":"Ignored","floor":10.0,"gold_loss":0.0,"damage_taken":0.0},{"damage_healed":0.0,"max_hp_gain":0.0,"max_hp_loss":0.0,"gold_gain":68.0,"event_name":"Golden Wing","player_choice":"Gained Gold","floor":12.0,"gold_loss":0.0,"damage_taken":0.0},{"damage_healed":0.0,"max_hp_gain":5.0,"max_hp_loss":0.0,"gold_gain":0.0,"event_name":"Forgotten Altar","player_choice":"Shed Blood","floor":19.0,"gold_loss":0.0,"damage_taken":23.0},{"damage_healed":0.0,"max_hp_gain":0.0,"max_hp_loss":0.0,"gold_gain":0.0,"event_name":"Colosseum","player_choice":"Fight","floor":25.0,"gold_loss":0.0,"damage_taken":0.0},{"damage_healed":0.0,"max_hp_gain":0.0,"max_hp_loss":0.0,"gold_gain":0.0,"event_name":"Colosseum","player_choice":"Fought Nobs","floor":25.0,"gold_loss":0.0,"damage_taken":0.0},{"cards_removed":["Strike_G"],"damage_healed":0.0,"max_hp_gain":0.0,"max_hp_loss":0.0,"gold_gain":0.0,"event_name":"Beggar","player_choice":"Gave Gold","floor":30.0,"gold_loss":75.0,"damage_taken":0.0},{"damage_healed":0.0,"max_hp_gain":0.0,"max_hp_loss":0.0,"gold_gain":0.0,"event_name":"Tomb of Lord Red Mask","player_choice":"Ignored","floor":36.0,"gold_loss":0.0,"damage_taken":0.0},{"damage_healed":0.0,"max_hp_gain":0.0,"max_hp_loss":0.0,"gold_gain":0.0,"event_name":"MindBloom","player_choice":"Fight","floor":37.0,"gold_loss":0.0,"damage_taken":0.0},{"damage_healed":0.0,"max_hp_gain":0.0,"max_hp_loss":5.0,"gold_gain":0.0,"event_name":"Winding Halls","player_choice":"Max HP","floor":38.0,"gold_loss":0.0,"damage_taken":0.0},{"cards_removed":["Strike_G"],"damage_healed":0.0,"max_hp_gain":0.0,"max_hp_loss":0.0,"gold_gain":0.0,"event_name":"Falling","player_choice":"Removed Attack","floor":44.0,"gold_loss":0.0,"damage_taken":0.0}],"is_beta":true,"boss_relics":[{"not_picked":["Tiny House","Astrolabe"],"picked":"Snecko Eye"},{"not_picked":["Runic Pyramid","Eternal Feather"],"picked":"Cursed Key"}],"items_purged_floors":[21],"is_endless":false,"potions_floor_spawned":[4,5,11,14,16,20,22,28,45,46,48],"killed_by":"Awakened One","ascension_level":20}