{"gold_per_floor":[111,111,261,285,300,300,9,48,101,101,115,115,136,169,169,263,263,263,263,263,175,175,175],"floor_reached":23,"playtime":780,"items_purged":["Doubt"],"score":382,"play_id":"5919e288-772a-4095-83c6-100a8483fcef","local_time":"20190511112124","is_ascension_mode":true,"campfire_choices":[{"data":"Infernal Blade","floor":6,"key":"SMITH"},{"data":"Spot Weakness","floor":10,"key":"SMITH"},{"data":"Corruption","floor":12,"key":"SMITH"},{"data":"Feel No Pain","floor":15,"key":"SMITH"}],"neow_cost":"NONE","seed_source_timestamp":2583009971925755,"circlet_count":0,"master_deck":["AscendersBane","Strike_R","Strike_R","Strike_R","Strike_R","Strike_R","Defend_R","Defend_R","Defend_R","Defend_R","Bash","Feel No Pain+1","Metallicize","Infernal Blade+1","Spot Weakness+1","Corruption+1","Dual Wield","Shrug It Off","Demon Form","Intimidate","Havoc","Offering","Seeing Red"],"relics":["Burning Blood","Golden Idol","Medical Kit","Strawberry","Bottled Tornado","Ectoplasm"],"potions_floor_usage":[8,14,16,23],"damage_taken":[{"damage":9,"enemies":"Jaw Worm","floor":1,"turns":4},{"damage":8,"enemies":"2 Louse","floor":4,"turns":4},{"damage":11,"enemies":"Cultist","floor":5,"turns":5},{"damage":16,"enemies":"3 Sentries","floor":8,"turns":8},{"damage":5,"enemies":"Looter","floor":11,"turns":3},{"damage":9,"enemies":"Blue Slaver","floor":13,"turns":4},{"damage":22,"enemies":"Lagavulin","floor":14,"turns":8},{"damage":41,"enemies":"Hexaghost","floor":16,"turns":10},{"damage":18,"enemies":"Chosen","floor":18,"turns":8},{"damage":14,"enemies":"Spheric Guardian","floor":19,"turns":5},{"damage":40,"enemies":"Shelled Parasite and Fungi","floor":22,"turns":5},{"damage":20,"enemies":"Gremlin Leader","floor":23,"turns":4}],"seed_played":"-6500960763080695833","potions_obtained":[{"floor":1,"key":"Block Potion"},{"floor":8,"key":"Regen Potion"},{"floor":13,"key":"Ancient Potion"},{"floor":14,"key":"GamblersBrew"},{"floor":16,"key":"Swift Potion"},{"floor":19,"key":"PowerPotion"}],"is_trial":false,"path_per_floor":["M","?","?","M","M","R","$","E","T","R","M","R","M","E","R","B",null,"M","M","?","$","M","E"],"character_chosen":"IRONCLAD","items_purchased":["Medical Kit","Offering"],"campfire_rested":0,"item_purchase_floors":[7,21],"current_hp_per_floor":[72,72,72,70,65,65,65,62,62,62,63,63,60,59,59,24,67,55,47,47,47,13,0],"gold":175,"neow_bonus":"TEN_PERCENT_HP_BONUS","is_prod":false,"is_daily":false,"chose_seed":false,"campfire_upgraded":4,"win_rate":0,"timestamp":1557584484,"path_taken":["M","?","?","M","M","R","$","E","T","R","M","R","M","E","R","BOSS","M","M","?","?","M","E"],"build_version":"2019-01-23","purchased_purges":1,"victory":false,"max_hp_per_floor":[82,74,74,74,74,74,74,81,81,81,81,81,81,81,81,81,81,81,81,81,81,81,81],"card_choices":[{"not_picked":["Clothesline","Armaments"],"picked":"Feel No Pain","floor":1},{"not_picked":["Thunderclap","Pummel"],"picked":"Metallicize","floor":4},{"not_picked":["Berserk","Searing Blow"],"picked":"Infernal Blade","floor":5},{"not_picked":["Armaments","Sentinel"],"picked":"Spot Weakness","floor":8},{"not_picked":["Armaments","Clash"],"picked":"Corruption","floor":11},{"not_picked":["Heavy Blade","Body Slam"],"picked":"Dual Wield","floor":13},{"not_picked":["Dropkick","Headbutt"],"picked":"Shrug It Off","floor":14},{"not_picked":["Limit Break","Barricade"],"picked":"Demon Form","floor":16},{"not_picked":["Perfected Strike","Warcry"],"picked":"Intimidate","floor":18},{"not_picked":["Clash","True Grit"],"picked":"Havoc","floor":19},{"not_picked":["Blood for Blood","Twin Strike"],"picked":"Seeing Red","floor":22}],"player_experience":1328556,"relics_obtained":[{"floor":8,"key":"Strawberry"},{"floor":14,"key":"Bottled Tornado"}],"event_choices":[{"damage_healed":0,"gold_gain":0,"player_choice":"Lose Max HP","damage_taken":0,"relics_obtained":["Golden Idol"],"max_hp_gain":0,"max_hp_loss":8,"event_name":"Golden Idol","floor":2,"gold_loss":0},{"damage_healed":0,"gold_gain":150,"player_choice":"AGREE","damage_taken":0,"max_hp_gain":0,"max_hp_loss":0,"event_name":"Liars Game","floor":3,"gold_loss":0,"cards_obtained":["Doubt"]},{"damage_healed":0,"gold_gain":0,"player_choice":"Ignored","damage_taken":0,"max_hp_gain":0,"max_hp_loss":0,"event_name":"N\u0027loth","floor":20,"gold_loss":0}],"is_beta":false,"boss_relics":[{"not_picked":["White Beast Statue","Lizard Tail"],"picked":"Ectoplasm"}],"items_purged_floors":[7],"is_endless":false,"potions_floor_spawned":[1,8,13,14,16,19],"killed_by":"Gremlin Leader","ascension_level":18}