{"gold_per_floor":[117,117,132,132,143,143,154,174,174,174,207,43,56,156,156,255,255,269,87,113,113,124,10,10],"floor_reached":24,"playtime":1301,"items_purged":["Strike_G"],"score":196,"play_id":"03535955-1945-43ea-9919-6e6a966e5667","local_time":"20190328205155","is_ascension_mode":false,"campfire_choices":[{"data":"Backstab","floor":6,"key":"SMITH"},{"data":"Bouncing Flask","floor":10,"key":"SMITH"},{"floor":15,"key":"REST"}],"neow_cost":"NONE","seed_source_timestamp":471425989744300,"circlet_count":0,"master_deck":["Defend_G","Defend_G","Defend_G","Defend_G","Defend_G","Strike_G","Strike_G","Strike_G","Strike_G","Survivor","Neutralize","Backstab+1","Poisoned Stab","Quick Slash","Bouncing Flask+1","Dodge and Roll","Burst","Bane","PiercingWail","Dramatic Entrance","Dagger Throw","Tools of the Trade","Calculated Gamble","Escape Plan","Heel Hook","Acrobatics+1","Cloak And Dagger","Impatience","Blur","Slice","Backstab","Distraction"],"relics":["Ring of the Snake","NlothsMask","Kunai","Sozu","Red Mask"],"potions_floor_usage":[11,16],"damage_taken":[{"damage":5,"enemies":"Small Slimes","floor":1,"turns":4},{"damage":1,"enemies":"Cultist","floor":3,"turns":4},{"damage":1,"enemies":"Jaw Worm","floor":5,"turns":3},{"damage":0,"enemies":"3 Louse","floor":7,"turns":2},{"damage":7,"enemies":"Exordium Thugs","floor":8,"turns":3},{"damage":20,"enemies":"Lagavulin","floor":11,"turns":7},{"damage":0,"enemies":"Red Slaver","floor":13,"turns":3},{"damage":40,"enemies":"Hexaghost","floor":16,"turns":10},{"damage":1,"enemies":"Shell Parasite","floor":18,"turns":4},{"damage":21,"enemies":"Masked Bandits","floor":20,"turns":6},{"damage":0,"enemies":"Chosen","floor":22,"turns":4},{"damage":65,"enemies":"Gremlin Leader","floor":24,"turns":6}],"seed_played":"-6413376391240449088","potions_obtained":[{"floor":3,"key":"Energy Potion"},{"floor":11,"key":"GamblersBrew"},{"floor":16,"key":"GamblersBrew"}],"is_trial":false,"path_per_floor":["M","?","M","?","M","R","M","M","T","R","E","$","M","?","R","B",null,"M","$","?","?","M","$","E"],"character_chosen":"THE_SILENT","items_purchased":["Bane","PiercingWail","Dramatic Entrance","Escape Plan","Heel Hook","Backstab","Distraction"],"campfire_rested":1,"item_purchase_floors":[12,12,12,19,19,23,23],"current_hp_per_floor":[72,77,76,76,75,75,75,68,68,68,48,48,48,48,72,32,82,81,81,60,60,60,60,0],"gold":10,"neow_bonus":"TEN_PERCENT_HP_BONUS","is_prod":false,"is_daily":false,"chose_seed":false,"campfire_upgraded":2,"win_rate":0.0,"timestamp":1553820715,"path_taken":["M","?","M","?","M","R","?","M","T","R","E","$","M","?","R","BOSS","M","?","?","?","M","$","E"],"build_version":"2019-01-23","purchased_purges":1,"victory":false,"max_hp_per_floor":[77,82,82,82,82,82,82,82,82,82,82,82,82,82,82,82,82,82,82,82,82,82,82,82],"card_choices":[{"not_picked":["Sucker Punch","Prepared"],"picked":"Backstab","floor":1},{"not_picked":["Dodge and Roll","Outmaneuver"],"picked":"Poisoned Stab","floor":3},{"not_picked":["All Out Attack","Cloak And Dagger"],"picked":"Quick Slash","floor":5},{"not_picked":["Underhanded Strike","Caltrops"],"picked":"Bouncing Flask","floor":7},{"not_picked":["Acrobatics","Underhanded Strike"],"picked":"Dodge and Roll","floor":8},{"not_picked":["Blade Dance","Choke"],"picked":"Burst","floor":11},{"not_picked":["Bane","Sucker Punch"],"picked":"Dagger Throw","floor":13},{"not_picked":["After Image","Storm of Steel"],"picked":"Tools of the Trade","floor":16},{"not_picked":["Eviscerate","Prepared"],"picked":"Calculated Gamble","floor":18},{"not_picked":["PiercingWail","Dagger Throw+1"],"picked":"Acrobatics+1","floor":20},{"not_picked":["Prepared","Masterful Stab+1"],"picked":"Slice","floor":22}],"player_experience":24553,"relics_obtained":[{"floor":11,"key":"Kunai"},{"floor":20,"key":"Red Mask"}],"event_choices":[{"damage_healed":0,"gold_gain":0,"player_choice":"Donut","damage_taken":0,"max_hp_gain":5,"max_hp_loss":0,"event_name":"Big Fish","floor":2,"gold_loss":0},{"damage_healed":0,"gold_gain":0,"player_choice":"Trade","damage_taken":0,"relics_obtained":["NlothsMask"],"max_hp_gain":0,"max_hp_loss":0,"event_name":"FaceTrader","floor":4,"gold_loss":0},{"damage_healed":0,"gold_gain":100,"player_choice":"Gold","damage_taken":0,"max_hp_gain":0,"max_hp_loss":0,"event_name":"Wheel of Change","floor":14,"gold_loss":0},{"damage_healed":0,"gold_gain":0,"player_choice":"Fought Bandits","damage_taken":0,"max_hp_gain":0,"max_hp_loss":0,"event_name":"Masked Bandits","floor":20,"gold_loss":0},{"damage_healed":0,"gold_gain":0,"player_choice":"3 cards matched","damage_taken":0,"max_hp_gain":0,"max_hp_loss":0,"event_name":"Match and Keep!","floor":21,"gold_loss":0,"cards_obtained":["Cloak And Dagger","Impatience","Blur"]}],"is_beta":false,"boss_relics":[{"not_picked":["Fusion Hammer","Orrery"],"picked":"Sozu"}],"items_purged_floors":[19],"is_endless":false,"potions_floor_spawned":[3,11,16],"killed_by":"Gremlin Leader","ascension_level":0}