{"gold_per_floor":[119,131,131,150,24,24,57,57,57,90,100,100,133,145,145,249,249,266,266,366,366,385,414,414,414,465,494,508,221,236,266,266,366,366,379,396,412,130,130,161,161,190,242,242,271,271,288,342,342,342,342,342,11,44,44],"floor_reached":56,"playtime":4413,"items_purged":["Strike_B","Strike_B","Strike_B"],"score":1544,"play_id":"91cfe8a0-50a0-4272-b9cb-59b246eae0ca","local_time":"20190306204332","is_ascension_mode":true,"campfire_choices":[{"data":"Zap","floor":6,"key":"SMITH"},{"data":"Coolheaded","floor":8,"key":"SMITH"},{"data":"Loop","floor":15,"key":"SMITH"},{"data":"Loop","floor":24,"key":"SMITH"},{"data":"Biased Cognition","floor":32,"key":"SMITH"},{"floor":41,"key":"RECALL"},{"floor":46,"key":"REST"},{"floor":49,"key":"REST"},{"data":"1","floor":52,"key":"LIFT"}],"neow_cost":"NONE","seed_source_timestamp":448236468123097,"circlet_count":0,"master_deck":["Defend_B","Defend_B","Defend_B","Defend_B","Zap+1","Dualcast","Steam","Sunder+1","Self Repair","Coolheaded+1","Rebound","Darkness","Loop+1","Core Surge","Loop+1","Coolheaded","Biased Cognition+1","Glacier","Leap","Steam Power","Hologram","Force Field","Discovery","Coolheaded","Hologram+1","Force Field+1","Multi-Cast","Defragment","Coolheaded+1","Capacitor","Impatience","Jack Of All Trades","Redo","BootSequence+1","Steam Power"],"relics":["Cracked Core","Meat on the Bone","PreservedInsect","Kunai","Busted Crown","Enchiridion","Torii","Bottled Flame","Ornamental Fan","Bronze Scales","Dream Catcher","Girya","Gremlin Horn","Fusion Hammer","Bottled Lightning","Prayer Wheel","Potion Belt","Strawberry","Dead Branch","Runic Capacitor","Sundial"],"potions_floor_usage":[7,20,20,28,55,55,55,55],"damage_taken":[{"damage":5,"enemies":"Small Slimes","floor":1,"turns":4},{"damage":1,"enemies":"Cultist","floor":2,"turns":4},{"damage":0,"enemies":"2 Louse","floor":4,"turns":2},{"damage":3,"enemies":"Gremlin Nob","floor":7,"turns":3},{"damage":13,"enemies":"3 Sentries","floor":10,"turns":8},{"damage":3,"enemies":"Red Slaver","floor":11,"turns":3},{"damage":0,"enemies":"Gremlin Nob","floor":13,"turns":2},{"damage":0,"enemies":"2 Fungi Beasts","floor":14,"turns":1},{"damage":46,"enemies":"Hexaghost","floor":16,"turns":9},{"damage":24,"enemies":"2 Thieves","floor":18,"turns":4},{"damage":10,"enemies":"Colosseum Slavers","floor":20,"turns":3},{"damage":8,"enemies":"Colosseum Nobs","floor":20,"turns":4},{"damage":1,"enemies":"Chosen","floor":22,"turns":3},{"damage":1,"enemies":"Gremlin Leader","floor":23,"turns":8},{"damage":11,"enemies":"Slavers","floor":27,"turns":5},{"damage":2,"enemies":"Snake Plant","floor":28,"turns":3},{"damage":1,"enemies":"Centurion and Healer","floor":30,"turns":6},{"damage":0,"enemies":"Book of Stabbing","floor":31,"turns":4},{"damage":0,"enemies":"Champ","floor":33,"turns":7},{"damage":0,"enemies":"3 Shapes","floor":35,"turns":4},{"damage":0,"enemies":"Orb Walker","floor":36,"turns":4},{"damage":1,"enemies":"3 Darklings","floor":37,"turns":4},{"damage":10,"enemies":"Reptomancer","floor":40,"turns":6},{"damage":20,"enemies":"Nemesis","floor":42,"turns":5},{"damage":0,"enemies":"Reptomancer","floor":45,"turns":7},{"damage":1,"enemies":"Jaw Worm Horde","floor":47,"turns":4},{"damage":35,"enemies":"2 Orb Walkers","floor":48,"turns":8},{"damage":49,"enemies":"Time Eater","floor":50,"turns":18},{"damage":0,"enemies":"Shield and Spear","floor":54,"turns":6},{"damage":1,"enemies":"The Heart","floor":55,"turns":9}],"seed_played":"-2371598928664135515","potions_obtained":[{"floor":0,"key":"PowerPotion"},{"floor":0,"key":"Dexterity Potion"},{"floor":0,"key":"Ancient Potion"},{"floor":10,"key":"Swift Potion"},{"floor":11,"key":"LiquidBronze"},{"floor":27,"key":"Weak Potion"},{"floor":30,"key":"SpeedPotion"},{"floor":31,"key":"GamblersBrew"},{"floor":33,"key":"Dexterity Potion"},{"floor":40,"key":"FocusPotion"},{"floor":48,"key":"EssenceOfSteel"}],"is_trial":false,"path_per_floor":["M","M","?","M","$","R","E","R","T","E","M","?","E","M","R","B",null,"M","?","?","?","M","E","R","T","T","E","M","$","M","E","R","B",null,"M","M","M","$","?","E","R","E","T","?","E","R","M","?","R","B",null,"R","$","E","B",null],"character_chosen":"DEFECT","items_purchased":["Coolheaded","Force Field","Discovery","Coolheaded","Capacitor","Ancient Potion","Runic Capacitor","Steam Power","FearPotion"],"campfire_rested":2,"item_purchase_floors":[5,29,29,29,38,38,53,53,53],"current_hp_per_floor":[70,69,69,69,69,69,66,66,66,60,64,64,64,64,64,37,75,58,42,50,75,74,75,75,75,75,71,75,75,75,75,75,75,75,75,75,75,75,75,65,65,52,52,42,56,80,79,51,75,45,82,82,82,82,82],"gold":44,"neow_bonus":"THREE_SMALL_POTIONS","is_prod":false,"is_daily":false,"chose_seed":false,"campfire_upgraded":5,"win_rate":0,"timestamp":1551923012,"path_taken":["M","M","?","M","$","R","E","R","T","E","?","?","E","?","R","BOSS","M","?","?","?","M","E","R","?","T","E","?","$","M","E","R","BOSS","M","M","M","$","?","E","R","E","T","?","E","R","M","?","R","BOSS","R","$","E","BOSS"],"build_version":"2019-02-06","purchased_purges":3,"victory":true,"max_hp_per_floor":[75,75,75,75,75,75,75,75,75,75,75,75,75,75,75,75,75,75,75,75,75,75,75,75,75,75,75,75,75,75,75,75,75,75,75,75,75,75,75,75,75,75,75,75,82,82,82,82,82,82,82,82,82,82,82],"card_choices":[{"not_picked":["Turbo","Sweeping Beam"],"picked":"Steam","floor":1},{"not_picked":["Hologram","Coolheaded"],"picked":"Sunder","floor":2},{"not_picked":["Cold Snap","Steam"],"picked":"Self Repair","floor":4},{"not_picked":["Lockon","Heatsinks"],"picked":"Rebound","floor":7},{"not_picked":["Rebound","Stack"],"picked":"Darkness","floor":10},{"not_picked":["Streamline","Tempest"],"picked":"Loop","floor":11},{"not_picked":["Turbo","Coolheaded"],"picked":"Loop","floor":13},{"not_picked":["Multi-Cast","Ball Lightning"],"picked":"Coolheaded","floor":14},{"not_picked":["Meteor Strike","Echo Form"],"picked":"Biased Cognition","floor":16},{"not_picked":["Compile Driver"],"picked":"SKIP","floor":18},{"not_picked":[],"picked":"Glacier","floor":20},{"not_picked":[],"picked":"Leap","floor":22},{"not_picked":[],"picked":"Steam Power","floor":23},{"not_picked":["Tempest"],"picked":"SKIP","floor":27},{"not_picked":[],"picked":"Hologram","floor":28},{"not_picked":[],"picked":"Hologram+1","floor":30},{"not_picked":[],"picked":"Force Field+1","floor":31},{"not_picked":[],"picked":"Multi-Cast","floor":33},{"not_picked":[],"picked":"Defragment","floor":35},{"not_picked":["Cold Snap"],"picked":"SKIP","floor":36},{"not_picked":[],"picked":"Coolheaded+1","floor":37},{"not_picked":["Steam"],"picked":"SKIP","floor":40},{"not_picked":["Reinforced Body"],"picked":"SKIP","floor":42},{"not_picked":[],"picked":"Impatience","floor":44},{"not_picked":[],"picked":"Jack Of All Trades","floor":44},{"not_picked":["Cold Snap"],"picked":"SKIP","floor":45},{"not_picked":[],"picked":"Redo","floor":47},{"not_picked":["Sweeping Beam"],"picked":"SKIP","floor":47},{"not_picked":[],"picked":"BootSequence+1","floor":49},{"not_picked":["Hologram+1"],"picked":"SKIP","floor":54}],"player_experience":4829992,"relics_obtained":[{"floor":7,"key":"Meat on the Bone"},{"floor":10,"key":"PreservedInsect"},{"floor":13,"key":"Kunai"},{"floor":19,"key":"Enchiridion"},{"floor":20,"key":"Torii"},{"floor":20,"key":"Bottled Flame"},{"floor":23,"key":"Ornamental Fan"},{"floor":25,"key":"Bronze Scales"},{"floor":26,"key":"Dream Catcher"},{"floor":27,"key":"Girya"},{"floor":31,"key":"Gremlin Horn"},{"floor":40,"key":"Bottled Lightning"},{"floor":42,"key":"Prayer Wheel"},{"floor":43,"key":"Potion Belt"},{"floor":45,"key":"Strawberry"},{"floor":48,"key":"Dead Branch"},{"floor":54,"key":"Sundial"}],"event_choices":[{"damage_healed":0,"gold_gain":0,"player_choice":"Upgraded","damage_taken":0,"max_hp_gain":0,"max_hp_loss":0,"event_name":"Upgrade Shrine","floor":3,"gold_loss":0,"cards_upgraded":["Sunder"]},{"damage_healed":0,"gold_gain":0,"cards_transformed":["Strike_B"],"player_choice":"Transformed","damage_taken":0,"max_hp_gain":0,"max_hp_loss":0,"event_name":"Transmorgrifier","floor":12,"gold_loss":0,"cards_obtained":["Core Surge"]},{"damage_healed":0,"gold_gain":0,"player_choice":"Obtained Book","damage_taken":16,"max_hp_gain":0,"max_hp_loss":0,"event_name":"Cursed Tome","floor":19,"gold_loss":0},{"damage_healed":0,"gold_gain":0,"player_choice":"Fight","damage_taken":0,"max_hp_gain":0,"max_hp_loss":0,"event_name":"Colosseum","floor":20,"gold_loss":0},{"damage_healed":0,"gold_gain":0,"player_choice":"Fought Nobs","damage_taken":0,"max_hp_gain":0,"max_hp_loss":0,"event_name":"Colosseum","floor":20,"gold_loss":0},{"damage_healed":25,"gold_gain":0,"player_choice":"Heal","damage_taken":0,"max_hp_gain":0,"max_hp_loss":0,"event_name":"The Library","floor":21,"gold_loss":0},{"damage_healed":0,"gold_gain":0,"player_choice":"Ignored","damage_taken":0,"max_hp_gain":0,"max_hp_loss":0,"event_name":"Tomb of Lord Red Mask","floor":39,"gold_loss":0},{"damage_healed":0,"gold_gain":0,"player_choice":"Memory 3","damage_taken":10,"max_hp_gain":0,"max_hp_loss":0,"event_name":"SensoryStone","floor":44,"gold_loss":0},{"damage_healed":0,"gold_gain":0,"player_choice":"Fight","damage_taken":0,"max_hp_gain":0,"max_hp_loss":0,"event_name":"Mysterious Sphere","floor":48,"gold_loss":0}],"is_beta":true,"boss_relics":[{"not_picked":["Snecko Eye","White Beast Statue"],"picked":"Busted Crown"},{"not_picked":["Philosopher\u0027s Stone","Orrery"],"picked":"Fusion Hammer"}],"items_purged_floors":[5,29,38],"is_endless":false,"potions_floor_spawned":[1,10,11,14,16,20,27,30,31,33,35,36,40,48],"ascension_level":1}