{"gold_per_floor":[115,115,132,132,156,187,211,211,259,259,292,312,31,31,31,152,152,173,173,206,206,230,271,302,332,344,396,428,440,493,455,467,598,610,637,672,959,990,663,663,696,719,719,759,759,797,797,821,821,821,821,821,79,115,115],"floor_reached":56,"playtime":3655,"items_purged":["Regret"],"score":1379,"play_id":"48f1362b-63d8-42e9-828b-9266965cb599","local_time":"20190330025214","is_ascension_mode":true,"campfire_choices":[{"data":"Uppercut","floor":8,"key":"SMITH"},{"data":"Havoc","floor":10,"key":"SMITH"},{"data":"Metallicize","floor":15,"key":"SMITH"},{"data":"Shrug It Off","floor":29,"key":"SMITH"},{"data":"Defend_R","floor":32,"key":"SMITH"},{"data":"Brutality","floor":40,"key":"SMITH"},{"floor":47,"key":"RECALL"},{"data":"Inflame","floor":49,"key":"SMITH"},{"data":"Defend_R","floor":52,"key":"SMITH"}],"neow_cost":"NONE","seed_source_timestamp":1581233555536326,"circlet_count":0,"master_deck":["Defend_R+1","Defend_R","Defend_R+1","Bash","Sever Soul+1","Uppercut+1","Havoc+1","Feel No Pain+1","Metallicize+1","Shrug It Off+1","Clash+1","Warcry+1","Fiend Fire+1","Ghostly Armor+1","Bite+1","Bite+1","Bite+1","Bite+1","Bite+1","Infernal Blade+1","Ghostly Armor+1","Spot Weakness+1","Battle Trance+1","Anger+1","Anger+1","Uppercut+1","Sword Boomerang+1","Brutality+1","Intimidate+1","Havoc+1","Combust+1","Shockwave+1","Inflame+1","Feel No Pain+1","Parasite","Disarm+1","Rupture","Havoc+1","Evolve","Power Through+1","Havoc+1","Headbutt+1","Barricade"],"relics":["Burning Blood","Golden Idol","Pantograph","Ancient Tea Set","Centennial Puzzle","Toxic Egg 2","Molten Egg 2","Mark of Pain","Red Mask","MawBank","Whetstone","Blood Vial","Mummified Hand","Cursed Key","Lantern","Blue Candle","Orichalcum","Letter Opener","ClockworkSouvenir","Ice Cream","Oddly Smooth Stone"],"potions_floor_usage":[7,18,20,23,33,36,55,55,55],"damage_taken":[{"damage":7,"enemies":"Small Slimes","floor":1,"turns":3},{"damage":5,"enemies":"Jaw Worm","floor":3,"turns":4},{"damage":0,"enemies":"2 Louse","floor":5,"turns":2},{"damage":44,"enemies":"3 Sentries","floor":6,"turns":7},{"damage":0,"enemies":"Looter","floor":7,"turns":1},{"damage":17,"enemies":"Gremlin Nob","floor":11,"turns":5},{"damage":6,"enemies":"Large Slime","floor":12,"turns":8},{"damage":23,"enemies":"Slime Boss","floor":16,"turns":16},{"damage":0,"enemies":"3 Byrds","floor":18,"turns":3},{"damage":22,"enemies":"Masked Bandits","floor":20,"turns":6},{"damage":2,"enemies":"2 Thieves","floor":22,"turns":2},{"damage":12,"enemies":"Gremlin Leader","floor":23,"turns":6},{"damage":1,"enemies":"Cultist and Chosen","floor":24,"turns":3},{"damage":13,"enemies":"Centurion and Healer","floor":25,"turns":4},{"damage":6,"enemies":"Slavers","floor":27,"turns":6},{"damage":15,"enemies":"Snecko","floor":28,"turns":4},{"damage":12,"enemies":"Book of Stabbing","floor":30,"turns":4},{"damage":44,"enemies":"Automaton","floor":33,"turns":12},{"damage":1,"enemies":"Orb Walker","floor":35,"turns":3},{"damage":26,"enemies":"3 Shapes","floor":36,"turns":3},{"damage":4,"enemies":"Transient","floor":38,"turns":5},{"damage":29,"enemies":"Reptomancer","floor":41,"turns":5},{"damage":10,"enemies":"Jaw Worm Horde","floor":42,"turns":3},{"damage":23,"enemies":"Giant Head","floor":44,"turns":7},{"damage":7,"enemies":"Nemesis","floor":46,"turns":5},{"damage":20,"enemies":"Spire Growth","floor":48,"turns":4},{"damage":17,"enemies":"Donu and Deca","floor":50,"turns":7},{"damage":21,"enemies":"Shield and Spear","floor":54,"turns":6},{"damage":33,"enemies":"The Heart","floor":55,"turns":6}],"seed_played":"-4682315596887367962","potions_obtained":[{"floor":1,"key":"LiquidBronze"},{"floor":5,"key":"SpeedPotion"},{"floor":6,"key":"SneckoOil"},{"floor":12,"key":"Ancient Potion"},{"floor":20,"key":"GamblersBrew"},{"floor":22,"key":"Poison Potion"},{"floor":27,"key":"GamblersBrew"},{"floor":28,"key":"Fire Potion"},{"floor":35,"key":"Dexterity Potion"},{"floor":38,"key":"SteroidPotion"},{"floor":42,"key":"LiquidBronze"}],"is_trial":false,"path_per_floor":["M","?","M","?","M","E","M","R","T","R","E","M","$","T","R","B",null,"M","?","?","?","M","E","M","M","T","E","M","R","E","?","R","B",null,"M","M","?","M","$","R","E","M","T","E","?","E","R","M","R","B",null,"R","$","E","B",null],"character_chosen":"IRONCLAD","items_purchased":["Toxic Egg 2","Warcry+1","Shockwave+1","Lantern","PowerPotion","ClockworkSouvenir","Evolve","Power Through+1","Havoc+1","Headbutt+1","Ice Cream"],"campfire_rested":0,"item_purchase_floors":[13,13,39,39,39,53,53,53,53,53,53],"current_hp_per_floor":[79,84,85,79,79,41,47,47,47,47,36,36,36,36,36,44,79,79,55,54,54,55,55,55,55,55,55,52,52,55,55,55,44,55,55,45,45,55,55,55,45,49,49,48,48,52,52,49,49,50,52,52,52,46,39],"gold":115,"neow_bonus":"REMOVE_CARD","is_prod":false,"is_daily":false,"chose_seed":false,"campfire_upgraded":8,"win_rate":0,"timestamp":1553928734,"path_taken":["M","?","M","?","M","E","M","R","T","R","E","M","$","?","R","BOSS","M","?","?","?","?","E","M","M","T","E","M","R","E","?","R","BOSS","M","M","?","M","$","R","E","?","T","E","?","E","R","M","R","BOSS","R","$","E","BOSS"],"build_version":"2019-03-15","purchased_purges":1,"victory":true,"max_hp_per_floor":[80,85,85,79,79,79,79,79,79,79,79,79,79,79,79,79,79,79,55,55,55,55,55,55,55,55,55,55,55,55,55,55,55,55,55,55,55,55,55,55,55,55,55,55,52,52,52,52,52,52,52,52,52,52,52],"card_choices":[{"not_picked":["Corruption","Blood for Blood"],"picked":"Sever Soul","floor":1},{"not_picked":["Heavy Blade","Flex"],"picked":"Uppercut","floor":3},{"not_picked":["Heavy Blade","Headbutt"],"picked":"Havoc","floor":5},{"not_picked":["Headbutt","Shrug It Off"],"picked":"Feel No Pain","floor":6},{"not_picked":["Reaper","Twin Strike"],"picked":"Metallicize","floor":7},{"not_picked":["Flex","Hemokinesis"],"picked":"Shrug It Off","floor":11},{"not_picked":["Heavy Blade","Warcry"],"picked":"Clash","floor":12},{"not_picked":["Berserk","Double Tap+1"],"picked":"Fiend Fire+1","floor":16},{"not_picked":["Burning Pact+1","Rupture"],"picked":"Ghostly Armor+1","floor":18},{"not_picked":["Flex+1","Seeing Red+1"],"picked":"Infernal Blade+1","floor":20},{"not_picked":["Carnage+1","Clash+1"],"picked":"Ghostly Armor+1","floor":22},{"not_picked":["Rupture","Whirlwind+1"],"picked":"Spot Weakness+1","floor":23},{"not_picked":["Iron Wave+1","Power Through+1"],"picked":"Battle Trance+1","floor":24},{"not_picked":["Intimidate+1","Havoc+1"],"picked":"Anger+1","floor":25},{"not_picked":["Thunderclap+1","Second Wind+1"],"picked":"Anger+1","floor":27},{"not_picked":["Rupture","Carnage+1"],"picked":"Uppercut+1","floor":28},{"not_picked":["Clothesline+1","Entrench+1"],"picked":"Sword Boomerang+1","floor":30},{"not_picked":["Double Tap+1","Fiend Fire+1"],"picked":"Brutality","floor":33},{"not_picked":["Sentinel+1","Pommel Strike+1"],"picked":"Intimidate+1","floor":35},{"not_picked":["Seeing Red+1","Pommel Strike+1"],"picked":"Havoc+1","floor":36},{"not_picked":["Thunderclap+1","Wild Strike+1"],"picked":"Combust+1","floor":38},{"not_picked":["Havoc+1","True Grit+1"],"picked":"Inflame","floor":41},{"not_picked":["Reckless Charge+1","Rage+1"],"picked":"Feel No Pain+1","floor":42},{"not_picked":["Entrench+1","Thunderclap+1"],"picked":"Disarm+1","floor":44},{"not_picked":["Body Slam+1","Sentinel+1"],"picked":"Rupture","floor":46},{"not_picked":["Cleave+1","Body Slam+1"],"picked":"Havoc+1","floor":48},{"not_picked":["Clash+1","Body Slam+1"],"picked":"Barricade","floor":54}],"player_experience":5081748,"relics_obtained":[{"floor":6,"key":"Pantograph"},{"floor":9,"key":"Ancient Tea Set"},{"floor":11,"key":"Centennial Puzzle"},{"floor":14,"key":"Molten Egg 2"},{"floor":20,"key":"Red Mask"},{"floor":23,"key":"MawBank"},{"floor":26,"key":"Whetstone"},{"floor":27,"key":"Blood Vial"},{"floor":30,"key":"Mummified Hand"},{"floor":41,"key":"Blue Candle"},{"floor":44,"key":"Orichalcum"},{"floor":46,"key":"Letter Opener"},{"floor":54,"key":"Oddly Smooth Stone"}],"event_choices":[{"damage_healed":0,"gold_gain":0,"player_choice":"Donut","damage_taken":0,"max_hp_gain":5,"max_hp_loss":0,"event_name":"Big Fish","floor":2,"gold_loss":0},{"damage_healed":0,"gold_gain":0,"player_choice":"Lose Max HP","damage_taken":0,"relics_obtained":["Golden Idol"],"max_hp_gain":0,"max_hp_loss":6,"event_name":"Golden Idol","floor":4,"gold_loss":0},{"damage_healed":0,"gold_gain":0,"player_choice":"Became a vampire","damage_taken":0,"max_hp_gain":0,"max_hp_loss":24,"event_name":"Vampires","floor":19,"gold_loss":0,"cards_obtained":["Bite","Bite","Bite","Bite","Bite"]},{"damage_healed":0,"gold_gain":0,"player_choice":"Fought Bandits","damage_taken":0,"max_hp_gain":0,"max_hp_loss":0,"event_name":"Masked Bandits","floor":20,"gold_loss":0},{"damage_healed":0,"gold_gain":0,"player_choice":"Forge","damage_taken":0,"max_hp_gain":0,"max_hp_loss":0,"event_name":"Accursed Blacksmith","floor":21,"gold_loss":0,"cards_upgraded":["Feel No Pain"]},{"damage_healed":0,"gold_gain":0,"player_choice":"Bet on Murderer","damage_taken":0,"max_hp_gain":0,"max_hp_loss":0,"event_name":"The Joust","floor":31,"gold_loss":50},{"damage_healed":0,"gold_gain":275,"player_choice":"Desecrate","damage_taken":0,"max_hp_gain":0,"max_hp_loss":0,"event_name":"Golden Shrine","floor":37,"gold_loss":0,"cards_obtained":["Regret"]},{"damage_healed":0,"gold_gain":0,"player_choice":"Max HP","damage_taken":0,"max_hp_gain":0,"max_hp_loss":3,"event_name":"Winding Halls","floor":45,"gold_loss":0}],"is_beta":true,"boss_relics":[{"not_picked":["Runic Cube","Calling Bell"],"picked":"Mark of Pain"},{"not_picked":["Astrolabe","Snecko Eye"],"picked":"Cursed Key"}],"items_purged_floors":[39],"is_endless":false,"potions_floor_spawned":[1,5,6,12,20,22,27,28,35,38,42,46,54],"ascension_level":1}