{"gold_per_floor":[366,386,386,397,143,143,158,158,158,158,186,49,59,59],"floor_reached":14,"playtime":296,"items_purged":[],"score":108,"play_id":"c0d1efd2-b21c-4740-b9b9-8ef9295179b0","local_time":"20190113212836","is_ascension_mode":true,"campfire_choices":[{"data":"Riddle With Holes","floor":6,"key":"SMITH"},{"data":"Jack Of All Trades","floor":8,"key":"SMITH"}],"neow_cost":"TEN_PERCENT_HP_LOSS","seed_source_timestamp":34880934308156,"circlet_count":0,"master_deck":["Defend_G","Defend_G","Defend_G","Defend_G","Defend_G","Strike_G","Strike_G","Strike_G","Strike_G+1","Strike_G","Survivor","Neutralize","Riddle With Holes+1","Calculated Gamble","Panache+1","Jack Of All Trades+1","Deadly Poison","Endless Agony","Well Laid Plans+1","Swift Strike","Finisher"],"relics":["Ring of the Snake","Incense Burner","Frozen Egg 2","Pantograph"],"potions_floor_usage":[],"damage_taken":[{"damage":0,"enemies":"Cultist","floor":1,"turns":4},{"damage":0,"enemies":"2 Louse","floor":2,"turns":2},{"damage":4,"enemies":"Small Slimes","floor":4,"turns":3},{"damage":6,"enemies":"Looter","floor":7,"turns":3},{"damage":24,"enemies":"Gremlin Nob","floor":11,"turns":4},{"damage":3,"enemies":"Red Slaver","floor":13,"turns":3},{"damage":15,"enemies":"3 Sentries","floor":14,"turns":2}],"seed_played":"-1041554598258491949","potions_obtained":[{"floor":2,"key":"GhostInAJar"}],"is_trial":false,"path_per_floor":["M","M","?","M","$","R","M","R","T","?","E","$","M","E"],"character_chosen":"THE_SILENT","items_purchased":["Panache","Jack Of All Trades","Well Laid Plans+1","Swift Strike"],"campfire_rested":0,"item_purchase_floors":[5,5,12,12],"current_hp_per_floor":[63,63,63,59,59,59,53,53,53,40,16,16,13,0],"gold":59,"neow_bonus":"TWO_FIFTY_GOLD","is_prod":false,"is_daily":false,"chose_seed":false,"campfire_upgraded":2,"win_rate":0,"timestamp":1547425716,"path_taken":["M","?","?","M","?","R","M","R","T","?","E","$","M","E"],"build_version":"2019-01-10","purchased_purges":0,"victory":false,"max_hp_per_floor":[63,63,63,63,63,63,63,63,63,63,63,63,63,63],"card_choices":[{"not_picked":["Backflip","Slice"],"picked":"Riddle With Holes","floor":1},{"not_picked":["Dagger Throw","Predator"],"picked":"Calculated Gamble","floor":2},{"not_picked":["Reflex","Bane","Accuracy"],"picked":"SKIP","floor":4},{"not_picked":["Acrobatics","Backflip"],"picked":"Deadly Poison","floor":7},{"not_picked":["Flying Knee","Expertise"],"picked":"Endless Agony","floor":11},{"not_picked":["Quick Slash","Underhanded Strike"],"picked":"Finisher","floor":13}],"player_experience":621253,"relics_obtained":[{"floor":9,"key":"Frozen Egg 2"},{"floor":11,"key":"Pantograph"}],"event_choices":[{"damage_healed":0,"gold_gain":0,"player_choice":"Gave Potion","damage_taken":0,"relics_obtained":["Incense Burner"],"max_hp_gain":0,"max_hp_loss":0,"event_name":"WeMeetAgain","floor":3,"gold_loss":0},{"damage_healed":0,"gold_gain":0,"player_choice":"Entered Light","damage_taken":13,"max_hp_gain":0,"max_hp_loss":0,"event_name":"Shining Light","floor":10,"gold_loss":0,"cards_upgraded":["Strike_G","Panache"]}],"is_beta":false,"boss_relics":[],"items_purged_floors":[],"is_endless":false,"potions_floor_spawned":[2],"killed_by":"3 Sentries","ascension_level":4}