{"gold_per_floor":[210,229,229,249,22,53,66,92,92,110,144,154,154,165,165,265,265,284,296,311,86,286,286,299,299,350,362,225,238,269,368,368,465,465,479,489,489,146,146,146,158,8,81,81,32,47,60,91,91,91],"floor_reached":51,"playtime":2476,"items_purged":["Strike_R","Strike_R","Strike_R","Strike_R+1"],"score":946,"play_id":"900d933a-af5f-402f-9340-d67b8b1a15ee","local_time":"20190505221221","is_ascension_mode":true,"campfire_choices":[{"data":"Disarm","floor":13.0,"key":"SMITH"},{"data":"True Grit","floor":15.0,"key":"SMITH"},{"data":"Shockwave","floor":23.0,"key":"SMITH"},{"floor":25.0,"key":"REST"},{"data":"Metallicize","floor":32.0,"key":"SMITH"},{"floor":40.0,"key":"RECALL"},{"floor":49,"key":"REST"}],"neow_cost":"NONE","seed_source_timestamp":0,"circlet_count":0,"master_deck":["Strike_R+1","Defend_R+1","Defend_R+1","Defend_R+1","Defend_R+1","Bash+1","Clothesline+1","Metallicize+1","Carnage+1","Impervious+1","Disarm+1","Headbutt+1","True Grit+1","Limit Break+1","Ghostly Armor+1","Pummel+1","Sword Boomerang+1","Shockwave+1","Metallicize+1","Reaper+1","Flame Barrier+1","Demon Form+1","Heavy Blade+1","Pummel+1","True Grit+1"],"special_seed":0,"relics":["Burning Blood","Bronze Scales","Sundial","Champion Belt","Pantograph","Dodecahedron","Mark of Pain","Bag of Marbles","Red Mask","Snecko Eye","Anchor","Mark of the Bloom","Toxic Egg 2","Smiling Mask"],"potions_floor_usage":[50,50,50],"damage_taken":[{"damage":4.0,"enemies":"Jaw Worm","floor":1.0,"turns":4.0},{"damage":2.0,"enemies":"Cultist","floor":2.0,"turns":4.0},{"damage":1.0,"enemies":"2 Louse","floor":4.0,"turns":3.0},{"damage":30.0,"enemies":"3 Sentries","floor":6.0,"turns":10.0},{"damage":5.0,"enemies":"Gremlin Gang","floor":7.0,"turns":6.0},{"damage":22.0,"enemies":"Gremlin Nob","floor":8.0,"turns":5.0},{"damage":3.0,"enemies":"3 Louse","floor":10.0,"turns":4.0},{"damage":11.0,"enemies":"3 Sentries","floor":11.0,"turns":7.0},{"damage":3.0,"enemies":"2 Fungi Beasts","floor":12.0,"turns":4.0},{"damage":6.0,"enemies":"Looter","floor":14.0,"turns":3.0},{"damage":0.0,"enemies":"The Guardian","floor":16.0,"turns":14.0},{"damage":36.0,"enemies":"3 Byrds","floor":18.0,"turns":5.0},{"damage":10.0,"enemies":"Shell Parasite","floor":19.0,"turns":8.0},{"damage":10.0,"enemies":"Cultist and Chosen","floor":20.0,"turns":6.0},{"damage":13.0,"enemies":"Shelled Parasite and Fungi","floor":24.0,"turns":6.0},{"damage":6.0,"enemies":"Centurion and Healer","floor":27.0,"turns":6.0},{"damage":12.0,"enemies":"Cultist and Chosen","floor":29.0,"turns":6.0},{"damage":12.0,"enemies":"Masked Bandits","floor":30.0,"turns":4.0},{"damage":34.0,"enemies":"Champ","floor":33.0,"turns":20.0},{"damage":22.0,"enemies":"3 Darklings","floor":35.0,"turns":6.0},{"damage":0.0,"enemies":"3 Shapes","floor":36.0,"turns":14.0},{"damage":0.0,"enemies":"Spire Growth","floor":41.0,"turns":4.0},{"damage":0.0,"enemies":"Transient","floor":46.0,"turns":5.0},{"damage":0.0,"enemies":"4 Shapes","floor":47.0,"turns":6.0},{"damage":18,"enemies":"Nemesis","floor":48,"turns":7},{"damage":18,"enemies":"Time Eater","floor":50,"turns":7}],"seed_played":"-8111084168755997160","potions_obtained":[{"floor":1.0,"key":"SkillPotion"},{"floor":2.0,"key":"Poison Potion"},{"floor":8.0,"key":"Explosive Potion"},{"floor":11.0,"key":"Strength Potion"},{"floor":14.0,"key":"Strength Potion"},{"floor":18.0,"key":"PowerPotion"},{"floor":19.0,"key":"SkillPotion"},{"floor":20.0,"key":"EssenceOfSteel"},{"floor":24.0,"key":"Explosive Potion"},{"floor":35.0,"key":"Swift Potion"},{"floor":36.0,"key":"SpeedPotion"},{"floor":41.0,"key":"SpeedPotion"}],"is_trial":false,"path_per_floor":["M","M","?","M","$","E","M","E","T","M","E","M","R","M","R","B",null,"M","M","M","$","?","R","M","R","T","M","$","M","?","?","R","B",null,"M","M","?","$","?","R","M","$","T","?","$","M","M","E","R","B",null],"character_chosen":"IRONCLAD","items_purchased":["Impervious","EssenceOfSteel","Shockwave","Metallicize","Flame Barrier","Anchor","Ancient Potion","True Grit+1"],"campfire_rested":2,"item_purchase_floors":[5,5,21,21,28,38,38,45],"current_hp_per_floor":[80,80,80,80,80,56,57,41,41,44,39,42,42,42,42,73,80,50,46,42,42,42,42,35,59,59,59,59,59,53,53,53,53,80,76,80,80,80,80,80,80,80,80,80,80,80,80,62,62,44],"gold":91,"neow_bonus":"HUNDRED_GOLD","is_prod":false,"is_daily":false,"chose_seed":true,"campfire_upgraded":4,"win_rate":0,"timestamp":1557108741,"path_taken":["M","M","?","M","$","E","M","E","T","M","E","?","R","M","R","BOSS","M","M","M","$","?","R","?","R","T","M","$","M","?","?","R","BOSS","M","M","?","$","?","R","M","$","T","?","?","?","M","E","R","BOSS"],"build_version":"2019-01-23","purchased_purges":4,"victory":true,"max_hp_per_floor":[80,80,80,80,80,80,80,80,80,80,80,80,80,80,80,80,80,80,80,80,80,80,80,80,80,80,80,80,80,80,80,80,80,80,80,80,80,80,80,80,80,80,80,80,80,80,80,80,80,80],"card_choices":[{"not_picked":["Spot Weakness","Cleave"],"picked":"Clothesline","floor":1.0},{"not_picked":["Body Slam","Bloodletting"],"picked":"Metallicize","floor":2.0},{"not_picked":["Flex","Anger"],"picked":"Carnage","floor":4.0},{"not_picked":["Juggernaut","Twin Strike"],"picked":"Disarm","floor":6.0},{"not_picked":["Pummel","Flex","True Grit"],"picked":"SKIP","floor":7.0},{"not_picked":["Wild Strike","Perfected Strike"],"picked":"Headbutt","floor":8.0},{"not_picked":["Hemokinesis","Entrench","Intimidate"],"picked":"SKIP","floor":10.0},{"not_picked":["Wild Strike","Dual Wield","Armaments"],"picked":"SKIP","floor":11.0},{"not_picked":["Twin Strike","Clothesline","Bludgeon"],"picked":"SKIP","floor":12.0},{"not_picked":["Second Wind","Clothesline"],"picked":"True Grit","floor":14.0},{"not_picked":["Impervious","Fiend Fire"],"picked":"Limit Break","floor":16.0},{"not_picked":["Flex+1","Perfected Strike"],"picked":"Ghostly Armor","floor":18.0},{"not_picked":["Dropkick","Warcry"],"picked":"Pummel+1","floor":19.0},{"not_picked":["Power Through","Flex"],"picked":"Sword Boomerang","floor":20.0},{"not_picked":["Clash","Anger"],"picked":"Twin Strike+1","floor":24.0},{"not_picked":["Heavy Blade+1","Shrug It Off+1"],"picked":"Reaper","floor":27.0},{"not_picked":["Iron Wave","Shockwave","Flex+1"],"picked":"SKIP","floor":29.0},{"not_picked":["Double Tap","Feed"],"picked":"Demon Form","floor":33.0},{"not_picked":["Wild Strike+1","Battle Trance+1"],"picked":"Heavy Blade+1","floor":35.0},{"not_picked":["Clothesline+1","Uppercut","Havoc"],"picked":"SKIP","floor":36.0},{"not_picked":["Shockwave","Pommel Strike+1"],"picked":"Pummel+1","floor":41.0},{"not_picked":["Perfected Strike","Twin Strike","Cleave+1"],"picked":"SKIP","floor":46.0},{"not_picked":["Wild Strike+1","Cleave","Anger+1"],"picked":"SKIP","floor":47.0},{"not_picked":["Dual Wield+1","Warcry+1","Anger"],"picked":"SKIP","floor":48}],"player_experience":960917,"relics_obtained":[{"floor":6.0,"key":"Sundial"},{"floor":8.0,"key":"Champion Belt"},{"floor":9.0,"key":"Pantograph"},{"floor":11.0,"key":"Dodecahedron"},{"floor":26.0,"key":"Bag of Marbles"},{"floor":30.0,"key":"Red Mask"},{"floor":43.0,"key":"Toxic Egg 2"},{"floor":48,"key":"Smiling Mask"}],"event_choices":[{"damage_healed":0.0,"max_hp_gain":0.0,"max_hp_loss":0.0,"gold_gain":0.0,"event_name":"WeMeetAgain","player_choice":"Gave Potion","floor":3.0,"gold_loss":0.0,"damage_taken":0.0,"relics_obtained":["Bronze Scales"]},{"damage_healed":0.0,"max_hp_gain":0.0,"max_hp_loss":0.0,"gold_gain":200.0,"event_name":"Wheel of Change","player_choice":"Gold","floor":22.0,"gold_loss":0.0,"damage_taken":0.0},{"damage_healed":0.0,"max_hp_gain":0.0,"max_hp_loss":0.0,"gold_gain":0.0,"event_name":"Masked Bandits","player_choice":"Fought Bandits","floor":30.0,"gold_loss":0.0,"damage_taken":0.0},{"damage_healed":0.0,"max_hp_gain":0.0,"max_hp_loss":0.0,"gold_gain":99.0,"event_name":"Nest","player_choice":"Stole From Cult","floor":31.0,"gold_loss":0.0,"damage_taken":0.0},{"damage_healed":0.0,"max_hp_gain":0.0,"max_hp_loss":0.0,"gold_gain":0.0,"event_name":"SensoryStone","player_choice":"Memory 1","floor":37.0,"gold_loss":0.0,"damage_taken":0.0},{"damage_healed":0.0,"max_hp_gain":0.0,"max_hp_loss":0.0,"gold_gain":0.0,"event_name":"MindBloom","player_choice":"Upgrade","floor":39.0,"gold_loss":0.0,"damage_taken":0.0,"cards_upgraded":["Strike_R","Strike_R","Defend_R","Defend_R","Defend_R","Defend_R","Bash","Clothesline","Metallicize","Carnage","Impervious","Headbutt","Limit Break","Ghostly Armor","Sword Boomerang","Reaper","Flame Barrier","Demon Form"],"relics_obtained":["Mark of the Bloom"]},{"cards_removed":["Twin Strike"],"damage_healed":0.0,"max_hp_gain":0.0,"max_hp_loss":0.0,"gold_gain":0.0,"event_name":"Falling","player_choice":"Removed Attack","floor":44.0,"gold_loss":0.0,"damage_taken":0.0}],"is_beta":false,"boss_relics":[{"not_picked":["Orrery","Calling Bell"],"picked":"Mark of Pain"},{"not_picked":["Busted Crown","Pandora\u0027s Box"],"picked":"Snecko Eye"}],"items_purged_floors":[21,28,38,42],"is_endless":false,"potions_floor_spawned":[1,2,8,11,14,18,19,20,24,35,36,41],"ascension_level":4}