{"gold_per_floor":[109,120,120,131,231,231,257,257,257,257,269,300,319,338,338,436,436,450,520,536,548,548,583,596,631,685,716,267,267,280,280,280,379,379,396,68,68,81,97,129,149,169,169,202,202,227,227,238,238,238],"floor_reached":51,"playtime":2011,"items_purged":["Defend_R"],"score":1009,"play_id":"20f1ee7d-7ce5-48f8-91e4-6453ab34431c","local_time":"20190424173323","is_ascension_mode":false,"campfire_choices":[{"data":"Armaments","floor":6,"key":"SMITH"},{"data":"Perfected Strike","floor":8,"key":"SMITH"},{"data":"Bash","floor":10,"key":"SMITH"},{"data":"Feed","floor":15,"key":"SMITH"},{"data":"Flame Barrier","floor":29,"key":"SMITH"},{"data":"Disarm","floor":32,"key":"SMITH"},{"floor":45,"key":"REST"},{"floor":49,"key":"REST"}],"neow_cost":"","seed_source_timestamp":320343688223360,"circlet_count":0,"master_deck":["Strike_R+1","Strike_R+1","Strike_R+1","Strike_R+1","Strike_R+1","Defend_R+1","Defend_R+1","Defend_R+1","Bash+1","Perfected Strike+1","Perfected Strike+1","Twin Strike","Perfected Strike","Feed+1","Flame Barrier+1","Offering","Perfected Strike+1","Shrug It Off","Pommel Strike","Disarm+1","Impervious","Shrug It Off+1","Disarm","Dual Wield+1","Pommel Strike+1","Shrug It Off","Metallicize+1"],"relics":["Burning Blood","Matryoshka","Kunai","Paper Frog","Red Skull","Snecko Eye","Centennial Puzzle","Gremlin Horn","Orichalcum","Boot","Magic Flower","Oddly Smooth Stone","Dream Catcher","Bag of Preparation","Juzu Bracelet","Fusion Hammer","Thread and Needle","FossilizedHelix","Calipers","Dodecahedron","Anchor","Strawberry"],"potions_floor_usage":[18,18,23],"damage_taken":[{"damage":3,"enemies":"Jaw Worm","floor":1,"turns":4},{"damage":1,"enemies":"Cultist","floor":2,"turns":3},{"damage":3,"enemies":"Small Slimes","floor":4,"turns":2},{"damage":17,"enemies":"3 Sentries","floor":7,"turns":6},{"damage":1,"enemies":"Exordium Thugs","floor":11,"turns":3},{"damage":25,"enemies":"Gremlin Nob","floor":12,"turns":4},{"damage":0,"enemies":"Large Slime","floor":13,"turns":2},{"damage":1,"enemies":"2 Fungi Beasts","floor":14,"turns":4},{"damage":27,"enemies":"The Guardian","floor":16,"turns":8},{"damage":11,"enemies":"3 Byrds","floor":18,"turns":3},{"damage":10,"enemies":"Chosen","floor":20,"turns":2},{"damage":14,"enemies":"Centurion and Healer","floor":21,"turns":5},{"damage":0,"enemies":"Book of Stabbing","floor":23,"turns":2},{"damage":6,"enemies":"Snecko","floor":24,"turns":3},{"damage":6,"enemies":"Gremlin Leader","floor":25,"turns":2},{"damage":9,"enemies":"Book of Stabbing","floor":27,"turns":3},{"damage":10,"enemies":"Sentry and Sphere","floor":30,"turns":4},{"damage":48,"enemies":"Champ","floor":33,"turns":7},{"damage":0,"enemies":"3 Darklings","floor":35,"turns":2},{"damage":0,"enemies":"Orb Walker","floor":38,"turns":3},{"damage":5,"enemies":"4 Shapes","floor":39,"turns":2},{"damage":13,"enemies":"Nemesis","floor":40,"turns":3},{"damage":0,"enemies":"Jaw Worm Horde","floor":41,"turns":3},{"damage":0,"enemies":"Sphere and 2 Shapes","floor":42,"turns":2},{"damage":0,"enemies":"Giant Head","floor":44,"turns":3},{"damage":0,"enemies":"Nemesis","floor":46,"turns":1},{"damage":0,"enemies":"Writhing Mass","floor":48,"turns":5},{"damage":7,"enemies":"Awakened One","floor":50,"turns":11}],"seed_played":"-904365671083473338","potions_obtained":[{"floor":1,"key":"SmokeBomb"},{"floor":7,"key":"AttackPotion"},{"floor":11,"key":"PowerPotion"},{"floor":14,"key":"Explosive Potion"},{"floor":20,"key":"BloodPotion"},{"floor":21,"key":"GamblersBrew"},{"floor":30,"key":"Ancient Potion"},{"floor":33,"key":"FearPotion"},{"floor":40,"key":"Energy Potion"},{"floor":48,"key":"Dexterity Potion"}],"is_trial":false,"path_per_floor":["M","M","?","M","?","R","E","R","T","R","M","E","M","M","R","B",null,"M","T","M","M","?","E","M","E","T","E","$","R","M","?","R","B",null,"M","$","?","M","M","E","M","M","T","E","R","E","T","M","R","B",null],"character_chosen":"IRONCLAD","items_purchased":["Shrug It Off","Pommel Strike","Bag of Preparation","Juzu Bracelet","Thread and Needle","Disarm"],"campfire_rested":2,"item_purchase_floors":[28,28,28,28,36,36],"current_hp_per_floor":[80,80,80,80,80,80,69,69,69,69,74,55,61,69,69,52,87,86,86,82,74,74,89,93,93,93,99,99,99,103,103,103,64,103,107,107,107,111,115,111,119,123,123,127,127,127,134,138,138,138],"gold":238,"neow_bonus":"","is_prod":false,"is_daily":false,"chose_seed":false,"campfire_upgraded":6,"win_rate":0.0,"timestamp":1556123603,"path_taken":["M","M","?","?","?","R","E","R","T","R","M","E","M","M","R","BOSS","M","?","M","M","?","E","M","E","T","E","$","R","M","?","R","BOSS","M","$","?","M","M","E","M","M","T","E","R","E","?","M","R","BOSS"],"build_version":"2019-04-23","purchased_purges":1,"victory":true,"max_hp_per_floor":[80,80,80,80,80,80,80,80,80,80,80,80,80,83,83,87,87,91,91,91,91,91,91,95,95,95,99,99,99,103,103,103,103,103,107,107,107,111,115,115,119,123,123,127,127,127,134,138,138,138],"card_choices":[{"not_picked":["Shockwave","Clothesline"],"picked":"Perfected Strike","floor":1},{"not_picked":["Sword Boomerang","Body Slam"],"picked":"Perfected Strike","floor":2},{"not_picked":["Body Slam","Bloodletting"],"picked":"Armaments","floor":4},{"not_picked":["Clothesline","Anger","Sword Boomerang"],"picked":"SKIP","floor":7},{"not_picked":["Flex","Blood for Blood"],"picked":"Twin Strike","floor":11},{"not_picked":["Searing Blow","Bloodletting"],"picked":"Perfected Strike","floor":12},{"not_picked":["Clothesline","Clash"],"picked":"Feed","floor":13},{"not_picked":["Thunderclap","Power Through"],"picked":"Flame Barrier","floor":14},{"not_picked":["Juggernaut","Impervious"],"picked":"Offering","floor":16},{"not_picked":["Armaments","Flex","Twin Strike"],"picked":"SKIP","floor":18},{"not_picked":["Bludgeon","Headbutt+1"],"picked":"Perfected Strike+1","floor":20},{"not_picked":["Rampage","Pummel+1","Feel No Pain"],"picked":"SKIP","floor":21},{"not_picked":["Headbutt","Juggernaut","Sword Boomerang"],"picked":"SKIP","floor":23},{"not_picked":["Body Slam","Rage","True Grit"],"picked":"SKIP","floor":24},{"not_picked":["Battle Trance","Blood for Blood","Dropkick"],"picked":"SKIP","floor":25},{"not_picked":["Thunderclap+1","Body Slam","Anger"],"picked":"SKIP","floor":27},{"not_picked":["Entrench","Intimidate"],"picked":"Disarm","floor":30},{"not_picked":["Fiend Fire","Brutality"],"picked":"Impervious","floor":33},{"not_picked":["True Grit+1","Twin Strike"],"picked":"Shrug It Off+1","floor":35},{"not_picked":["Clash","Infernal Blade+1","Cleave+1"],"picked":"SKIP","floor":38},{"not_picked":["Second Wind","Battle Trance"],"picked":"Dual Wield+1","floor":39},{"not_picked":["Berserk","Body Slam"],"picked":"Pommel Strike+1","floor":40},{"not_picked":["Clash","Perfected Strike","Reckless Charge"],"picked":"SKIP","floor":41},{"not_picked":["Twin Strike+1","Flex+1"],"picked":"Shrug It Off","floor":42},{"not_picked":["Whirlwind+1","Anger+1","Dropkick"],"picked":"SKIP","floor":44},{"not_picked":["Warcry+1","Dual Wield"],"picked":"Metallicize+1","floor":45},{"not_picked":["Burning Pact","Bludgeon","Corruption+1"],"picked":"SKIP","floor":46},{"not_picked":["Iron Wave+1","Battle Trance+1","Hemokinesis+1"],"picked":"SKIP","floor":48}],"player_experience":1238022,"relics_obtained":[{"floor":7,"key":"Matryoshka"},{"floor":9,"key":"Kunai"},{"floor":9,"key":"Paper Frog"},{"floor":12,"key":"Red Skull"},{"floor":19,"key":"Centennial Puzzle"},{"floor":19,"key":"Gremlin Horn"},{"floor":22,"key":"Orichalcum"},{"floor":23,"key":"Boot"},{"floor":25,"key":"Magic Flower"},{"floor":26,"key":"Oddly Smooth Stone"},{"floor":27,"key":"Dream Catcher"},{"floor":40,"key":"FossilizedHelix"},{"floor":43,"key":"Calipers"},{"floor":44,"key":"Dodecahedron"},{"floor":46,"key":"Anchor"},{"floor":47,"key":"Strawberry"}],"event_choices":[{"damage_healed":0,"gold_gain":0,"player_choice":"Upgraded","damage_taken":0,"max_hp_gain":0,"max_hp_loss":0,"event_name":"Upgrade Shrine","floor":3,"gold_loss":0,"cards_upgraded":["Perfected Strike"]},{"damage_healed":0,"gold_gain":100,"player_choice":"Pray","damage_taken":0,"max_hp_gain":0,"max_hp_loss":0,"event_name":"Golden Shrine","floor":5,"gold_loss":0},{"damage_healed":0,"gold_gain":0,"player_choice":"Relic","damage_taken":0,"max_hp_gain":0,"max_hp_loss":0,"event_name":"Wheel of Change","floor":22,"gold_loss":0},{"damage_healed":0,"gold_gain":0,"player_choice":"Simplicity","damage_taken":0,"max_hp_gain":0,"max_hp_loss":0,"event_name":"Back to Basics","floor":31,"gold_loss":0,"cards_upgraded":["Strike_R","Strike_R","Strike_R","Strike_R","Strike_R","Defend_R","Defend_R","Defend_R"]},{"cards_removed":["Armaments"],"damage_healed":0,"gold_gain":0,"player_choice":"Removed Skill","damage_taken":0,"max_hp_gain":0,"max_hp_loss":0,"event_name":"Falling","floor":37,"gold_loss":0}],"is_beta":true,"boss_relics":[{"not_picked":["Black Star","Cursed Key"],"picked":"Snecko Eye"},{"not_picked":["Astrolabe","Runic Pyramid"],"picked":"Fusion Hammer"}],"items_purged_floors":[28],"is_endless":false,"potions_floor_spawned":[1,7,11,12,14,20,21,30,33,39,40,42,48],"ascension_level":0}