{"gold_per_floor":[15,15,15,28,28,28,46,46,122,197,227,242,255,287,287,287],"floor_reached":16,"playtime":526,"items_purged":[],"score":110,"play_id":"7b1664cf-aa7c-4990-888e-69ecaa86ed64","local_time":"20190424144051","is_ascension_mode":false,"campfire_choices":[{"data":"Zap","floor":6,"key":"SMITH"},{"data":"Sweeping Beam","floor":8,"key":"SMITH"},{"data":"Coolheaded","floor":15,"key":"SMITH"}],"neow_cost":"NO_GOLD","seed_source_timestamp":311479168556078,"circlet_count":0,"master_deck":["Strike_B","Strike_B","Strike_B","Defend_B","Defend_B","Defend_B","Defend_B","Zap+1","Dualcast","Amplify","Sweeping Beam+1","Hologram","Echo Form","Conserve Battery","Compile Driver","Static Discharge","Coolheaded+1"],"relics":["Cracked Core","Pantograph","Centennial Puzzle","Bottled Lightning"],"potions_floor_usage":[11],"damage_taken":[{"damage":3,"enemies":"Small Slimes","floor":1,"turns":3},{"damage":0,"enemies":"2 Louse","floor":4,"turns":3},{"damage":0,"enemies":"Jaw Worm","floor":7,"turns":4},{"damage":17,"enemies":"3 Sentries","floor":11,"turns":3},{"damage":5,"enemies":"Looter","floor":12,"turns":3},{"damage":8,"enemies":"Exordium Thugs","floor":13,"turns":4},{"damage":5,"enemies":"Lagavulin","floor":14,"turns":7},{"damage":45,"enemies":"The Guardian","floor":16,"turns":7}],"seed_played":"2315485961714562183","potions_obtained":[{"floor":7,"key":"Regen Potion"},{"floor":12,"key":"Regen Potion"}],"is_trial":false,"path_per_floor":["M","?","?","M","?","R","M","R","T","?","E","M","M","E","R","B"],"character_chosen":"DEFECT","items_purchased":[],"campfire_rested":0,"item_purchase_floors":[],"current_hp_per_floor":[72,77,77,77,70,70,70,70,70,59,51,46,38,33,33,13],"gold":287,"neow_bonus":"THREE_RARE_CARDS","is_prod":false,"is_daily":false,"chose_seed":false,"campfire_upgraded":3,"win_rate":0,"timestamp":1556113251,"path_taken":["M","?","?","M","?","R","M","R","T","?","E","M","?","E","R","BOSS"],"build_version":"2019-04-23","purchased_purges":0,"victory":false,"max_hp_per_floor":[75,80,80,80,80,80,80,80,80,80,80,80,80,80,80,80],"card_choices":[{"not_picked":["Reboot","Multi-Cast"],"picked":"Amplify","floor":0},{"not_picked":["Force Field","Chill"],"picked":"Sweeping Beam","floor":1},{"not_picked":["Sweeping Beam","Steam Power"],"picked":"Hologram","floor":4},{"not_picked":["Turbo","Go for the Eyes"],"picked":"Echo Form","floor":7},{"not_picked":["Gash","Hologram"],"picked":"Conserve Battery","floor":11},{"not_picked":["Double Energy","Beam Cell"],"picked":"Compile Driver","floor":12},{"not_picked":["Darkness","FTL"],"picked":"Static Discharge","floor":13},{"not_picked":["Sunder","Chaos"],"picked":"Coolheaded","floor":14}],"player_experience":1229233,"relics_obtained":[{"floor":9,"key":"Pantograph"},{"floor":11,"key":"Centennial Puzzle"},{"floor":14,"key":"Bottled Lightning"}],"event_choices":[{"damage_healed":0,"gold_gain":0,"player_choice":"Donut","damage_taken":0,"max_hp_gain":5,"max_hp_loss":0,"event_name":"Big Fish","floor":2,"gold_loss":0},{"damage_healed":0,"gold_gain":0,"player_choice":"Leave","damage_taken":0,"max_hp_gain":0,"max_hp_loss":0,"event_name":"The Cleric","floor":3,"gold_loss":0},{"cards_removed":["Strike_B"],"damage_healed":0,"gold_gain":0,"player_choice":"Card Removal","damage_taken":7,"max_hp_gain":0,"max_hp_loss":0,"event_name":"Golden Wing","floor":5,"gold_loss":0},{"damage_healed":0,"gold_gain":75,"player_choice":"Gather Gold","damage_taken":11,"max_hp_gain":0,"max_hp_loss":0,"event_name":"World of Goop","floor":10,"gold_loss":0}],"is_beta":true,"boss_relics":[],"items_purged_floors":[],"is_endless":false,"potions_floor_spawned":[7,12],"killed_by":"The Guardian","ascension_level":0}