{"gold_per_floor":[116,132,149,161,11,11,23,23,23,33,66,66,426,426],"floor_reached":14,"playtime":478,"items_purged":["Strike_B"],"score":143,"play_id":"744773d0-eb57-41dd-8b4a-a0a270f48ee1","local_time":"20190313210856","is_ascension_mode":true,"campfire_choices":[{"data":"Defragment","floor":6,"key":"SMITH"},{"data":"Self Repair","floor":8,"key":"SMITH"},{"floor":12,"key":"DIG"}],"neow_cost":"NONE","seed_source_timestamp":70818399777969,"circlet_count":0,"master_deck":["AscendersBane","Strike_B","Strike_B","Strike_B","Defend_B","Defend_B","Defend_B","Defend_B","Zap+1","Dualcast","Defragment+1","Tempest","Conserve Battery","Hologram","Static Discharge","Self Repair+1","Conserve Battery","Biased Cognition"],"relics":["Cracked Core","Shovel","Kunai","Girya","Old Coin"],"potions_floor_usage":[11,13],"damage_taken":[{"damage":0,"enemies":"Cultist","floor":1,"turns":3},{"damage":9,"enemies":"2 Louse","floor":2,"turns":3},{"damage":9,"enemies":"Jaw Worm","floor":3,"turns":3},{"damage":6,"enemies":"Red Slaver","floor":4,"turns":4},{"damage":5,"enemies":"Looter","floor":7,"turns":3},{"damage":0,"enemies":"Large Slime","floor":10,"turns":5},{"damage":13,"enemies":"Lagavulin","floor":11,"turns":6},{"damage":36,"enemies":"Gremlin Nob","floor":13,"turns":4},{"damage":37,"enemies":"Gremlin Nob","floor":14,"turns":3}],"seed_played":"-3536131205536895139","potions_obtained":[{"floor":1,"key":"Poison Potion"},{"floor":4,"key":"Weak Potion"}],"is_trial":false,"path_per_floor":["M","M","M","M","$","R","M","R","T","M","E","R","?","E"],"character_chosen":"DEFECT","items_purchased":["Static Discharge"],"campfire_rested":0,"item_purchase_floors":[5],"current_hp_per_floor":[68,59,50,44,44,44,39,39,39,49,46,46,20,0],"gold":426,"neow_bonus":"UPGRADE_CARD","is_prod":false,"is_daily":false,"chose_seed":false,"campfire_upgraded":2,"win_rate":0,"timestamp":1552522136,"path_taken":["M","M","M","?","$","R","M","R","T","M","E","R","?","E"],"build_version":"2019-01-23","purchased_purges":1,"victory":false,"max_hp_per_floor":[75,75,75,75,75,75,75,75,75,75,75,75,75,75],"card_choices":[{"not_picked":["Turbo","Self Repair"],"picked":"Defragment","floor":1},{"not_picked":["Darkness","Reprogram"],"picked":"Tempest","floor":2},{"not_picked":["Heatsinks","Sweeping Beam"],"picked":"Conserve Battery","floor":3},{"not_picked":["Sweeping Beam","Go for the Eyes"],"picked":"Hologram","floor":4},{"not_picked":["Turbo","Coolheaded"],"picked":"Self Repair","floor":7},{"not_picked":["Double Energy","Leap","Redo"],"picked":"SKIP","floor":10},{"not_picked":["Cold Snap","Hello World"],"picked":"Conserve Battery","floor":11},{"not_picked":["Streamline","Sweeping Beam"],"picked":"Biased Cognition","floor":13}],"player_experience":921842,"relics_obtained":[{"floor":9,"key":"Shovel"},{"floor":11,"key":"Kunai"},{"floor":12,"key":"Girya"}],"event_choices":[{"damage_healed":0,"gold_gain":0,"player_choice":"Searched \u00272\u0027 times","damage_taken":0,"relics_obtained":["Old Coin"],"max_hp_gain":0,"max_hp_loss":0,"event_name":"Dead Adventurer","floor":13,"gold_loss":0}],"is_beta":false,"boss_relics":[],"items_purged_floors":[5],"is_endless":false,"potions_floor_spawned":[1,4,7],"killed_by":"Gremlin Nob","ascension_level":11}