{"gold_per_floor":[109,109,109,121,196,196,225,225,225,99,115,115,130,130,130,259,259,279,279,294,86,109,109,144,167,194,213,213,213,237,253,253,377,377,377],"floor_reached":35,"playtime":1446,"items_purged":["Defend_B"],"score":377,"play_id":"fff3e638-4b31-45ed-b2a0-30ce0551b2fd","local_time":"20190320191446","is_ascension_mode":false,"campfire_choices":[{"data":"Doom and Gloom","floor":6,"key":"SMITH"},{"data":"Zap","floor":8,"key":"SMITH"},{"data":"Defend_B","floor":12,"key":"SMITH"},{"data":"Ball Lightning","floor":15,"key":"SMITH"},{"data":"Creative AI","floor":23,"key":"SMITH"},{"floor":28,"key":"REST"},{"data":"Capacitor","floor":32,"key":"SMITH"}],"neow_cost":"NONE","seed_source_timestamp":361412581326516,"circlet_count":0,"master_deck":["Strike_B","Strike_B","Defend_B+1","Defend_B","Defend_B","Zap+1","Dualcast","Ball Lightning+1","Doom and Gloom+1","Ball Lightning","Leap","Chill","Leap","Creative AI+1","Compile Driver","Sweeping Beam","Compile Driver","Go for the Eyes+1","Capacitor+1","Coolheaded","Compile Driver+1","Machine Learning"],"relics":["Cracked Core","Unceasing Top","Pantograph","Golden Idol","Sozu","Enchiridion","Sling","Bag of Preparation","Centennial Puzzle","Velvet Choker"],"potions_floor_usage":[16],"damage_taken":[{"damage":0,"enemies":"Jaw Worm","floor":1,"turns":4},{"damage":0,"enemies":"Small Slimes","floor":4,"turns":2},{"damage":18,"enemies":"3 Sentries","floor":7,"turns":4},{"damage":0,"enemies":"2 Louse","floor":11,"turns":1},{"damage":0,"enemies":"Large Slime","floor":13,"turns":3},{"damage":18,"enemies":"The Guardian","floor":16,"turns":11},{"damage":5,"enemies":"2 Thieves","floor":18,"turns":3},{"damage":0,"enemies":"Spheric Guardian","floor":20,"turns":3},{"damage":0,"enemies":"Snecko","floor":22,"turns":4},{"damage":23,"enemies":"Gremlin Leader","floor":24,"turns":5},{"damage":3,"enemies":"Cultist and Chosen","floor":25,"turns":6},{"damage":6,"enemies":"Snake Plant","floor":27,"turns":3},{"damage":0,"enemies":"Snecko","floor":30,"turns":4},{"damage":11,"enemies":"Centurion and Healer","floor":31,"turns":9},{"damage":50,"enemies":"Automaton","floor":33,"turns":9},{"damage":0,"enemies":"3 Darklings","floor":35,"turns":1}],"seed_played":"-7788367826620785124","potions_obtained":[{"floor":1,"key":"Weak Potion"}],"is_trial":false,"path_per_floor":["M","?","?","M","?","R","E","R","T","$","M","R","M","?","R","B",null,"M","?","M","$","M","R","E","M","T","M","R","?","M","M","R","B",null,"M"],"character_chosen":"DEFECT","items_purchased":["Leap","Sling"],"campfire_rested":1,"item_purchase_floors":[10,21],"current_hp_per_floor":[75,68,68,68,57,57,39,39,39,39,39,39,39,21,21,28,75,70,54,54,54,54,54,31,28,28,22,44,44,44,33,33,8,75,75],"gold":377,"neow_bonus":"REMOVE_CARD","is_prod":false,"is_daily":false,"chose_seed":false,"campfire_upgraded":6,"win_rate":0,"timestamp":1553109286,"path_taken":["M","?","?","M","?","R","E","R","T","$","M","R","M","?","R","BOSS","M","?","M","$","M","R","E","M","T","M","R","?","M","M","R","BOSS","M"],"build_version":"2019-03-15","purchased_purges":1,"victory":false,"max_hp_per_floor":[75,75,75,75,75,75,75,75,75,75,75,75,75,75,75,75,75,75,75,75,75,75,75,75,75,75,75,75,75,75,75,75,75,75,75],"card_choices":[{"not_picked":["Gash","Cold Snap"],"picked":"Ball Lightning","floor":1},{"not_picked":["Leap","Gash"],"picked":"Doom and Gloom","floor":4},{"not_picked":["Tempest","Turbo"],"picked":"Ball Lightning","floor":7},{"not_picked":["Leap","Double Energy"],"picked":"Chill","floor":11},{"not_picked":["Stack","Steam Power"],"picked":"Leap","floor":13},{"not_picked":["Hyperbeam","Meteor Strike"],"picked":"Creative AI","floor":16},{"not_picked":["Ball Lightning","Redo"],"picked":"Compile Driver","floor":18},{"not_picked":["Sunder","Melter","Gash"],"picked":"SKIP","floor":20},{"not_picked":["Gash","Stack+1"],"picked":"Sweeping Beam","floor":22},{"not_picked":["Redo","Doom and Gloom"],"picked":"Compile Driver","floor":24},{"not_picked":["Gash+1","Redo","Go for the Eyes+1"],"picked":"SKIP","floor":25},{"not_picked":["Gash+1","Redo"],"picked":"Go for the Eyes+1","floor":25},{"not_picked":["Hologram","Defragment"],"picked":"Capacitor","floor":27},{"not_picked":["Reboot","Sweeping Beam"],"picked":"Coolheaded","floor":30},{"not_picked":["Leap","Turbo"],"picked":"Compile Driver+1","floor":31},{"not_picked":["Seek","Reboot"],"picked":"Machine Learning","floor":33}],"player_experience":1119134,"relics_obtained":[{"floor":7,"key":"Unceasing Top"},{"floor":9,"key":"Pantograph"},{"floor":19,"key":"Enchiridion"},{"floor":24,"key":"Bag of Preparation"},{"floor":26,"key":"Centennial Puzzle"}],"event_choices":[{"cards_removed":["Strike_B"],"damage_healed":0,"gold_gain":0,"player_choice":"Card Removal","damage_taken":7,"max_hp_gain":0,"max_hp_loss":0,"event_name":"Golden Wing","floor":2,"gold_loss":0},{"damage_healed":0,"gold_gain":0,"player_choice":"Ignored","damage_taken":0,"max_hp_gain":0,"max_hp_loss":0,"event_name":"Liars Game","floor":3,"gold_loss":0},{"damage_healed":0,"gold_gain":75,"player_choice":"Gather Gold","damage_taken":11,"max_hp_gain":0,"max_hp_loss":0,"event_name":"World of Goop","floor":5,"gold_loss":0},{"damage_healed":0,"gold_gain":0,"player_choice":"Take Damage","damage_taken":18,"relics_obtained":["Golden Idol"],"max_hp_gain":0,"max_hp_loss":0,"event_name":"Golden Idol","floor":14,"gold_loss":0},{"damage_healed":0,"gold_gain":0,"player_choice":"Obtained Book","damage_taken":16,"max_hp_gain":0,"max_hp_loss":0,"event_name":"Cursed Tome","floor":19,"gold_loss":0},{"damage_healed":0,"gold_gain":0,"player_choice":"Ignored","damage_taken":0,"max_hp_gain":0,"max_hp_loss":0,"event_name":"Vampires","floor":29,"gold_loss":0}],"is_beta":true,"boss_relics":[{"not_picked":["Eternal Feather","Black Star"],"picked":"Sozu"},{"not_picked":["Coffee Dripper","White Beast Statue"],"picked":"Velvet Choker"}],"items_purged_floors":[10],"is_endless":false,"potions_floor_spawned":[1,18,25,27,30],"killed_by":"3 Darklings","ascension_level":0}