{"gold_per_floor":[109,109,74,92,143,169,169,204,231,243,276,288,300,336,348,360],"floor_reached":16,"playtime":365,"items_purged":[],"score":146,"play_id":"4b002386-f428-4c7f-b7c0-d409a636cd4e","local_time":"20181231025518","is_ascension_mode":true,"campfire_choices":[{"data":"Defragment","floor":7,"key":"SMITH"},{"floor":13,"key":"REST"},{"floor":15,"key":"REST"}],"neow_cost":"NONE","seed_source_timestamp":801142180636792,"circlet_count":0,"master_deck":["Strike_B","Strike_B","Strike_B","Strike_B","Defend_B","Defend_B+1","Defend_B","Defend_B","Zap","Dualcast","Fission+1","Gash","Defragment+1","Hologram","Turbo","Injury","FTL","Go for the Eyes"],"relics":["Cracked Core","PreservedInsect","Vajra","Shuriken","MawBank","Golden Idol"],"potions_floor_usage":[6,8],"damage_taken":[{"damage":2,"enemies":"Jaw Worm","floor":1,"turns":3},{"damage":12,"enemies":"Small Slimes","floor":4,"turns":2},{"damage":14,"enemies":"3 Sentries","floor":6,"turns":5},{"damage":32,"enemies":"Lagavulin","floor":8,"turns":6},{"damage":0,"enemies":"2 Louse","floor":11,"turns":3},{"damage":14,"enemies":"Red Slaver","floor":14,"turns":2},{"damage":44,"enemies":"The Guardian","floor":16,"turns":9}],"seed_played":"3791079238199624986","potions_obtained":[{"floor":4,"key":"Explosive Potion"},{"floor":6,"key":"SkillPotion"},{"floor":14,"key":"SteroidPotion"}],"is_trial":false,"path_per_floor":["M","?","?","M","T","E","R","E","T","?","M","$","R","M","R","B"],"character_chosen":"DEFECT","items_purchased":[],"campfire_rested":2,"item_purchase_floors":[],"current_hp_per_floor":[66,51,69,57,57,43,43,11,11,11,11,11,33,19,41,0],"gold":360,"neow_bonus":"ONE_RANDOM_RARE_CARD","is_prod":false,"is_daily":false,"chose_seed":false,"campfire_upgraded":1,"win_rate":0,"timestamp":1546235718,"path_taken":["M","?","?","M","?","E","R","E","T","?","M","?","R","M","R","BOSS"],"build_version":"2018-12-20","purchased_purges":0,"victory":false,"max_hp_per_floor":[75,75,75,75,75,75,75,75,75,75,75,75,75,75,75,75],"card_choices":[{"not_picked":["Ball Lightning","Force Field"],"picked":"Gash","floor":1},{"not_picked":["Hologram","Rebound"],"picked":"Defragment","floor":4},{"not_picked":["Hyperbeam","Reinforced Body"],"picked":"Hologram","floor":6},{"not_picked":["BootSequence","Redo"],"picked":"Turbo","floor":8},{"not_picked":["Turbo","Scrape"],"picked":"FTL","floor":11},{"not_picked":["Aggregate","Beam Cell"],"picked":"Go for the Eyes","floor":14}],"player_experience":584178,"relics_obtained":[{"floor":5,"key":"PreservedInsect"},{"floor":6,"key":"Vajra"},{"floor":8,"key":"Shuriken"},{"floor":9,"key":"MawBank"}],"event_choices":[{"damage_healed":0,"gold_gain":0,"player_choice":"Entered Light","damage_taken":15,"max_hp_gain":0,"max_hp_loss":0,"event_name":"Shining Light","floor":2,"gold_loss":0,"cards_upgraded":["Defend_B","Fission"]},{"damage_healed":18,"gold_gain":0,"player_choice":"Healed","damage_taken":0,"max_hp_gain":0,"max_hp_loss":0,"event_name":"The Cleric","floor":3,"gold_loss":35},{"damage_healed":0,"gold_gain":0,"player_choice":"Take Wound","damage_taken":0,"relics_obtained":["Golden Idol"],"max_hp_gain":0,"max_hp_loss":0,"event_name":"Golden Idol","floor":10,"gold_loss":0,"cards_obtained":["Injury"]}],"is_beta":false,"boss_relics":[],"items_purged_floors":[],"is_endless":false,"potions_floor_spawned":[4,6,14],"killed_by":"The Guardian","ascension_level":7}