{"gold_per_floor":[12,30,49,324,343,377,377,404,404,420,420,430,446,471,471,572,572,592,517,616,174,174,207,207,237,264,297,311,311,311,328,328,425,425,445,463,463,474,492,492,523,523,576,591,591,591,342,375,375,375,375,375,27,52,52],"floor_reached":56,"playtime":3439,"items_purged":["Strike_B","Clumsy"],"score":1594,"play_id":"b8138db5-7e8d-47cf-bee7-c37b923e9f72","local_time":"20190330172708","is_ascension_mode":true,"campfire_choices":[{"data":"Zap","floor":7,"key":"SMITH"},{"data":"Loop","floor":15,"key":"SMITH"},{"data":"Darkness","floor":24,"key":"SMITH"},{"data":"Machine Learning","floor":29,"key":"SMITH"},{"data":"Darkness","floor":32,"key":"SMITH"},{"floor":40,"key":"RECALL"},{"data":"Defragment","floor":42,"key":"SMITH"},{"data":"Capacitor","floor":45,"key":"SMITH"},{"data":"Multi-Cast","floor":49,"key":"SMITH"},{"data":"Biased Cognition","floor":52,"key":"SMITH"}],"neow_cost":"NO_GOLD","seed_source_timestamp":1633940803646675,"circlet_count":0,"master_deck":["Strike_B","Strike_B","Strike_B","Defend_B","Defend_B","Defend_B","Defend_B","Zap+1","Dualcast","Undo","Streamline","Self Repair","Sweeping Beam","Leap","Sunder+1","Darkness+1","Loop+1","Darkness+1","Glacier","Multi-Cast+1","Redo","Conserve Battery","Rebound+1","Ghostly","Ghostly","Ghostly","Ghostly","Ghostly","Machine Learning+1","Coolheaded","Loop+1","Coolheaded","Biased Cognition+1","Leap+1","Compile Driver+1","Go for the Eyes+1","Defragment+1","Capacitor+1","Defragment+1","BootSequence+1","Master of Strategy","Reboot"],"relics":["Cracked Core","Mango","Molten Egg 2","Mercury Hourglass","Singing Bowl","Peace Pipe","Cursed Key","Symbiotic Virus","Blue Candle","Anchor","Happy Flower","Art of War","Coffee Dripper","Mummified Hand","Blood Vial","DataDisk","Pen Nib","Pantograph"],"potions_floor_usage":[6,8,14,16,23,27,33,36,48,55,55,55],"damage_taken":[{"damage":5,"enemies":"2 Louse","floor":1,"turns":3},{"damage":1,"enemies":"Cultist","floor":2,"turns":5},{"damage":5,"enemies":"Small Slimes","floor":3,"turns":3},{"damage":7,"enemies":"Looter","floor":5,"turns":3},{"damage":30,"enemies":"Gremlin Nob","floor":6,"turns":4},{"damage":15,"enemies":"Lagavulin","floor":8,"turns":8},{"damage":3,"enemies":"Exordium Wildlife","floor":10,"turns":3},{"damage":6,"enemies":"Large Slime","floor":12,"turns":5},{"damage":3,"enemies":"3 Louse","floor":13,"turns":3},{"damage":7,"enemies":"3 Sentries","floor":14,"turns":4},{"damage":17,"enemies":"Slime Boss","floor":16,"turns":10},{"damage":0,"enemies":"Chosen","floor":18,"turns":3},{"damage":19,"enemies":"Gremlin Leader","floor":23,"turns":8},{"damage":0,"enemies":"Book of Stabbing","floor":25,"turns":7},{"damage":2,"enemies":"Gremlin Leader","floor":27,"turns":7},{"damage":0,"enemies":"Shell Parasite","floor":28,"turns":4},{"damage":0,"enemies":"3 Cultists","floor":31,"turns":6},{"damage":0,"enemies":"Collector","floor":33,"turns":6},{"damage":0,"enemies":"3 Shapes","floor":35,"turns":5},{"damage":0,"enemies":"3 Darklings","floor":36,"turns":5},{"damage":3,"enemies":"Jaw Worm Horde","floor":38,"turns":6},{"damage":12,"enemies":"Writhing Mass","floor":39,"turns":3},{"damage":0,"enemies":"Giant Head","floor":41,"turns":7},{"damage":0,"enemies":"Sphere and 2 Shapes","floor":44,"turns":3},{"damage":0,"enemies":"Nemesis","floor":48,"turns":5},{"damage":20,"enemies":"Awakened One","floor":50,"turns":9},{"damage":0,"enemies":"Shield and Spear","floor":54,"turns":6},{"damage":0,"enemies":"The Heart","floor":55,"turns":12}],"seed_played":"9174798844659618735","potions_obtained":[{"floor":2,"key":"PowerPotion"},{"floor":6,"key":"Regen Potion"},{"floor":8,"key":"Swift Potion"},{"floor":10,"key":"Dexterity Potion"},{"floor":12,"key":"SmokeBomb"},{"floor":16,"key":"FocusPotion"},{"floor":18,"key":"Block Potion"},{"floor":23,"key":"Energy Potion"},{"floor":28,"key":"SteroidPotion"},{"floor":33,"key":"SpeedPotion"},{"floor":39,"key":"SkillPotion"},{"floor":41,"key":"Strength Potion"}],"is_trial":false,"path_per_floor":["M","M","M","?","M","E","R","E","T","M","?","M","M","E","R","B",null,"M","?","?","$","?","E","R","E","T","E","M","R","?","M","R","B",null,"M","M","?","M","M","R","E","R","T","M","R","?","$","E","R","B",null,"R","$","E","B",null],"character_chosen":"DEFECT","items_purchased":["Redo","Symbiotic Virus","Conserve Battery","Rebound+1","DataDisk","FocusPotion","SkillPotion","Master of Strategy","Swift Potion"],"campfire_rested":0,"item_purchase_floors":[21,21,21,21,47,53,53,53,53],"current_hp_per_floor":[84,83,78,78,78,55,55,62,62,66,41,42,39,39,39,29,89,91,91,91,91,45,35,35,42,42,47,47,47,47,47,47,47,47,49,49,49,49,44,44,49,49,49,49,49,49,49,49,49,36,49,49,49,49,49],"gold":52,"neow_bonus":"ONE_RARE_RELIC","is_prod":false,"is_daily":false,"chose_seed":false,"campfire_upgraded":9,"win_rate":0,"timestamp":1553981228,"path_taken":["M","M","M","?","M","E","R","E","T","?","?","M","M","E","R","BOSS","M","?","?","?","?","E","R","E","T","E","M","R","?","M","R","BOSS","M","M","?","?","M","R","E","R","T","?","R","?","?","E","R","BOSS","R","$","E","BOSS"],"build_version":"2019-03-15","purchased_purges":2,"victory":true,"max_hp_per_floor":[89,89,89,89,89,89,89,89,89,89,89,89,89,89,89,89,89,91,91,91,91,45,47,47,47,47,47,47,47,47,47,47,47,47,49,49,49,49,49,49,49,49,49,49,49,49,49,49,49,49,49,49,49,49,49],"card_choices":[{"not_picked":["Sweeping Beam","Turbo"],"picked":"Undo","floor":1},{"not_picked":["Turbo","Force Field"],"picked":"Streamline","floor":2},{"not_picked":["Sweeping Beam","Steam"],"picked":"Self Repair","floor":3},{"not_picked":["Fusion","Steam"],"picked":"Sweeping Beam","floor":5},{"not_picked":["Streamline","Stack"],"picked":"Leap","floor":6},{"not_picked":["BootSequence","Machine Learning"],"picked":"Sunder+1","floor":8},{"not_picked":["Scrape+1","Recycle"],"picked":"Darkness","floor":10},{"not_picked":["Gash+1","Hologram"],"picked":"Loop","floor":12},{"not_picked":["Rebound+1","Melter+1"],"picked":"Darkness","floor":13},{"not_picked":["Aggregate","Darkness"],"picked":"Glacier","floor":14},{"not_picked":["Seek","Creative AI"],"picked":"Multi-Cast","floor":16},{"not_picked":["Darkness","Rebound+1","Barrage+1"],"picked":"Singing Bowl","floor":18},{"not_picked":["Chaos","Steam","Sweeping Beam+1"],"picked":"Singing Bowl","floor":23},{"not_picked":["Redo","Leap"],"picked":"Machine Learning","floor":25},{"not_picked":["Self Repair","Ball Lightning+1"],"picked":"Coolheaded","floor":27},{"not_picked":["Storm+1","Gash+1"],"picked":"Loop+1","floor":28},{"not_picked":["Beam Cell+1","Double Energy"],"picked":"Coolheaded","floor":31},{"not_picked":["Electrodynamics","Fission"],"picked":"Biased Cognition","floor":33},{"not_picked":["Sweeping Beam+1","Self Repair","Ball Lightning+1"],"picked":"Singing Bowl","floor":35},{"not_picked":["Chaos+1","Conserve Battery"],"picked":"Leap+1","floor":36},{"not_picked":["Beam Cell+1","Storm+1"],"picked":"Compile Driver+1","floor":38},{"not_picked":["Hello World+1","Reinforced Body"],"picked":"Go for the Eyes+1","floor":39},{"not_picked":["Fusion","Undo+1"],"picked":"Defragment","floor":41},{"not_picked":["Barrage+1","Turbo+1"],"picked":"Capacitor","floor":44},{"not_picked":["Genetic Algorithm+1","Sunder+1"],"picked":"BootSequence+1","floor":48},{"not_picked":["Conserve Battery","Reinforced Body"],"picked":"Reboot","floor":54}],"player_experience":5089996,"relics_obtained":[{"floor":6,"key":"Molten Egg 2"},{"floor":8,"key":"Mercury Hourglass"},{"floor":14,"key":"Peace Pipe"},{"floor":23,"key":"Blue Candle"},{"floor":25,"key":"Anchor"},{"floor":26,"key":"Happy Flower"},{"floor":27,"key":"Art of War"},{"floor":41,"key":"Mummified Hand"},{"floor":43,"key":"Blood Vial"},{"floor":48,"key":"Pen Nib"},{"floor":54,"key":"Pantograph"}],"event_choices":[{"damage_healed":0,"gold_gain":275,"player_choice":"Desecrate","damage_taken":0,"max_hp_gain":0,"max_hp_loss":0,"event_name":"Golden Shrine","floor":4,"gold_loss":0,"cards_obtained":["Regret"]},{"damage_healed":0,"gold_gain":0,"player_choice":"Success","damage_taken":25,"relics_obtained":["Singing Bowl"],"max_hp_gain":0,"max_hp_loss":0,"event_name":"Scrap Ooze","floor":11,"gold_loss":0},{"cards_removed":["Regret"],"damage_healed":0,"gold_gain":0,"player_choice":"Gave Gold","damage_taken":0,"max_hp_gain":0,"max_hp_loss":0,"event_name":"Beggar","floor":19,"gold_loss":75},{"damage_healed":0,"gold_gain":99,"player_choice":"Stole From Cult","damage_taken":0,"max_hp_gain":0,"max_hp_loss":0,"event_name":"Nest","floor":20,"gold_loss":0},{"damage_healed":0,"gold_gain":0,"player_choice":"Became a Ghost","damage_taken":0,"max_hp_gain":0,"max_hp_loss":46,"event_name":"Ghosts","floor":22,"gold_loss":0,"cards_obtained":["Ghostly","Ghostly","Ghostly","Ghostly","Ghostly"]},{"damage_healed":0,"gold_gain":0,"player_choice":"Ignored","damage_taken":0,"max_hp_gain":0,"max_hp_loss":0,"event_name":"Vampires","floor":30,"gold_loss":0},{"cards_removed":["Shame"],"damage_healed":0,"gold_gain":0,"player_choice":"Purged","damage_taken":0,"max_hp_gain":0,"max_hp_loss":0,"event_name":"Purifier","floor":37,"gold_loss":0},{"damage_healed":0,"gold_gain":0,"player_choice":"Copied","damage_taken":0,"max_hp_gain":0,"max_hp_loss":0,"event_name":"Duplicator","floor":46,"gold_loss":0,"cards_obtained":["Defragment"]}],"is_beta":true,"boss_relics":[{"not_picked":["Empty Cage","Tiny House"],"picked":"Cursed Key"},{"not_picked":["Sozu","Busted Crown"],"picked":"Coffee Dripper"}],"items_purged_floors":[21,47],"is_endless":false,"potions_floor_spawned":[2,6,8,10,12,16,18,23,28,33,39,41,44],"ascension_level":1}