{"gold_per_floor":[118,118,129,142,217,217,243,243,243,243,263,263,279,244,244,346,346,364,46,46,46,46,46,81,81,106,106,136,150,150,150,150,252,252,271,289,289,338,368,368,393,393,420,432,432,447,407,419,419,419],"floor_reached":50,"playtime":2470,"items_purged":[],"score":680,"play_id":"6622a1d2-f3c5-441c-ba84-d2487be55641","local_time":"20190101161145","is_ascension_mode":true,"campfire_choices":[{"data":"Electrodynamics","floor":6,"key":"SMITH"},{"floor":10,"key":"REST"},{"floor":12,"key":"REST"},{"data":"Double Energy","floor":15,"key":"SMITH"},{"data":"Creative AI","floor":23,"key":"SMITH"},{"data":"Chill","floor":25,"key":"SMITH"},{"data":"Jack Of All Trades","floor":27,"key":"SMITH"},{"floor":30,"key":"REST"},{"data":"Coolheaded","floor":32,"key":"SMITH"},{"floor":40,"key":"REST"},{"floor":45,"key":"REST"},{"floor":49,"key":"REST"}],"neow_cost":"NONE","seed_source_timestamp":933236415790119,"circlet_count":0,"master_deck":["Strike_B","Strike_B","Strike_B+1","Strike_B","Defend_B","Defend_B","Defend_B","Defend_B+1","Zap","Hyperbeam+1","Ball Lightning","Genetic Algorithm","Electrodynamics+1","Double Energy+1","Glacier","Chill+1","Creative AI+1","Ball Lightning","Jack Of All Trades+1","Coolheaded+1","Creative AI","Leap+1","Conserve Battery+1","Compile Driver+1","Discovery+1","Go for the Eyes","Rebound+1"],"relics":["Cracked Core","Ginger","Dead Branch","Busted Crown","DataDisk","MutagenicStrength","Enchiridion","Toxic Egg 2","Blood Vial","Omamori","Juzu Bracelet","Cursed Key","Turnip","Tiny Chest","Art of War","Lantern"],"potions_floor_usage":[7,28,33,36,50,50,50],"damage_taken":[{"damage":2,"enemies":"Jaw Worm","floor":1,"turns":2},{"damage":7,"enemies":"Small Slimes","floor":3,"turns":3},{"damage":10,"enemies":"2 Louse","floor":4,"turns":3},{"damage":17,"enemies":"3 Sentries","floor":7,"turns":3},{"damage":1,"enemies":"Looter","floor":11,"turns":2},{"damage":0,"enemies":"Large Slime","floor":13,"turns":4},{"damage":5,"enemies":"Slime Boss","floor":16,"turns":6},{"damage":4,"enemies":"Shell Parasite","floor":18,"turns":6},{"damage":10,"enemies":"Book of Stabbing","floor":24,"turns":5},{"damage":13,"enemies":"Gremlin Leader","floor":28,"turns":6},{"damage":0,"enemies":"3 Byrds","floor":29,"turns":2},{"damage":7,"enemies":"Automaton","floor":33,"turns":5},{"damage":0,"enemies":"3 Shapes","floor":35,"turns":2},{"damage":0,"enemies":"3 Darklings","floor":36,"turns":3},{"damage":29,"enemies":"2 Orb Walkers","floor":38,"turns":4},{"damage":30,"enemies":"Reptomancer","floor":41,"turns":6},{"damage":12,"enemies":"Transient","floor":44,"turns":5},{"damage":14,"enemies":"Maw","floor":46,"turns":5},{"damage":9,"enemies":"Writhing Mass","floor":48,"turns":7},{"damage":58,"enemies":"Time Eater","floor":50,"turns":7}],"seed_played":"-1069980776251812677","potions_obtained":[{"floor":1,"key":"PowerPotion"},{"floor":7,"key":"Explosive Potion"},{"floor":11,"key":"Energy Potion"},{"floor":16,"key":"Poison Potion"},{"floor":18,"key":"Weak Potion"},{"floor":29,"key":"FocusPotion"},{"floor":35,"key":"PowerPotion"},{"floor":36,"key":"LiquidBronze"},{"floor":44,"key":"Swift Potion"}],"is_trial":false,"path_per_floor":["M","?","M","M","?","R","E","?","T","R","M","R","M","?","R","B",null,"M","$","?","?","?","R","E","R","T","R","E","M","R","?","R","B",null,"M","M","?","?","T","R","E","?","T","M","R","M","?","M","R","B"],"character_chosen":"DEFECT","items_purchased":["Ball Lightning","DataDisk","Jack Of All Trades","Coolheaded"],"campfire_rested":6,"item_purchase_floors":[19,19,19,19],"current_hp_per_floor":[66,66,59,49,38,38,21,6,6,28,27,49,49,67,67,62,72,68,68,68,52,52,52,42,42,42,42,31,33,55,55,55,50,69,71,73,73,46,46,68,40,40,40,30,52,40,40,33,55,0],"gold":419,"neow_bonus":"ONE_RANDOM_RARE_CARD","is_prod":false,"is_daily":false,"chose_seed":false,"campfire_upgraded":6,"win_rate":0,"timestamp":1546369905,"path_taken":["M","?","M","M","?","R","E","?","T","R","M","R","M","?","R","BOSS","M","$","?","?","?","R","E","R","T","R","E","M","R","?","R","BOSS","M","M","?","?","?","R","E","?","T","M","R","M","?","M","R","BOSS"],"build_version":"2018-12-20","purchased_purges":0,"victory":false,"max_hp_per_floor":[75,75,75,75,75,75,75,75,75,75,75,75,75,75,75,75,75,75,75,75,75,75,75,75,75,75,75,75,75,75,75,75,75,75,75,75,75,75,75,75,75,75,75,75,75,75,75,75,75,75],"card_choices":[{"not_picked":["Blizzard","Stack"],"picked":"Ball Lightning","floor":1},{"not_picked":["Tempest","Steam"],"picked":"Genetic Algorithm","floor":3},{"not_picked":["Beam Cell","Hello World"],"picked":"Electrodynamics","floor":4},{"not_picked":["Barrage","Coolheaded"],"picked":"Double Energy","floor":7},{"not_picked":["Melter","Darkness"],"picked":"Glacier","floor":11},{"not_picked":["Ball Lightning","Conserve Battery"],"picked":"Chill","floor":13},{"not_picked":["Multi-Cast","Biased Cognition"],"picked":"Creative AI","floor":16},{"not_picked":["Aggregate"],"picked":"SKIP","floor":18},{"not_picked":["Gash"],"picked":"SKIP","floor":24},{"not_picked":["Genetic Algorithm+1"],"picked":"SKIP","floor":28},{"not_picked":["Scrape+1"],"picked":"SKIP","floor":29},{"not_picked":[],"picked":"Creative AI","floor":33},{"not_picked":[],"picked":"Leap+1","floor":35},{"not_picked":["Gash+1"],"picked":"SKIP","floor":36},{"not_picked":[],"picked":"Conserve Battery+1","floor":38},{"not_picked":[],"picked":"Compile Driver+1","floor":41},{"not_picked":[],"picked":"Discovery+1","floor":42},{"not_picked":[],"picked":"Go for the Eyes","floor":44},{"not_picked":["Genetic Algorithm+1"],"picked":"SKIP","floor":46},{"not_picked":[],"picked":"Rebound+1","floor":48}],"player_experience":598785,"relics_obtained":[{"floor":7,"key":"Ginger"},{"floor":9,"key":"Dead Branch"},{"floor":21,"key":"Enchiridion"},{"floor":24,"key":"Blood Vial"},{"floor":26,"key":"Omamori"},{"floor":28,"key":"Juzu Bracelet"},{"floor":38,"key":"Turnip"},{"floor":39,"key":"Tiny Chest"},{"floor":41,"key":"Art of War"},{"floor":43,"key":"Lantern"}],"event_choices":[{"damage_healed":0,"gold_gain":0,"player_choice":"Grow","damage_taken":0,"max_hp_gain":0,"max_hp_loss":0,"event_name":"Living Wall","floor":2,"gold_loss":0,"cards_upgraded":["Hyperbeam"]},{"damage_healed":0,"gold_gain":75,"player_choice":"Gather Gold","damage_taken":11,"max_hp_gain":0,"max_hp_loss":0,"event_name":"World of Goop","floor":5,"gold_loss":0},{"damage_healed":0,"gold_gain":0,"player_choice":"Entered Light","damage_taken":15,"max_hp_gain":0,"max_hp_loss":0,"event_name":"Shining Light","floor":8,"gold_loss":0,"cards_upgraded":["Defend_B","Strike_B"]},{"damage_healed":18,"gold_gain":0,"player_choice":"Healed","damage_taken":0,"max_hp_gain":0,"max_hp_loss":0,"event_name":"The Cleric","floor":14,"gold_loss":35},{"damage_healed":0,"gold_gain":0,"player_choice":"Inject Mutagens","damage_taken":0,"relics_obtained":["MutagenicStrength"],"max_hp_gain":0,"max_hp_loss":0,"event_name":"Drug Dealer","floor":20,"gold_loss":0},{"damage_healed":0,"gold_gain":0,"player_choice":"Obtained Book","damage_taken":16,"max_hp_gain":0,"max_hp_loss":0,"event_name":"Cursed Tome","floor":21,"gold_loss":0},{"damage_healed":0,"gold_gain":0,"player_choice":"Gave Potion","damage_taken":0,"relics_obtained":["Toxic Egg 2"],"max_hp_gain":0,"max_hp_loss":0,"event_name":"WeMeetAgain","floor":22,"gold_loss":0},{"damage_healed":0,"gold_gain":0,"player_choice":"Ignored","damage_taken":0,"max_hp_gain":0,"max_hp_loss":0,"event_name":"Purifier","floor":31,"gold_loss":0},{"cards_removed":["Dualcast"],"damage_healed":0,"gold_gain":0,"player_choice":"Removed Skill","damage_taken":0,"max_hp_gain":0,"max_hp_loss":0,"event_name":"Falling","floor":37,"gold_loss":0},{"damage_healed":0,"gold_gain":0,"player_choice":"Fight","damage_taken":0,"max_hp_gain":0,"max_hp_loss":0,"event_name":"Mysterious Sphere","floor":38,"gold_loss":0},{"damage_healed":0,"gold_gain":0,"player_choice":"Memory 1","damage_taken":0,"max_hp_gain":0,"max_hp_loss":0,"event_name":"SensoryStone","floor":42,"gold_loss":0},{"damage_healed":0,"gold_gain":0,"player_choice":"Bought 3 Potions","damage_taken":0,"max_hp_gain":0,"max_hp_loss":0,"event_name":"The Woman in Blue","floor":47,"gold_loss":0}],"is_beta":false,"boss_relics":[{"not_picked":["Eternal Feather","Coffee Dripper"],"picked":"Busted Crown"},{"not_picked":["Nuclear Battery","Sozu"],"picked":"Cursed Key"}],"items_purged_floors":[],"is_endless":false,"potions_floor_spawned":[1,7,11,16,18,29,35,36,44],"killed_by":"Time Eater","ascension_level":7}