{"gold_per_floor":[118,131,131,131,144,144,170,170,218,250,262,362,373,398,398,499,499,515,224,259,279,379,379,379,379,379,5,34,34,34,34,34,34],"floor_reached":33,"playtime":1583,"items_purged":["Strike_R","Strike_R"],"score":293,"play_id":"f15d2150-2781-4bd1-bbc4-625ac7d5331b","local_time":"20190209082116","is_ascension_mode":true,"campfire_choices":[{"data":"True Grit","floor":6,"key":"SMITH"},{"data":"Shockwave","floor":8,"key":"SMITH"},{"data":"Anger","floor":15,"key":"SMITH"},{"data":"Offering","floor":23,"key":"SMITH"},{"floor":25,"key":"DIG"},{"floor":29,"key":"DIG"},{"floor":32,"key":"DIG"}],"neow_cost":"NONE","seed_source_timestamp":4740151148587986,"circlet_count":0,"master_deck":["Strike_R","Strike_R","Strike_R","Defend_R","Defend_R","Defend_R","Defend_R","Bash","Carnage+1","True Grit+1","Shockwave+1","Ghostly Armor","Anger+1","Cleave","Battle Trance","Offering+1","Battle Trance","Metallicize","Double Tap","Anger","Dropkick","Shrug It Off","Feel No Pain","Shame"],"relics":["Burning Blood","Art of War","Singing Bowl","Juzu Bracelet","Sundial","Pear","Coffee Dripper","Red Mask","Shovel","Matryoshka","The Courier","Blood Vial","Paper Frog","Centennial Puzzle","Regal Pillow","Oddly Smooth Stone","Bottled Flame"],"potions_floor_usage":[2,10,11,18,21,28,33,33],"damage_taken":[{"damage":6,"enemies":"Jaw Worm","floor":1,"turns":5},{"damage":5,"enemies":"2 Louse","floor":2,"turns":2},{"damage":5,"enemies":"Small Slimes","floor":5,"turns":2},{"damage":22,"enemies":"Lagavulin","floor":7,"turns":5},{"damage":8,"enemies":"Gremlin Nob","floor":10,"turns":4},{"damage":0,"enemies":"3 Louse","floor":11,"turns":1},{"damage":0,"enemies":"Exordium Wildlife","floor":13,"turns":5},{"damage":22,"enemies":"Lagavulin","floor":14,"turns":5},{"damage":26,"enemies":"The Guardian","floor":16,"turns":9},{"damage":7,"enemies":"2 Thieves","floor":18,"turns":4},{"damage":18,"enemies":"Masked Bandits","floor":20,"turns":4},{"damage":0,"enemies":"Spheric Guardian","floor":21,"turns":2},{"damage":6,"enemies":"Colosseum Slavers","floor":22,"turns":3},{"damage":18,"enemies":"Colosseum Nobs","floor":22,"turns":5},{"damage":18,"enemies":"Gremlin Leader","floor":28,"turns":5},{"damage":75,"enemies":"Champ","floor":33,"turns":9}],"seed_played":"-3549011134563564182","potions_obtained":[{"floor":0,"key":"SneckoOil"},{"floor":0,"key":"Swift Potion"},{"floor":0,"key":"Explosive Potion"},{"floor":1,"key":"Poison Potion"},{"floor":11,"key":"SkillPotion"},{"floor":14,"key":"GamblersBrew"},{"floor":16,"key":"Explosive Potion"},{"floor":20,"key":"Strength Potion"},{"floor":28,"key":"SkillPotion"}],"is_trial":false,"path_per_floor":["M","M","?","?","M","R","E","R","T","E","M","?","M","E","R","B",null,"M","$","?","M","?","R","?","R","T","$","E","R","$","?","R","B"],"character_chosen":"IRONCLAD","items_purchased":["Metallicize","Double Tap","Dropkick","Paper Frog","Shrug It Off"],"campfire_rested":0,"item_purchase_floors":[19,19,27,27,27],"current_hp_per_floor":[80,80,80,68,69,69,53,53,53,51,57,57,63,57,57,37,90,89,89,77,85,75,75,66,66,66,66,56,56,56,56,56,0],"gold":34,"neow_bonus":"THREE_SMALL_POTIONS","is_prod":false,"is_daily":false,"chose_seed":false,"campfire_upgraded":4,"win_rate":0,"timestamp":1549718476,"path_taken":["M","M","?","?","M","R","E","R","T","E","M","?","M","E","R","BOSS","M","?","?","M","?","R","?","R","T","$","E","R","?","?","R","BOSS"],"build_version":"2019-02-06","purchased_purges":2,"victory":false,"max_hp_per_floor":[80,80,80,80,80,80,80,80,80,80,80,80,80,90,90,90,90,90,90,90,92,94,94,94,94,94,94,94,94,94,94,94,94],"card_choices":[{"not_picked":["Sword Boomerang","Flame Barrier"],"picked":"Carnage","floor":1},{"not_picked":["Body Slam","Wild Strike","Second Wind"],"picked":"SKIP","floor":2},{"not_picked":["Wild Strike","Carnage"],"picked":"True Grit","floor":5},{"not_picked":["Brutality","Blood for Blood"],"picked":"Shockwave","floor":7},{"not_picked":["Blood for Blood","Pommel Strike"],"picked":"Ghostly Armor","floor":10},{"not_picked":["Sword Boomerang","Flex"],"picked":"Anger","floor":11},{"not_picked":["Rupture","Limit Break"],"picked":"Cleave","floor":13},{"not_picked":["Burning Pact","Metallicize"],"picked":"Battle Trance","floor":14},{"not_picked":["Reaper","Immolate"],"picked":"Offering","floor":16},{"not_picked":["Headbutt","Cleave"],"picked":"Battle Trance","floor":18},{"not_picked":["Shrug It Off","Warcry"],"picked":"Anger","floor":20},{"not_picked":["Clothesline","Body Slam+1","Iron Wave"],"picked":"Singing Bowl","floor":21},{"not_picked":["Warcry","Wild Strike+1","Carnage"],"picked":"Singing Bowl","floor":22},{"not_picked":["Iron Wave","Thunderclap"],"picked":"Feel No Pain","floor":28}],"player_experience":4434772,"relics_obtained":[{"floor":7,"key":"Singing Bowl"},{"floor":9,"key":"Juzu Bracelet"},{"floor":10,"key":"Sundial"},{"floor":14,"key":"Pear"},{"floor":20,"key":"Red Mask"},{"floor":22,"key":"Shovel"},{"floor":22,"key":"Matryoshka"},{"floor":25,"key":"The Courier"},{"floor":26,"key":"Blood Vial"},{"floor":28,"key":"Centennial Puzzle"},{"floor":29,"key":"Regal Pillow"},{"floor":32,"key":"Bottled Flame"}],"event_choices":[{"damage_healed":0,"gold_gain":0,"player_choice":"Grow","damage_taken":0,"max_hp_gain":0,"max_hp_loss":0,"event_name":"Living Wall","floor":3,"gold_loss":0,"cards_upgraded":["Carnage"]},{"damage_healed":0,"gold_gain":0,"player_choice":"Success","damage_taken":12,"relics_obtained":["Art of War"],"max_hp_gain":0,"max_hp_loss":0,"event_name":"Scrap Ooze","floor":4,"gold_loss":0},{"damage_healed":0,"gold_gain":100,"player_choice":"Pray","damage_taken":0,"max_hp_gain":0,"max_hp_loss":0,"event_name":"Golden Shrine","floor":12,"gold_loss":0},{"damage_healed":0,"gold_gain":0,"player_choice":"Fought Bandits","damage_taken":0,"max_hp_gain":0,"max_hp_loss":0,"event_name":"Masked Bandits","floor":20,"gold_loss":0},{"damage_healed":0,"gold_gain":0,"player_choice":"Fight","damage_taken":0,"max_hp_gain":0,"max_hp_loss":0,"event_name":"Colosseum","floor":22,"gold_loss":0},{"damage_healed":0,"gold_gain":0,"player_choice":"Fought Nobs","damage_taken":0,"max_hp_gain":0,"max_hp_loss":0,"event_name":"Colosseum","floor":22,"gold_loss":0},{"damage_healed":0,"gold_gain":0,"player_choice":"","damage_taken":9,"max_hp_gain":0,"max_hp_loss":0,"event_name":"Knowing Skull","floor":24,"potions_obtained":[],"gold_loss":0,"cards_obtained":[]},{"damage_healed":0,"gold_gain":0,"player_choice":"Stole Relic","damage_taken":0,"relics_obtained":["Oddly Smooth Stone"],"max_hp_gain":0,"max_hp_loss":0,"event_name":"Addict","floor":31,"gold_loss":0,"cards_obtained":["Shame"]}],"is_beta":true,"boss_relics":[{"not_picked":["Busted Crown","Calling Bell"],"picked":"Coffee Dripper"}],"items_purged_floors":[19,27],"is_endless":false,"potions_floor_spawned":[1,11,14,16,20,28],"killed_by":"Champ","ascension_level":1}