{"gold_per_floor":[116,127,147,222,322,322,351,351,351,363,382,382],"floor_reached":12,"playtime":357,"items_purged":[],"score":140,"play_id":"d9bb2bd4-7567-4851-ba46-1d9860275e42","local_time":"20190413092251","is_ascension_mode":true,"campfire_choices":[{"data":"Armaments","floor":6,"key":"SMITH"},{"data":"Feel No Pain","floor":8,"key":"SMITH"}],"neow_cost":"NONE","seed_source_timestamp":156933736582672,"circlet_count":0,"master_deck":["AscendersBane","Strike_R","Strike_R","Strike_R","Strike_R","Strike_R","Defend_R","Defend_R","Defend_R","Defend_R","Bash","Thunderclap","Armaments+1","Pommel Strike","Feel No Pain+1","Dropkick","Barricade"],"relics":["Burning Blood","Centennial Puzzle","Mummified Hand"],"potions_floor_usage":[10,12],"damage_taken":[{"damage":6,"enemies":"2 Louse","floor":1,"turns":3},{"damage":4,"enemies":"Jaw Worm","floor":2,"turns":4},{"damage":1,"enemies":"Cultist","floor":3,"turns":3},{"damage":41,"enemies":"Lagavulin","floor":7,"turns":9},{"damage":12,"enemies":"Large Slime","floor":10,"turns":3},{"damage":9,"enemies":"2 Fungi Beasts","floor":11,"turns":4},{"damage":21,"enemies":"The Mushroom Lair","floor":12,"turns":3}],"seed_played":"-8126144784416083097","potions_obtained":[{"floor":3,"key":"FearPotion"},{"floor":7,"key":"Explosive Potion"},{"floor":11,"key":"Ancient Potion"}],"is_trial":false,"path_per_floor":["M","M","M","?","?","R","E","R","T","M","M","?"],"character_chosen":"IRONCLAD","items_purchased":[],"campfire_rested":0,"item_purchase_floors":[],"current_hp_per_floor":[68,70,75,64,64,64,29,29,29,23,20,0],"gold":382,"neow_bonus":"RANDOM_COMMON_RELIC","is_prod":false,"is_daily":false,"chose_seed":false,"campfire_upgraded":2,"win_rate":0,"timestamp":1555158171,"path_taken":["M","M","M","?","?","R","E","R","T","M","?","?"],"build_version":"2019-01-23","purchased_purges":0,"victory":false,"max_hp_per_floor":[75,75,75,75,75,75,75,75,75,75,75,75],"card_choices":[{"not_picked":["Twin Strike","Heavy Blade"],"picked":"Thunderclap","floor":1},{"not_picked":["Rampage","Pommel Strike"],"picked":"Armaments","floor":2},{"not_picked":["Warcry","Thunderclap"],"picked":"Pommel Strike","floor":3},{"not_picked":["Wild Strike","Sword Boomerang"],"picked":"Feel No Pain","floor":7},{"not_picked":["Wild Strike","True Grit"],"picked":"Dropkick","floor":10},{"not_picked":["Headbutt","Body Slam"],"picked":"Barricade","floor":11}],"player_experience":1105298,"relics_obtained":[{"floor":7,"key":"Mummified Hand"}],"event_choices":[{"damage_healed":0,"gold_gain":75,"player_choice":"Gather Gold","damage_taken":11,"max_hp_gain":0,"max_hp_loss":0,"event_name":"World of Goop","floor":4,"gold_loss":0},{"damage_healed":0,"gold_gain":100,"player_choice":"Gold","damage_taken":0,"max_hp_gain":0,"max_hp_loss":0,"event_name":"Wheel of Change","floor":5,"gold_loss":0},{"damage_healed":0,"gold_gain":0,"player_choice":"Fought Mushrooms","damage_taken":0,"max_hp_gain":0,"max_hp_loss":0,"event_name":"Mushrooms","floor":12,"gold_loss":0}],"is_beta":false,"boss_relics":[],"items_purged_floors":[],"is_endless":false,"potions_floor_spawned":[3,7,11],"killed_by":"The Mushroom Lair","ascension_level":15}