{"gold_per_floor":[109,123,123,141,161,161,178,178,178,178,105,105,124,139,139,244,294,311,159,170,170,188,188,188,188],"floor_reached":25,"playtime":708,"items_purged":[],"score":195,"play_id":"ff934e51-ba55-4228-a507-7f3f9c697978","local_time":"20190514081845","is_ascension_mode":false,"campfire_choices":[{"floor":6,"key":"DIG"},{"floor":8,"key":"DIG"},{"floor":10,"key":"DIG"},{"floor":15,"key":"REST"},{"floor":23,"key":"DIG"}],"neow_cost":"TEN_PERCENT_HP_LOSS","seed_source_timestamp":155978631304234,"circlet_count":0,"master_deck":["Strike_B","Strike_B+1","Strike_B","Strike_B","Defend_B","Defend_B","Defend_B","Defend_B","Zap","Dualcast","Sweeping Beam+1","Go for the Eyes","Ball Lightning","Doom and Gloom","Auto Shields+1","Darkness+1","Seek+1","Reinforced Body+1","Steam+1","Steam+1","Writhe"],"relics":["Cracked Core","Shovel","Ornamental Fan","Toxic Egg 2","Letter Opener","Tiny House","Juzu Bracelet","Oddly Smooth Stone","Calipers"],"potions_floor_usage":[7],"damage_taken":[{"damage":1,"enemies":"Cultist","floor":1,"turns":3},{"damage":0,"enemies":"Small Slimes","floor":2,"turns":3},{"damage":6,"enemies":"Jaw Worm","floor":4,"turns":3},{"damage":17,"enemies":"Exordium Thugs","floor":5,"turns":5},{"damage":6,"enemies":"Lots of Slimes","floor":7,"turns":2},{"damage":3,"enemies":"3 Louse","floor":13,"turns":2},{"damage":2,"enemies":"Blue Slaver","floor":14,"turns":4},{"damage":35,"enemies":"Slime Boss","floor":16,"turns":8},{"damage":18,"enemies":"3 Byrds","floor":18,"turns":4},{"damage":16,"enemies":"Spheric Guardian","floor":20,"turns":4},{"damage":36,"enemies":"Snecko","floor":22,"turns":9},{"damage":8,"enemies":"Snake Plant","floor":25,"turns":1}],"seed_played":"-1287926035791910646","potions_obtained":[{"floor":1,"key":"PowerPotion"},{"floor":7,"key":"EssenceOfSteel"},{"floor":12,"key":"Energy Potion"},{"floor":12,"key":"Poison Potion"}],"is_trial":false,"path_per_floor":["M","M","$","M","M","R","M","R","T","R","$","?","M","M","R","B",null,"M","$","M","?","M","R","?","M"],"character_chosen":"DEFECT","items_purchased":["Doom and Gloom","Juzu Bracelet"],"campfire_rested":1,"item_purchase_floors":[11,19],"current_hp_per_floor":[67,67,67,61,44,44,38,38,38,38,38,38,35,33,53,18,73,55,55,39,39,3,3,3,0],"gold":188,"neow_bonus":"ONE_RARE_RELIC","is_prod":false,"is_daily":false,"chose_seed":false,"campfire_upgraded":0,"win_rate":0,"timestamp":1557836325,"path_taken":["M","M","?","M","?","R","?","R","T","R","$","?","?","M","R","BOSS","M","$","M","?","M","R","?","M"],"build_version":"2019-01-23","purchased_purges":0,"victory":false,"max_hp_per_floor":[68,68,68,68,68,68,68,68,68,68,68,68,68,68,68,68,73,73,73,73,73,73,73,73,73],"card_choices":[{"not_picked":["Doom and Gloom","Undo"],"picked":"Sweeping Beam","floor":1},{"not_picked":["Streamline","Stack","Steam"],"picked":"SKIP","floor":2},{"not_picked":["Chill","Streamline"],"picked":"Go for the Eyes","floor":4},{"not_picked":["Stack","Steam","Chaos"],"picked":"SKIP","floor":5},{"not_picked":["Hologram","Conserve Battery"],"picked":"Ball Lightning","floor":7},{"not_picked":["Ball Lightning","Seek+1"],"picked":"Auto Shields+1","floor":13},{"not_picked":["Heatsinks","Sweeping Beam"],"picked":"Darkness+1","floor":14},{"not_picked":["Amplify+1","Meteor Strike"],"picked":"Seek+1","floor":16},{"not_picked":["Hello World","Streamline"],"picked":"Reinforced Body+1","floor":17},{"not_picked":["Compile Driver+1","Sunder"],"picked":"Steam+1","floor":18},{"not_picked":["Undo+1","Hologram+1"],"picked":"Steam+1","floor":20},{"not_picked":["FTL","Conserve Battery+1","Coolheaded+1"],"picked":"SKIP","floor":22}],"player_experience":84143,"relics_obtained":[{"floor":6,"key":"Ornamental Fan"},{"floor":8,"key":"Toxic Egg 2"},{"floor":10,"key":"Letter Opener"},{"floor":23,"key":"Calipers"}],"event_choices":[{"damage_healed":0,"gold_gain":0,"player_choice":"Got Potions","damage_taken":0,"max_hp_gain":0,"max_hp_loss":0,"event_name":"Lab","floor":12,"gold_loss":0},{"damage_healed":0,"gold_gain":0,"player_choice":"Opened","damage_taken":0,"relics_obtained":["Oddly Smooth Stone"],"max_hp_gain":0,"max_hp_loss":0,"event_name":"The Mausoleum","floor":21,"gold_loss":0,"cards_obtained":["Writhe"]},{"damage_healed":0,"gold_gain":0,"player_choice":"Forge","damage_taken":0,"max_hp_gain":0,"max_hp_loss":0,"event_name":"Accursed Blacksmith","floor":24,"gold_loss":0,"cards_upgraded":["Sweeping Beam"]}],"is_beta":false,"boss_relics":[{"not_picked":["Black Star","Cursed Key"],"picked":"Tiny House"}],"items_purged_floors":[],"is_endless":false,"potions_floor_spawned":[1,7,14,16,18,20,22],"killed_by":"Snake Plant","ascension_level":0}