{"gold_per_floor":[15,31,8,25,35,35,63,75,100,112,159,171,183,208,220,360,372,405,437,33,56,56,56,81,81,81,114,132,151,171,187,187,308,308,331,61,77,77,97,135,153,153,203,216,216,216,216,18,18,18,18,18,18,58,58],"floor_reached":56,"playtime":3032,"items_purged":["Strike_G","Strike_G","Strike_G"],"score":1213,"play_id":"b8cec307-47c4-4ece-aa12-8e46f47c0692","local_time":"20190329192925","is_ascension_mode":false,"campfire_choices":[{"data":"Corpse Explosion","floor":6,"key":"SMITH"},{"data":"Neutralize","floor":10,"key":"SMITH"},{"data":"Noxious Fumes","floor":13,"key":"SMITH"},{"data":"Malaise","floor":15,"key":"SMITH"},{"data":"Caltrops","floor":23,"key":"SMITH"},{"data":"Calculated Gamble","floor":25,"key":"SMITH"},{"floor":32,"key":"REST"},{"data":"Burst","floor":42,"key":"SMITH"},{"floor":47,"key":"REST"},{"floor":49,"key":"RECALL"},{"data":"Master of Strategy","floor":52,"key":"SMITH"}],"neow_cost":"NO_GOLD","seed_source_timestamp":722849338927243,"circlet_count":0,"master_deck":["Defend_G","Defend_G","Defend_G","Defend_G","Defend_G","Strike_G","Strike_G","Survivor","Neutralize+1","Corpse Explosion+1","Caltrops+1","Dash","Flying Knee","Deflect","Calculated Gamble+1","Malaise+1","Noxious Fumes+1","Prepared+1","Acrobatics","Madness","Deadly Poison","Deadly Poison","Concentrate+1","Backflip","Bullet Time","Burst+1","Master of Strategy+1","Blur+1","Doppelganger","Caltrops+1","Apotheosis","Master of Strategy","Leg Sweep"],"relics":["Ring of the Snake","Orichalcum","MawBank","Art of War","Golden Idol","Runic Pyramid","Gremlin Horn","Torii","Centennial Puzzle","Philosopher\u0027s Stone","Prayer Wheel","Bag of Marbles"],"potions_floor_usage":[14,16,18,33,33,37,40,44,44,55],"damage_taken":[{"damage":0,"enemies":"Cultist","floor":1,"turns":4},{"damage":5,"enemies":"2 Louse","floor":2,"turns":2},{"damage":0,"enemies":"Jaw Worm","floor":4,"turns":4},{"damage":3,"enemies":"Red Slaver","floor":5,"turns":3},{"damage":25,"enemies":"Gremlin Nob","floor":7,"turns":5},{"damage":0,"enemies":"Large Slime","floor":8,"turns":5},{"damage":9,"enemies":"3 Sentries","floor":11,"turns":3},{"damage":0,"enemies":"2 Fungi Beasts","floor":14,"turns":2},{"damage":14,"enemies":"Slime Boss","floor":16,"turns":9},{"damage":0,"enemies":"2 Thieves","floor":18,"turns":3},{"damage":0,"enemies":"3 Byrds","floor":19,"turns":2},{"damage":0,"enemies":"Snecko","floor":21,"turns":5},{"damage":6,"enemies":"Centurion and Healer","floor":24,"turns":4},{"damage":25,"enemies":"Slavers","floor":27,"turns":3},{"damage":0,"enemies":"Cultist and Chosen","floor":28,"turns":5},{"damage":0,"enemies":"3 Cultists","floor":29,"turns":3},{"damage":7,"enemies":"Snake Plant","floor":30,"turns":4},{"damage":0,"enemies":"Snecko","floor":31,"turns":6},{"damage":1,"enemies":"Collector","floor":33,"turns":9},{"damage":0,"enemies":"3 Shapes","floor":35,"turns":5},{"damage":0,"enemies":"3 Darklings","floor":37,"turns":3},{"damage":11,"enemies":"4 Shapes","floor":39,"turns":2},{"damage":12,"enemies":"Reptomancer","floor":40,"turns":6},{"damage":1,"enemies":"Maw","floor":41,"turns":7},{"damage":0,"enemies":"3 Darklings","floor":44,"turns":2},{"damage":9,"enemies":"Awakened One","floor":50,"turns":13},{"damage":1,"enemies":"Shield and Spear","floor":54,"turns":5},{"damage":38,"enemies":"The Heart","floor":55,"turns":10}],"seed_played":"1651186743695351502","potions_obtained":[{"floor":1,"key":"GamblersBrew"},{"floor":7,"key":"SpeedPotion"},{"floor":11,"key":"EssenceOfSteel"},{"floor":14,"key":"SpeedPotion"},{"floor":18,"key":"Energy Potion"},{"floor":19,"key":"Ancient Potion"},{"floor":24,"key":"GhostInAJar"},{"floor":33,"key":"Fire Potion"},{"floor":37,"key":"SteroidPotion"},{"floor":39,"key":"Weak Potion"},{"floor":40,"key":"Fire Potion"},{"floor":54,"key":"Poison Potion"}],"is_trial":false,"path_per_floor":["M","M","$","M","M","R","E","M","T","R","E","?","R","M","R","B",null,"M","M","$","M","?","R","M","R","T","E","M","M","M","M","R","B",null,"M","$","M","?","M","E","M","R","T","M","?","?","R","$","R","B",null,"R","$","E","B",null],"character_chosen":"THE_SILENT","items_purchased":["Flying Knee","Gremlin Horn","Madness","Master of Strategy","Leg Sweep"],"campfire_rested":2,"item_purchase_floors":[3,20,20,36,48],"current_hp_per_floor":[70,65,65,65,62,62,37,37,37,37,28,28,28,28,28,14,65,65,65,65,65,75,75,69,69,69,44,44,44,37,37,59,58,75,75,75,75,75,64,52,51,51,51,51,51,41,63,63,63,54,75,75,75,74,36],"gold":58,"neow_bonus":"THREE_RARE_CARDS","is_prod":false,"is_daily":false,"chose_seed":false,"campfire_upgraded":8,"win_rate":0,"timestamp":1553887765,"path_taken":["M","M","?","?","M","R","E","M","T","R","E","?","R","M","R","BOSS","M","M","$","M","?","R","M","R","T","E","?","M","M","M","R","BOSS","M","$","M","?","M","E","M","R","T","?","?","?","R","$","R","BOSS","R","$","E","BOSS"],"build_version":"2019-03-15","purchased_purges":3,"victory":true,"max_hp_per_floor":[70,70,70,70,70,70,70,70,70,70,70,65,65,65,65,65,65,65,65,65,65,75,75,75,75,75,75,75,75,75,75,75,75,75,75,75,75,75,75,75,75,75,75,75,75,75,75,75,75,75,75,75,75,75,75],"card_choices":[{"not_picked":["Burst","Grand Finale"],"picked":"Corpse Explosion","floor":0},{"not_picked":["Backflip","Sucker Punch"],"picked":"Caltrops","floor":1},{"not_picked":["Cloak And Dagger","Dodge and Roll"],"picked":"Dash","floor":2},{"not_picked":["Blur","Outmaneuver"],"picked":"Deflect","floor":4},{"not_picked":["Riddle With Holes","Bane"],"picked":"Calculated Gamble","floor":5},{"not_picked":["Deflect","Bane","Underhanded Strike"],"picked":"SKIP","floor":7},{"not_picked":["Backstab","Caltrops"],"picked":"Malaise","floor":8},{"not_picked":["Skewer","Calculated Gamble"],"picked":"Noxious Fumes","floor":11},{"not_picked":["Prepared","Riddle With Holes","Blade Dance"],"picked":"SKIP","floor":14},{"not_picked":["Bullet Time","Phantasmal Killer"],"picked":"Tools of the Trade","floor":16},{"not_picked":["Deadly Poison","Sucker Punch+1"],"picked":"Prepared+1","floor":18},{"not_picked":["Heel Hook","Bouncing Flask"],"picked":"Acrobatics","floor":19},{"not_picked":["Prepared","Cloak And Dagger+1"],"picked":"Deadly Poison","floor":21},{"not_picked":["Blur","Poisoned Stab","Prepared+1"],"picked":"SKIP","floor":24},{"not_picked":["Wraith Form v2","Terror"],"picked":"Deadly Poison","floor":27},{"not_picked":["Accuracy","Prepared+1"],"picked":"Concentrate+1","floor":28},{"not_picked":["Poisoned Stab","Caltrops","Predator"],"picked":"SKIP","floor":29},{"not_picked":["Choke","Dagger Throw+1"],"picked":"Backflip","floor":30},{"not_picked":["Underhanded Strike","Dodge and Roll"],"picked":"Bullet Time","floor":31},{"not_picked":["Phantasmal Killer","Venomology"],"picked":"Burst","floor":33},{"not_picked":["Flechettes+1","Riddle With Holes+1","Deadly Poison+1"],"picked":"SKIP","floor":35},{"not_picked":["Finisher+1","Bane+1","Dagger Throw"],"picked":"SKIP","floor":37},{"not_picked":["All Out Attack+1","Underhanded Strike+1","Cloak And Dagger"],"picked":"SKIP","floor":39},{"not_picked":["Backflip+1","Prepared"],"picked":"Blur+1","floor":40},{"not_picked":["Doppelganger","Poisoned Stab","Deflect"],"picked":"SKIP","floor":41},{"not_picked":["Prepared+1","Bane","Masterful Stab"],"picked":"SKIP","floor":41},{"not_picked":["Poisoned Stab","Deflect"],"picked":"Doppelganger","floor":41},{"not_picked":["Prepared+1","Bane","Masterful Stab"],"picked":"SKIP","floor":41},{"not_picked":["Deadly Poison+1","Slice"],"picked":"Caltrops+1","floor":44},{"not_picked":["Bane","Outmaneuver+1","Dash+1"],"picked":"SKIP","floor":44},{"not_picked":["Flash of Steel","Mind Blast"],"picked":"Apotheosis","floor":46},{"not_picked":["Panache","Mayhem"],"picked":"Master of Strategy","floor":46},{"not_picked":["Blade Dance+1","Outmaneuver","Tactician"],"picked":"SKIP","floor":54}],"player_experience":1179690,"relics_obtained":[{"floor":7,"key":"Orichalcum"},{"floor":9,"key":"MawBank"},{"floor":11,"key":"Art of War"},{"floor":26,"key":"Torii"},{"floor":27,"key":"Centennial Puzzle"},{"floor":40,"key":"Prayer Wheel"},{"floor":54,"key":"Bag of Marbles"}],"event_choices":[{"damage_healed":0,"gold_gain":0,"player_choice":"Lose Max HP","damage_taken":0,"relics_obtained":["Golden Idol"],"max_hp_gain":0,"max_hp_loss":5,"event_name":"Golden Idol","floor":12,"gold_loss":0},{"cards_removed":["Tools of the Trade"],"damage_healed":0,"gold_gain":0,"player_choice":"Offered Rare","damage_taken":0,"max_hp_gain":10,"max_hp_loss":0,"event_name":"Bonfire Elementals","floor":22,"gold_loss":0},{"damage_healed":0,"gold_gain":0,"player_choice":"Ignored","damage_taken":0,"max_hp_gain":0,"max_hp_loss":0,"event_name":"NoteForYourself","floor":38,"gold_loss":0},{"damage_healed":0,"gold_gain":0,"player_choice":"Ignored","damage_taken":0,"max_hp_gain":0,"max_hp_loss":0,"event_name":"Tomb of Lord Red Mask","floor":45,"gold_loss":0},{"damage_healed":0,"gold_gain":0,"player_choice":"Memory 3","damage_taken":10,"max_hp_gain":0,"max_hp_loss":0,"event_name":"SensoryStone","floor":46,"gold_loss":0}],"is_beta":true,"boss_relics":[{"not_picked":["Astrolabe","Tiny House"],"picked":"Runic Pyramid"},{"not_picked":["Snecko Eye","Calling Bell"],"picked":"Philosopher\u0027s Stone"}],"items_purged_floors":[20,36,48],"is_endless":false,"potions_floor_spawned":[1,7,11,14,18,19,24,30,31,33,37,39,40,54],"ascension_level":0}