{"gold_per_floor":[110,110,110,120,137,171,171,171,171,246,257,257,11,42,42,121,121,138,138,238,238,18,18,18],"floor_reached":24,"playtime":562,"items_purged":["Decay"],"score":330,"play_id":"fd137197-c950-4f8e-9dcf-48689b25a82b","local_time":"20190330202551","is_ascension_mode":true,"campfire_choices":[{"data":"White Noise","floor":8,"key":"SMITH"},{"floor":12,"key":"REST"},{"floor":15,"key":"REST"},{"floor":23,"key":"REST"}],"neow_cost":"NONE","seed_source_timestamp":851037096532512,"circlet_count":0,"master_deck":["AscendersBane","Strike_B","Strike_B","Strike_B","Strike_B","Defend_B","Defend_B","Defend_B+1","Defend_B+1","Zap+1","Dualcast","White Noise+1","Conserve Battery","Defragment","Coolheaded","Machine Learning","Electrodynamics","Ball Lightning"],"relics":["Cracked Core","Symbiotic Virus","Mummified Hand","Cables","Strawberry","Busted Crown","MutagenicStrength","StoneCalendar","Meat on the Bone","Bag of Preparation"],"potions_floor_usage":[6,6,20],"damage_taken":[{"damage":7,"enemies":"Small Slimes","floor":1,"turns":2},{"damage":4,"enemies":"Jaw Worm","floor":4,"turns":3},{"damage":3,"enemies":"2 Louse","floor":5,"turns":3},{"damage":11,"enemies":"Lagavulin","floor":6,"turns":8},{"damage":0,"enemies":"Blue Slaver","floor":11,"turns":3},{"damage":43,"enemies":"Gremlin Nob","floor":14,"turns":4},{"damage":26,"enemies":"Hexaghost","floor":16,"turns":7},{"damage":4,"enemies":"Chosen","floor":18,"turns":3},{"damage":27,"enemies":"Colosseum Slavers","floor":20,"turns":3},{"damage":33,"enemies":"Colosseum Nobs","floor":20,"turns":4},{"damage":34,"enemies":"Gremlin Leader","floor":24,"turns":6}],"seed_played":"6930558020023475496","potions_obtained":[{"floor":1,"key":"Regen Potion"},{"floor":4,"key":"Weak Potion"},{"floor":16,"key":"SkillPotion"}],"is_trial":false,"path_per_floor":["M","?","?","M","M","E","T","R","T","?","M","R","$","E","R","B",null,"M","?","?","?","$","R","E"],"character_chosen":"DEFECT","items_purchased":["Cables","Bag of Preparation"],"campfire_rested":3,"item_purchase_floors":[13,22],"current_hp_per_floor":[61,66,50,46,43,47,47,47,47,36,36,60,60,24,50,24,71,67,67,7,7,7,33,0],"gold":18,"neow_bonus":"UPGRADE_CARD","is_prod":false,"is_daily":false,"chose_seed":false,"campfire_upgraded":1,"win_rate":0,"timestamp":1553988351,"path_taken":["M","?","?","M","M","E","?","R","T","?","M","R","$","E","R","BOSS","M","?","?","?","$","R","E"],"build_version":"2019-01-23","purchased_purges":1,"victory":false,"max_hp_per_floor":[75,80,80,80,80,80,80,80,80,80,80,80,80,87,87,87,87,87,87,87,87,87,87,87],"card_choices":[{"not_picked":["Leap","Hologram"],"picked":"White Noise","floor":1},{"not_picked":["Sweeping Beam","Skim"],"picked":"Conserve Battery","floor":4},{"not_picked":["Steam","Barrage","Reprogram"],"picked":"SKIP","floor":5},{"not_picked":["Glacier","Auto Shields"],"picked":"Defragment","floor":6},{"not_picked":["Tempest","Cold Snap"],"picked":"Coolheaded","floor":11},{"not_picked":["Meteor Strike","Redo"],"picked":"Machine Learning","floor":14},{"not_picked":["Buffer","Seek"],"picked":"Electrodynamics","floor":16},{"not_picked":["Ball Lightning"],"picked":"SKIP","floor":18},{"not_picked":[],"picked":"Ball Lightning","floor":18}],"player_experience":1015272,"relics_obtained":[{"floor":6,"key":"Symbiotic Virus"},{"floor":7,"key":"Mummified Hand"},{"floor":14,"key":"Strawberry"},{"floor":20,"key":"StoneCalendar"},{"floor":20,"key":"Meat on the Bone"}],"event_choices":[{"damage_healed":0,"gold_gain":0,"player_choice":"Donut","damage_taken":0,"max_hp_gain":5,"max_hp_loss":0,"event_name":"Big Fish","floor":2,"gold_loss":0},{"damage_healed":0,"gold_gain":0,"player_choice":"Entered Light","damage_taken":16,"max_hp_gain":0,"max_hp_loss":0,"event_name":"Shining Light","floor":3,"gold_loss":0,"cards_upgraded":["Defend_B","Defend_B"]},{"damage_healed":0,"gold_gain":75,"player_choice":"Gather Gold","damage_taken":11,"max_hp_gain":0,"max_hp_loss":0,"event_name":"World of Goop","floor":10,"gold_loss":0},{"damage_healed":0,"gold_gain":0,"player_choice":"Inject Mutagens","damage_taken":0,"relics_obtained":["MutagenicStrength"],"max_hp_gain":0,"max_hp_loss":0,"event_name":"Drug Dealer","floor":19,"gold_loss":0},{"damage_healed":0,"gold_gain":0,"player_choice":"Fight","damage_taken":0,"max_hp_gain":0,"max_hp_loss":0,"event_name":"Colosseum","floor":20,"gold_loss":0},{"damage_healed":0,"gold_gain":0,"player_choice":"Fought Nobs","damage_taken":0,"max_hp_gain":0,"max_hp_loss":0,"event_name":"Colosseum","floor":20,"gold_loss":0},{"damage_healed":0,"gold_gain":0,"player_choice":"Cursed","damage_taken":0,"max_hp_gain":0,"max_hp_loss":0,"event_name":"Wheel of Change","floor":21,"gold_loss":0,"cards_obtained":["Decay"]}],"is_beta":false,"boss_relics":[{"not_picked":["Orrery","Lizard Tail"],"picked":"Busted Crown"}],"items_purged_floors":[22],"is_endless":false,"potions_floor_spawned":[1,4,16],"killed_by":"Gremlin Leader","ascension_level":13}