{"gold_per_floor":[113,127,139,139,157,157,196,196,241,241,254,254,295,24,24,24],"floor_reached":16,"playtime":505,"items_purged":[],"score":220,"play_id":"48fc4f4c-1404-42b1-ba03-f5a60ef5f8c1","local_time":"20190225232605","is_ascension_mode":true,"campfire_choices":[{"data":"Uppercut","floor":6,"key":"SMITH"},{"data":"Bash","floor":8,"key":"SMITH"},{"data":"Anger","floor":12,"key":"SMITH"},{"floor":15,"key":"REST"}],"neow_cost":"NONE","seed_source_timestamp":366339592570683,"circlet_count":0,"master_deck":["AscendersBane","Strike_R","Strike_R","Strike_R","Strike_R","Strike_R","Defend_R","Defend_R","Defend_R","Defend_R","Bash+1","Limit Break","Twin Strike","Wild Strike+1","Shockwave","Uppercut+1","Anger+1","True Grit"],"relics":["Burning Blood","Golden Idol","Mummified Hand","Oddly Smooth Stone","Meat on the Bone"],"potions_floor_usage":[7,13],"damage_taken":[{"damage":2,"enemies":"Cultist","floor":1,"turns":4},{"damage":9,"enemies":"Small Slimes","floor":2,"turns":4},{"damage":2,"enemies":"2 Louse","floor":3,"turns":2},{"damage":7,"enemies":"Exordium Wildlife","floor":5,"turns":3},{"damage":6,"enemies":"Gremlin Nob","floor":7,"turns":3},{"damage":13,"enemies":"Gremlin Gang","floor":11,"turns":6},{"damage":35,"enemies":"3 Sentries","floor":13,"turns":7},{"damage":41,"enemies":"Slime Boss","floor":16,"turns":7}],"seed_played":"-6992806034663859885","potions_obtained":[{"floor":2,"key":"AttackPotion"},{"floor":7,"key":"BloodPotion"}],"is_trial":false,"path_per_floor":["M","M","M","?","M","R","E","R","T","?","M","R","E","$","R","B"],"character_chosen":"IRONCLAD","items_purchased":["Meat on the Bone"],"campfire_rested":1,"item_purchase_floors":[14],"current_hp_per_floor":[72,69,73,47,46,46,46,46,46,46,39,39,17,17,39,0],"gold":24,"neow_bonus":"ONE_RANDOM_RARE_CARD","is_prod":false,"is_daily":false,"chose_seed":false,"campfire_upgraded":3,"win_rate":0,"timestamp":1551155165,"path_taken":["M","?","M","?","M","R","E","R","T","?","M","R","E","?","R","BOSS"],"build_version":"2019-02-06","purchased_purges":0,"victory":false,"max_hp_per_floor":[75,75,75,75,75,75,75,75,75,75,75,75,75,75,75,75],"card_choices":[{"not_picked":["Clash","Feel No Pain"],"picked":"Twin Strike","floor":1},{"not_picked":["Cleave","Thunderclap"],"picked":"Wild Strike","floor":2},{"not_picked":["Havoc","Heavy Blade"],"picked":"Shockwave","floor":3},{"not_picked":["Iron Wave","Perfected Strike"],"picked":"Uppercut","floor":5},{"not_picked":["Heavy Blade","Flex"],"picked":"Anger","floor":7},{"not_picked":["Evolve","Perfected Strike","Clash"],"picked":"SKIP","floor":11},{"not_picked":["Pommel Strike","Corruption"],"picked":"True Grit","floor":13}],"player_experience":799504,"relics_obtained":[{"floor":7,"key":"Mummified Hand"},{"floor":13,"key":"Oddly Smooth Stone"}],"event_choices":[{"damage_healed":0,"gold_gain":0,"player_choice":"Take Damage","damage_taken":26,"relics_obtained":["Golden Idol"],"max_hp_gain":0,"max_hp_loss":0,"event_name":"Golden Idol","floor":4,"gold_loss":0},{"damage_healed":0,"gold_gain":0,"player_choice":"Grow","damage_taken":0,"max_hp_gain":0,"max_hp_loss":0,"event_name":"Living Wall","floor":10,"gold_loss":0,"cards_upgraded":["Wild Strike"]}],"is_beta":true,"boss_relics":[],"items_purged_floors":[],"is_endless":false,"potions_floor_spawned":[2,7],"killed_by":"Slime Boss","ascension_level":20}