{"gold_per_floor":[119,119,137,160,160,191,191,217,244,278,278,292,302,316,316,395,395,415,415,433,444,444,474,474,19,19,19,31,51,51,51,51,126,126,144,76,88,88],"floor_reached":38,"playtime":1402,"items_purged":[],"score":858,"play_id":"a5483bcb-956d-4a0f-ac04-f77a261203c9","local_time":"20190430171207","is_ascension_mode":true,"campfire_choices":[{"data":"Bash","floor":7,"key":"SMITH"},{"data":"Heavy Blade","floor":11,"key":"SMITH"},{"data":"Heavy Blade","floor":15,"key":"SMITH"},{"data":"Sword Boomerang","floor":24,"key":"SMITH"},{"data":"Twin Strike","floor":27,"key":"SMITH"},{"floor":32,"key":"REST"}],"neow_cost":"NONE","seed_source_timestamp":637283941501000,"circlet_count":0,"master_deck":["AscendersBane","Strike_R","Strike_R+1","Strike_R","Defend_R","Defend_R","Defend_R","Defend_R","Bash+1","Whirlwind+1","Twin Strike+1","Sword Boomerang+1","Flex+1","Heavy Blade+1","Dropkick","Heavy Blade+1","Spot Weakness+1","Reaper","Shrug It Off+1","Double Tap+1","Thunderclap+1","Rage+1","Impervious+1","Writhe","Juggernaut","Sword Boomerang"],"relics":["Burning Blood","NeowsBlessing","Ancient Tea Set","Lantern","Toxic Egg 2","Bag of Marbles","Orichalcum","Philosopher\u0027s Stone","Whetstone","Ice Cream","Blue Candle","Dodecahedron","Enchiridion","Runic Pyramid","Tiny Chest"],"potions_floor_usage":[8,16,23,25,33,33,38],"damage_taken":[{"damage":0,"enemies":"Small Slimes","floor":1,"turns":1},{"damage":0,"enemies":"Cultist","floor":3,"turns":1},{"damage":0,"enemies":"Gremlin Nob","floor":6,"turns":1},{"damage":12,"enemies":"3 Sentries","floor":8,"turns":3},{"damage":35,"enemies":"Lagavulin","floor":10,"turns":4},{"damage":0,"enemies":"Jaw Worm","floor":12,"turns":1},{"damage":0,"enemies":"Red Slaver","floor":13,"turns":1},{"damage":0,"enemies":"Large Slime","floor":14,"turns":3},{"damage":25,"enemies":"The Guardian","floor":16,"turns":6},{"damage":0,"enemies":"Shell Parasite","floor":18,"turns":1},{"damage":3,"enemies":"3 Byrds","floor":20,"turns":3},{"damage":16,"enemies":"3 Cultists","floor":21,"turns":3},{"damage":11,"enemies":"Slavers","floor":23,"turns":4},{"damage":17,"enemies":"Shelled Parasite and Fungi","floor":28,"turns":3},{"damage":9,"enemies":"Snecko","floor":29,"turns":3},{"damage":18,"enemies":"Automaton","floor":33,"turns":6},{"damage":1,"enemies":"Orb Walker","floor":35,"turns":2},{"damage":52,"enemies":"3 Shapes","floor":37,"turns":2},{"damage":63,"enemies":"Sphere and 2 Shapes","floor":38,"turns":3}],"seed_played":"2610581729903245231","potions_obtained":[{"floor":6,"key":"AttackPotion"},{"floor":10,"key":"Strength Potion"},{"floor":12,"key":"Regen Potion"},{"floor":23,"key":"AttackPotion"},{"floor":28,"key":"Dexterity Potion"},{"floor":35,"key":"FearPotion"}],"is_trial":false,"path_per_floor":["M","?","M","T","?","E","R","E","T","E","R","M","M","M","R","B",null,"M","?","M","M","?","E","R","$","T","R","M","M","?","?","R","B",null,"M","?","M","M"],"character_chosen":"IRONCLAD","items_purchased":["Ice Cream","Fruit Juice"],"campfire_rested":1,"item_purchase_floors":[25,25],"current_hp_per_floor":[74,74,75,75,75,75,75,69,69,40,40,46,52,58,58,39,66,72,72,75,65,65,75,75,80,80,80,69,72,72,51,75,63,76,80,80,51,0],"gold":88,"neow_bonus":"THREE_ENEMY_KILL","is_prod":false,"is_daily":false,"chose_seed":false,"campfire_upgraded":5,"win_rate":0,"timestamp":1556637127,"path_taken":["M","?","?","?","?","E","R","E","T","E","R","M","?","M","R","BOSS","M","?","M","?","?","E","R","$","T","R","M","M","?","?","R","BOSS","M","?","M","M"],"build_version":"2019-01-23","purchased_purges":0,"victory":false,"max_hp_per_floor":[75,75,75,75,75,75,75,75,75,75,75,75,75,75,75,75,75,75,75,75,75,75,75,75,80,80,80,80,80,80,80,80,80,80,80,80,80,80],"card_choices":[{"not_picked":["Cleave","Carnage"],"picked":"Whirlwind","floor":1},{"not_picked":["Power Through","Rampage"],"picked":"Twin Strike","floor":3},{"not_picked":["Cleave","Impervious"],"picked":"Sword Boomerang","floor":6},{"not_picked":["Heavy Blade","Warcry"],"picked":"Flex","floor":8},{"not_picked":["Body Slam","Searing Blow"],"picked":"Heavy Blade","floor":10},{"not_picked":["Perfected Strike","Combust"],"picked":"Dropkick","floor":12},{"not_picked":["Rampage","Seeing Red+1"],"picked":"Heavy Blade","floor":13},{"not_picked":["Reaper","Armaments+1"],"picked":"Spot Weakness+1","floor":14},{"not_picked":["Juggernaut","Demon Form"],"picked":"Reaper","floor":16},{"not_picked":["Armaments+1","Perfected Strike"],"picked":"Shrug It Off+1","floor":18},{"not_picked":["Sword Boomerang","True Grit+1"],"picked":"Thunderclap+1","floor":20},{"not_picked":["Clash","Sword Boomerang"],"picked":"Rage+1","floor":21},{"not_picked":["Fire Breathing+1","Pommel Strike"],"picked":"Impervious+1","floor":23},{"not_picked":["Clash+1","Blood for Blood","Combust"],"picked":"SKIP","floor":28},{"not_picked":["Rupture","Cleave","Armaments+1"],"picked":"SKIP","floor":29},{"not_picked":["Brutality","Barricade"],"picked":"Juggernaut","floor":33},{"not_picked":["Anger+1","Warcry+1"],"picked":"Sword Boomerang","floor":35},{"not_picked":["Sword Boomerang","Iron Wave","Clothesline"],"picked":"SKIP","floor":37}],"player_experience":653527,"relics_obtained":[{"floor":4,"key":"Ancient Tea Set"},{"floor":6,"key":"Lantern"},{"floor":8,"key":"Toxic Egg 2"},{"floor":9,"key":"Bag of Marbles"},{"floor":10,"key":"Orichalcum"},{"floor":23,"key":"Whetstone"},{"floor":26,"key":"Blue Candle"},{"floor":31,"key":"Enchiridion"}],"event_choices":[{"cards_removed":["Strike_R"],"damage_healed":0,"gold_gain":0,"player_choice":"Purged","damage_taken":0,"max_hp_gain":0,"max_hp_loss":0,"event_name":"Purifier","floor":2,"gold_loss":0},{"cards_removed":["Strike_R"],"damage_healed":0,"gold_gain":0,"player_choice":"Offered Basic","damage_taken":0,"max_hp_gain":0,"max_hp_loss":0,"event_name":"Bonfire Elementals","floor":5,"gold_loss":0},{"damage_healed":0,"gold_gain":0,"player_choice":"1 cards matched","damage_taken":0,"max_hp_gain":0,"max_hp_loss":0,"event_name":"Match and Keep!","floor":19,"gold_loss":0,"cards_obtained":["Double Tap"]},{"damage_healed":0,"gold_gain":0,"player_choice":"Ignored","damage_taken":0,"max_hp_gain":0,"max_hp_loss":0,"event_name":"Ghosts","floor":22,"gold_loss":0},{"damage_healed":0,"gold_gain":0,"player_choice":"Opened","damage_taken":0,"relics_obtained":["Dodecahedron"],"max_hp_gain":0,"max_hp_loss":0,"event_name":"The Mausoleum","floor":30,"gold_loss":0,"cards_obtained":["Writhe"]},{"damage_healed":0,"gold_gain":0,"player_choice":"Obtained Book","damage_taken":21,"max_hp_gain":0,"max_hp_loss":0,"event_name":"Cursed Tome","floor":31,"gold_loss":0},{"damage_healed":0,"gold_gain":0,"player_choice":"Paid Gold","damage_taken":0,"relics_obtained":["Tiny Chest"],"max_hp_gain":0,"max_hp_loss":0,"event_name":"WeMeetAgain","floor":36,"gold_loss":98}],"is_beta":false,"boss_relics":[{"not_picked":["Runic Cube","Ectoplasm"],"picked":"Philosopher\u0027s Stone"},{"not_picked":["Orrery","Black Star"],"picked":"Runic Pyramid"}],"items_purged_floors":[],"is_endless":false,"potions_floor_spawned":[6,10,12,23,28,35],"killed_by":"Sphere and 2 Shapes","ascension_level":17}