{"gold_per_floor":[111,286,41,53,128,157,157,157,157,201,201,220,233,269,269,393,393,393,393,348,348,46,46,46,46,46,46,46,46,46,46,46,46,46,46,46,46,46,46,46,46,46,46,46,46,46,46,46,46,46,46,46,46,46,46],"floor_reached":55,"playtime":3164,"items_purged":["Doubt"],"score":974,"play_id":"1339e46c-a51e-48f3-9231-e2d3fb7792fe","local_time":"20190316111158","is_ascension_mode":true,"campfire_choices":[{"data":"Perfected Strike","floor":7,"key":"SMITH"},{"data":"Bash","floor":11,"key":"SMITH"},{"data":"Demon Form","floor":15,"key":"SMITH"},{"data":"Perfected Strike","floor":23,"key":"SMITH"},{"data":"Shockwave","floor":25,"key":"SMITH"},{"floor":29,"key":"REST"},{"floor":32,"key":"REST"},{"floor":40,"key":"REST"},{"floor":44,"key":"RECALL"},{"data":"Double Tap","floor":49,"key":"SMITH"},{"data":"Sword Boomerang","floor":52,"key":"SMITH"}],"neow_cost":"NONE","seed_source_timestamp":402131837623237,"circlet_count":0,"master_deck":["Strike_R","Strike_R","Strike_R","Strike_R","Strike_R","Defend_R+1","Defend_R+1","Defend_R","Defend_R","Bash+1","Headbutt","Perfected Strike+1","Ghostly Armor","Evolve","Warcry","Shrug It Off","Demon Form+1","Metallicize","Combust","Double Tap+1","Perfected Strike+1","Wild Strike","Shockwave+1","Pommel Strike","Perfected Strike+1","Double Tap+1","Battle Trance+1","Immolate","Sword Boomerang+1","True Grit+1","Shrug It Off+1","Good Instincts+1","Discovery+1","Enlightenment+1","Sword Boomerang+1","Shrug It Off+1","Feel No Pain"],"relics":["Burning Blood","Art of War","Omamori","Bloody Idol","Strawberry","Pantograph","Matryoshka","Ectoplasm","Red Mask","Toy Ornithopter","Boot","Toxic Egg 2","Enchiridion","Thread and Needle","Darkstone Periapt","Snecko Eye","Torii","Incense Burner","Regal Pillow","War Paint","Lantern","Juzu Bracelet","Gremlin Horn"],"potions_floor_usage":[14,20,20,21,24,24,39,39,42,54,55,55],"damage_taken":[{"damage":0,"enemies":"Small Slimes","floor":1,"turns":3},{"damage":3,"enemies":"Jaw Worm","floor":4,"turns":3},{"damage":21,"enemies":"Gremlin Nob","floor":6,"turns":5},{"damage":16,"enemies":"Lagavulin","floor":10,"turns":6},{"damage":0,"enemies":"2 Louse","floor":12,"turns":3},{"damage":7,"enemies":"Looter","floor":13,"turns":3},{"damage":4,"enemies":"3 Sentries","floor":14,"turns":7},{"damage":4,"enemies":"Slime Boss","floor":16,"turns":6},{"damage":11,"enemies":"3 Byrds","floor":18,"turns":7},{"damage":8,"enemies":"2 Thieves","floor":20,"turns":4},{"damage":40,"enemies":"Masked Bandits","floor":21,"turns":5},{"damage":6,"enemies":"Slavers","floor":24,"turns":5},{"damage":22,"enemies":"Book of Stabbing","floor":28,"turns":4},{"damage":10,"enemies":"Sentry and Sphere","floor":30,"turns":4},{"damage":25,"enemies":"Gremlin Leader","floor":31,"turns":5},{"damage":30,"enemies":"Collector","floor":33,"turns":7},{"damage":33,"enemies":"3 Darklings","floor":35,"turns":6},{"damage":2,"enemies":"3 Shapes","floor":37,"turns":3},{"damage":0,"enemies":"Spire Growth","floor":38,"turns":4},{"damage":48,"enemies":"2 Orb Walkers","floor":39,"turns":6},{"damage":34,"enemies":"Nemesis","floor":41,"turns":5},{"damage":4,"enemies":"4 Shapes","floor":42,"turns":3},{"damage":0,"enemies":"Giant Head","floor":45,"turns":5},{"damage":0,"enemies":"Jaw Worm Horde","floor":47,"turns":2},{"damage":2,"enemies":"Reptomancer","floor":48,"turns":3},{"damage":34,"enemies":"Donu and Deca","floor":50,"turns":9},{"damage":25,"enemies":"Shield and Spear","floor":54,"turns":6},{"damage":96,"enemies":"The Heart","floor":55,"turns":9}],"seed_played":"-2054961885936522235","potions_obtained":[{"floor":1,"key":"Explosive Potion"},{"floor":12,"key":"Block Potion"},{"floor":13,"key":"Block Potion"},{"floor":18,"key":"Poison Potion"},{"floor":30,"key":"Strength Potion"},{"floor":33,"key":"Weak Potion"},{"floor":38,"key":"AttackPotion"},{"floor":39,"key":"EssenceOfSteel"},{"floor":42,"key":"Fruit Juice"},{"floor":48,"key":"Ancient Potion"}],"is_trial":false,"path_per_floor":["M","?","$","M","?","E","R","?","T","E","R","M","M","E","R","B",null,"M","?","M","?","$","R","E","R","T","?","E","R","M","E","R","B",null,"M","?","M","M","?","R","E","M","T","R","E","?","M","E","R","B",null,"R","$","E","B"],"character_chosen":"IRONCLAD","items_purchased":["Perfected Strike","Ghostly Armor","Evolve","Toy Ornithopter","Fire Potion","Explosive Potion"],"campfire_rested":3,"item_purchase_floors":[3,3,3,22,22,22],"current_hp_per_floor":[80,80,80,80,69,54,54,54,61,51,51,57,56,58,58,85,87,82,82,80,46,46,46,56,56,56,40,24,50,46,27,53,54,87,60,82,86,87,50,76,48,60,60,60,66,56,62,66,66,63,92,92,92,73,0],"gold":46,"neow_bonus":"RANDOM_COMMON_RELIC","is_prod":false,"is_daily":false,"chose_seed":false,"campfire_upgraded":7,"win_rate":0,"timestamp":1552749118,"path_taken":["M","?","$","M","?","E","R","?","T","E","R","?","M","E","R","BOSS","M","?","M","?","$","R","E","R","T","?","E","R","M","E","R","BOSS","M","?","M","M","?","R","E","M","T","R","E","?","M","E","R","BOSS","R","$","E","BOSS"],"build_version":"2019-03-15","purchased_purges":1,"victory":false,"max_hp_per_floor":[80,80,80,80,80,80,80,80,87,87,87,87,87,87,87,87,87,87,87,87,87,87,87,87,87,87,87,87,87,87,87,87,87,87,87,87,87,87,87,87,87,92,92,92,92,92,92,92,92,92,92,92,92,92,92],"card_choices":[{"not_picked":["Disarm","Clothesline"],"picked":"Headbutt","floor":1},{"not_picked":["Cleave","Rupture","Warcry"],"picked":"SKIP","floor":4},{"not_picked":["Body Slam","Sword Boomerang"],"picked":"Warcry","floor":6},{"not_picked":["Fire Breathing","Armaments"],"picked":"Shrug It Off","floor":10},{"not_picked":["Warcry","Reckless Charge"],"picked":"Demon Form","floor":12},{"not_picked":["Hemokinesis","Heavy Blade"],"picked":"Metallicize","floor":13},{"not_picked":["Heavy Blade","Cleave"],"picked":"Combust","floor":14},{"not_picked":["Fiend Fire","Berserk"],"picked":"Double Tap","floor":16},{"not_picked":["Headbutt+1","Entrench+1"],"picked":"Perfected Strike","floor":18},{"not_picked":["Dropkick+1","Clothesline+1"],"picked":"Wild Strike","floor":20},{"not_picked":["Rampage+1","Sword Boomerang+1"],"picked":"Shockwave","floor":24},{"not_picked":["Warcry+1","Wild Strike"],"picked":"Pommel Strike","floor":28},{"not_picked":["Twin Strike","Shrug It Off+1"],"picked":"Perfected Strike+1","floor":30},{"not_picked":["Flex+1","Whirlwind","Sword Boomerang"],"picked":"SKIP","floor":31},{"not_picked":["Brutality","Barricade"],"picked":"Double Tap+1","floor":33},{"not_picked":["Havoc+1","Blood for Blood+1","Cleave"],"picked":"SKIP","floor":35},{"not_picked":["Dropkick","Anger+1"],"picked":"Battle Trance+1","floor":37},{"not_picked":["Warcry+1","Inflame+1"],"picked":"Immolate","floor":38},{"not_picked":["Inflame","Iron Wave+1"],"picked":"Sword Boomerang+1","floor":39},{"not_picked":["Thunderclap+1","Clothesline"],"picked":"True Grit+1","floor":41},{"not_picked":["Rage+1","Reckless Charge+1"],"picked":"Shrug It Off+1","floor":42},{"not_picked":["Battle Trance+1","Rampage","Rage+1"],"picked":"SKIP","floor":45},{"not_picked":["HandOfGreed","Blind+1"],"picked":"Good Instincts+1","floor":46},{"not_picked":["Deep Breath+1","Trip+1"],"picked":"Discovery+1","floor":46},{"not_picked":["Discovery+1","Blind+1"],"picked":"Enlightenment+1","floor":46},{"not_picked":["Thunderclap+1","Fire Breathing+1"],"picked":"Sword Boomerang","floor":47},{"not_picked":["Havoc+1","Hemokinesis+1"],"picked":"Shrug It Off+1","floor":48},{"not_picked":["Combust","Whirlwind"],"picked":"Feel No Pain","floor":54}],"player_experience":4910111,"relics_obtained":[{"floor":6,"key":"Omamori"},{"floor":9,"key":"Strawberry"},{"floor":10,"key":"Pantograph"},{"floor":14,"key":"Matryoshka"},{"floor":21,"key":"Red Mask"},{"floor":24,"key":"Boot"},{"floor":26,"key":"Toxic Egg 2"},{"floor":27,"key":"Enchiridion"},{"floor":28,"key":"Thread and Needle"},{"floor":31,"key":"Darkstone Periapt"},{"floor":39,"key":"Torii"},{"floor":41,"key":"Incense Burner"},{"floor":43,"key":"Regal Pillow"},{"floor":43,"key":"War Paint"},{"floor":45,"key":"Lantern"},{"floor":48,"key":"Juzu Bracelet"},{"floor":54,"key":"Gremlin Horn"}],"event_choices":[{"damage_healed":0,"gold_gain":175,"player_choice":"AGREE","damage_taken":0,"max_hp_gain":0,"max_hp_loss":0,"event_name":"Liars Game","floor":2,"gold_loss":0,"cards_obtained":["Doubt"]},{"damage_healed":0,"gold_gain":75,"player_choice":"Gather Gold","damage_taken":11,"max_hp_gain":0,"max_hp_loss":0,"event_name":"World of Goop","floor":5,"gold_loss":0},{"damage_healed":0,"gold_gain":0,"player_choice":"Take Wound","damage_taken":0,"relics_obtained":["Golden Idol"],"max_hp_gain":0,"max_hp_loss":0,"event_name":"Golden Idol","floor":8,"gold_loss":0,"cards_obtained":["Injury"]},{"damage_healed":0,"gold_gain":0,"player_choice":"Gave Idol","damage_taken":0,"relics_obtained":["Bloody Idol"],"max_hp_gain":0,"max_hp_loss":0,"event_name":"Forgotten Altar","floor":19,"relics_lost":["Golden Idol"],"gold_loss":0},{"damage_healed":0,"gold_gain":0,"player_choice":"Fought Bandits","damage_taken":0,"max_hp_gain":0,"max_hp_loss":0,"event_name":"Masked Bandits","floor":21,"gold_loss":0},{"damage_healed":0,"gold_gain":0,"player_choice":"Obtained Book","damage_taken":16,"max_hp_gain":0,"max_hp_loss":0,"event_name":"Cursed Tome","floor":27,"gold_loss":0},{"damage_healed":22,"gold_gain":0,"player_choice":"Writhe","damage_taken":0,"max_hp_gain":0,"max_hp_loss":0,"event_name":"Winding Halls","floor":36,"gold_loss":0,"cards_obtained":["Writhe"]},{"damage_healed":0,"gold_gain":0,"player_choice":"Fight","damage_taken":0,"max_hp_gain":0,"max_hp_loss":0,"event_name":"Mysterious Sphere","floor":39,"gold_loss":0},{"damage_healed":0,"gold_gain":0,"player_choice":"Memory 3","damage_taken":10,"max_hp_gain":0,"max_hp_loss":0,"event_name":"SensoryStone","floor":46,"gold_loss":0}],"is_beta":true,"boss_relics":[{"not_picked":["Tiny House","Velvet Choker"],"picked":"Ectoplasm"},{"not_picked":["Coffee Dripper","Runic Pyramid"],"picked":"Snecko Eye"}],"items_purged_floors":[3],"is_endless":false,"potions_floor_spawned":[1,12,13,18,30,33,38,39,42,48],"killed_by":"The Heart","ascension_level":1}