{"gold_per_floor":[115,65,81,6,6,6,22,97,97,107,107,119,8,36,36,136,136,149,122,122,172,187,187,187,202,202,229,276,40,74,86,86,181,231,250,263,56,76,87,87,115,115,115,125,125,136,155,67,67,67],"floor_reached":50,"playtime":2075,"items_purged":[],"score":728,"play_id":"7702fd7a-985e-4b5a-8a48-b614552fcbaa","local_time":"20190513111047","is_ascension_mode":true,"campfire_choices":[{"data":"Anger","floor":6.0,"key":"SMITH"},{"data":"Bash","floor":11.0,"key":"SMITH"},{"data":"Body Slam","floor":15.0,"key":"SMITH"},{"data":"RitualDagger","floor":24.0,"key":"SMITH"},{"data":"Apotheosis","floor":32.0,"key":"SMITH"},{"floor":40.0,"key":"REST"},{"floor":42.0,"key":"RECALL"},{"floor":49.0,"key":"REST"}],"neow_cost":"NONE","seed_source_timestamp":0,"circlet_count":0,"master_deck":["Strike_R","Strike_R","Strike_R","Strike_R+1","Defend_R","Defend_R","Defend_R","Defend_R","Bash+1","Flex","Anger+1","Metallicize+1","Impervious","Body Slam+1","Trip","Sword Boomerang","Cleave","Juggernaut+1","Anger+1","Shrug It Off","Battle Trance+1","RitualDagger+1","Headbutt","Spot Weakness","Apotheosis+1","Ghostly Armor","Barricade","Double Tap","Body Slam","Pummel","Shrug It Off","Metallicize"],"special_seed":0,"relics":["Burning Blood","Blood Vial","Letter Opener","Lantern","Velvet Choker","Self Forming Clay","Oddly Smooth Stone","Smiling Mask","Tiny House","Frozen Eye","Vajra","Regal Pillow"],"potions_floor_usage":[50],"damage_taken":[{"damage":0.0,"enemies":"Small Slimes","floor":1.0,"turns":3.0},{"damage":15.0,"enemies":"Jaw Worm","floor":3.0,"turns":6.0},{"damage":6.0,"enemies":"2 Louse","floor":7.0,"turns":3.0},{"damage":2.0,"enemies":"Looter","floor":10.0,"turns":3.0},{"damage":6.0,"enemies":"Lots of Slimes","floor":12.0,"turns":4.0},{"damage":19.0,"enemies":"3 Sentries","floor":14.0,"turns":10.0},{"damage":17.0,"enemies":"The Guardian","floor":16.0,"turns":7.0},{"damage":0.0,"enemies":"Chosen","floor":18.0,"turns":3.0},{"damage":14.0,"enemies":"3 Byrds","floor":22.0,"turns":5.0},{"damage":14.0,"enemies":"Snake Plant","floor":25.0,"turns":4.0},{"damage":9.0,"enemies":"Book of Stabbing","floor":27.0,"turns":4.0},{"damage":23.0,"enemies":"Slavers","floor":30.0,"turns":3.0},{"damage":9.0,"enemies":"Shelled Parasite and Fungi","floor":31.0,"turns":3.0},{"damage":10.0,"enemies":"Champ","floor":33.0,"turns":9.0},{"damage":11.0,"enemies":"3 Shapes","floor":35.0,"turns":2.0},{"damage":4.0,"enemies":"Orb Walker","floor":36.0,"turns":3.0},{"damage":23.0,"enemies":"Sphere and 2 Shapes","floor":38.0,"turns":4.0},{"damage":17.0,"enemies":"Maw","floor":39.0,"turns":8.0},{"damage":9.0,"enemies":"Nemesis","floor":41.0,"turns":5.0},{"damage":5.0,"enemies":"3 Darklings","floor":44.0,"turns":3.0},{"damage":0.0,"enemies":"Writhing Mass","floor":45.0,"turns":1.0},{"damage":43.0,"enemies":"Spire Growth","floor":46.0,"turns":5.0},{"damage":8.0,"enemies":"4 Shapes","floor":47.0,"turns":3.0},{"damage":87,"enemies":"Awakened One","floor":50,"turns":5}],"seed_played":"-4895607017945652787","potions_obtained":[{"floor":7.0,"key":"Poison Potion"},{"floor":10.0,"key":"PowerPotion"},{"floor":12.0,"key":"Swift Potion"},{"floor":16.0,"key":"AttackPotion"},{"floor":27.0,"key":"EssenceOfSteel"},{"floor":30.0,"key":"SmokeBomb"},{"floor":31.0,"key":"Explosive Potion"},{"floor":34.0,"key":"Ancient Potion"},{"floor":35.0,"key":"Energy Potion"},{"floor":39.0,"key":"SkillPotion"},{"floor":44.0,"key":"PowerPotion"},{"floor":47.0,"key":"Explosive Potion"}],"is_trial":false,"path_per_floor":["M","?","M","$","?","R","M","?","T","M","R","M","$","E","R","B",null,"M","$","?","?","M","?","R","M","T","E","T","$","E","M","R","B",null,"M","M","$","M","M","R","E","R","T","M","M","M","M","$","R","B"],"character_chosen":"IRONCLAD","items_purchased":["Metallicize","Trip","Sword Boomerang","Shrug It Off","Apotheosis","Ghostly Armor","Frozen Eye","Shrug It Off","Metallicize"],"campfire_rested":2,"item_purchase_floors":[4,13,13,19,29,29,37,48,48],"current_hp_per_floor":[80,80,71,71,55,55,57,46,46,52,52,54,54,43,43,34,69,77,77,77,77,71,65,65,59,59,58,58,58,43,42,42,40,75,72,76,76,61,52,77,76,76,76,79,85,48,48,48,85,0],"gold":67,"neow_bonus":"RANDOM_COMMON_RELIC","is_prod":false,"is_daily":false,"chose_seed":false,"campfire_upgraded":5,"win_rate":0,"timestamp":1557760247,"path_taken":["M","?","M","$","?","R","M","?","T","M","R","M","$","E","R","BOSS","M","$","?","?","?","?","R","M","T","E","?","$","E","M","R","BOSS","M","M","$","?","M","R","E","R","T","M","M","?","M","$","R","BOSS"],"build_version":"2019-01-23","purchased_purges":0,"victory":false,"max_hp_per_floor":[80,80,80,80,80,80,80,80,80,80,80,80,80,80,80,80,80,80,80,80,80,80,80,80,80,80,80,80,80,80,80,80,80,85,85,85,85,85,85,85,85,85,85,85,85,85,85,85,85,85],"card_choices":[{"not_picked":["Twin Strike","Heavy Blade"],"picked":"Flex","floor":1.0},{"not_picked":["Sword Boomerang","Flex"],"picked":"Anger","floor":3.0},{"not_picked":["Fire Breathing","Wild Strike","Body Slam"],"picked":"SKIP","floor":7.0},{"not_picked":["Thunderclap","Perfected Strike"],"picked":"Impervious","floor":10.0},{"not_picked":["Clash","Heavy Blade"],"picked":"Body Slam","floor":12.0},{"not_picked":["True Grit","Body Slam"],"picked":"Cleave","floor":14.0},{"not_picked":["Offering","Limit Break"],"picked":"Juggernaut","floor":16.0},{"not_picked":["Perfected Strike","Fire Breathing"],"picked":"Anger+1","floor":18.0},{"not_picked":["Flex","True Grit"],"picked":"Battle Trance+1","floor":22.0},{"not_picked":["Thunderclap","Perfected Strike"],"picked":"Headbutt","floor":25.0},{"not_picked":["Body Slam","Cleave+1"],"picked":"Spot Weakness","floor":27.0},{"not_picked":["Burning Pact","Corruption"],"picked":"Barricade","floor":30.0},{"not_picked":["Havoc","Wild Strike","Cleave"],"picked":"SKIP","floor":31.0},{"not_picked":["Bludgeon","Reaper"],"picked":"Double Tap","floor":33.0},{"not_picked":["Feel No Pain+1","Fire Breathing","Cleave"],"picked":"SKIP","floor":35.0},{"not_picked":["Dual Wield","Wild Strike+1","Ghostly Armor+1"],"picked":"SKIP","floor":36.0},{"not_picked":["Burning Pact","Limit Break","Thunderclap+1"],"picked":"SKIP","floor":38.0},{"not_picked":["Armaments+1","Flex+1"],"picked":"Body Slam","floor":39.0},{"not_picked":["Evolve","Reaper"],"picked":"Pummel","floor":41.0},{"not_picked":["Wild Strike+1","Corruption+1","Carnage"],"picked":"SKIP","floor":44.0},{"not_picked":["Headbutt","Thunderclap","Rupture+1"],"picked":"SKIP","floor":46.0},{"not_picked":["Evolve","Combust+1","Body Slam"],"picked":"SKIP","floor":47.0}],"player_experience":173084,"relics_obtained":[{"floor":9.0,"key":"Letter Opener"},{"floor":14.0,"key":"Lantern"},{"floor":26.0,"key":"Self Forming Clay"},{"floor":27.0,"key":"Oddly Smooth Stone"},{"floor":30.0,"key":"Smiling Mask"},{"floor":41.0,"key":"Vajra"},{"floor":43.0,"key":"Regal Pillow"}],"event_choices":[{"cards_removed":["Strike_R"],"damage_healed":0.0,"max_hp_gain":0.0,"max_hp_loss":0.0,"gold_gain":0.0,"event_name":"The Cleric","player_choice":"Card Removal","floor":2.0,"gold_loss":50.0,"damage_taken":0.0},{"damage_healed":0.0,"max_hp_gain":0.0,"max_hp_loss":0.0,"gold_gain":0.0,"event_name":"Shining Light","player_choice":"Entered Light","floor":5.0,"gold_loss":0.0,"damage_taken":16.0,"cards_upgraded":["Strike_R","Metallicize"]},{"damage_healed":0.0,"max_hp_gain":0.0,"max_hp_loss":0.0,"gold_gain":75.0,"event_name":"World of Goop","player_choice":"Gather Gold","floor":8.0,"gold_loss":0.0,"damage_taken":11.0},{"damage_healed":0.0,"max_hp_gain":0.0,"max_hp_loss":0.0,"gold_gain":0.0,"event_name":"Beggar","player_choice":"Ignored","floor":20.0,"gold_loss":0.0,"damage_taken":0.0},{"damage_healed":0.0,"max_hp_gain":0.0,"max_hp_loss":0.0,"gold_gain":100.0,"event_name":"The Joust","player_choice":"Bet on Murderer","floor":21.0,"gold_loss":50.0,"damage_taken":0.0},{"damage_healed":0.0,"max_hp_gain":0.0,"max_hp_loss":0.0,"gold_gain":0.0,"event_name":"Nest","player_choice":"Joined the Cult","floor":23.0,"gold_loss":0.0,"damage_taken":6.0,"cards_obtained":["RitualDagger"]}],"is_beta":false,"boss_relics":[{"not_picked":["Runic Cube","Coffee Dripper"],"picked":"Velvet Choker"},{"not_picked":["Busted Crown","Philosopher\u0027s Stone"],"picked":"Tiny House"}],"items_purged_floors":[],"is_endless":false,"potions_floor_spawned":[7,10,12,16,27,30,31,35,39,44,47],"killed_by":"Awakened One","ascension_level":7}