{"gold_per_floor":[112,187,200,48,13,13,32,32,32,32,58,58,8,18,18,113,113,126,126,72,72,148,176,176,186,186,186,186,213,213,231,231,333,333,350,365,35,54,64,64,94,94,94,21,37,37,67,15,15,15,15,15,15,49,49],"floor_reached":55,"playtime":2747,"items_purged":["Strike_B","Shame"],"score":784,"play_id":"3531bf9f-625a-4728-b6a8-9c2ae701d579","local_time":"20190308000011","is_ascension_mode":false,"campfire_choices":[{"data":"Loop","floor":6,"key":"SMITH"},{"data":"Ball Lightning","floor":8,"key":"SMITH"},{"data":"Zap","floor":10,"key":"SMITH"},{"data":"Rebound","floor":12,"key":"SMITH"},{"data":"Beam Cell","floor":15,"key":"SMITH"},{"data":"Capacitor","floor":24,"key":"SMITH"},{"data":"Cold Snap","floor":28,"key":"SMITH"},{"floor":32,"key":"RECALL"},{"data":"Biased Cognition","floor":40,"key":"SMITH"},{"floor":42,"key":"REST"},{"floor":49,"key":"REST"},{"data":"Dualcast","floor":52,"key":"SMITH"}],"neow_cost":"PERCENT_DAMAGE","seed_source_timestamp":685243942525920,"circlet_count":0,"master_deck":["Strike_B","Strike_B","Strike_B","Defend_B","Defend_B","Defend_B","Defend_B","Zap+1","Dualcast+1","Ball Lightning+1","Loop+1","Rebound+1","Cold Snap+1","Beam Cell+1","Fission+1","Capacitor+1","Leap+1","Injury","Coolheaded+1","Writhe","Coolheaded+1","Recycle+1","Biased Cognition+1","Conserve Battery+1","Fusion+1","Coolheaded+1","Compile Driver","Ball Lightning+1","Consume+1","Decay","Recycle+1","Chaos+1","Doom and Gloom+1"],"relics":["Cracked Core","StoneCalendar","Toxic Egg 2","Oddly Smooth Stone","Cursed Key","Meat on the Bone","Darkstone Periapt","Pear","Dodecahedron","Du-Vu Doll","Snecko Eye","Runic Capacitor","Vajra","Turnip","Symbiotic Virus"],"potions_floor_usage":[16,23,25,29,33,38,41,50,55,55],"damage_taken":[{"damage":0,"enemies":"Jaw Worm","floor":1,"turns":3},{"damage":0,"enemies":"Small Slimes","floor":3,"turns":3},{"damage":1,"enemies":"2 Louse","floor":7,"turns":2},{"damage":26,"enemies":"3 Sentries","floor":11,"turns":5},{"damage":6,"enemies":"Blue Slaver","floor":14,"turns":2},{"damage":4,"enemies":"Hexaghost","floor":16,"turns":7},{"damage":2,"enemies":"3 Byrds","floor":18,"turns":4},{"damage":31,"enemies":"Book of Stabbing","floor":23,"turns":7},{"damage":10,"enemies":"2 Thieves","floor":25,"turns":3},{"damage":25,"enemies":"Gremlin Leader","floor":29,"turns":7},{"damage":11,"enemies":"Snake Plant","floor":31,"turns":4},{"damage":11,"enemies":"Champ","floor":33,"turns":8},{"damage":6,"enemies":"3 Darklings","floor":35,"turns":4},{"damage":5,"enemies":"3 Shapes","floor":36,"turns":7},{"damage":3,"enemies":"3 Darklings","floor":38,"turns":7},{"damage":3,"enemies":"Writhing Mass","floor":39,"turns":7},{"damage":60,"enemies":"Nemesis","floor":41,"turns":6},{"damage":0,"enemies":"Transient","floor":45,"turns":5},{"damage":0,"enemies":"Giant Head","floor":47,"turns":6},{"damage":27,"enemies":"Time Eater","floor":50,"turns":12},{"damage":37,"enemies":"Shield and Spear","floor":54,"turns":5},{"damage":81,"enemies":"The Heart","floor":55,"turns":8}],"seed_played":"9097438225546947613","potions_obtained":[{"floor":7,"key":"Fruit Juice"},{"floor":11,"key":"Fire Potion"},{"floor":14,"key":"FairyPotion"},{"floor":18,"key":"Strength Potion"},{"floor":25,"key":"SneckoOil"},{"floor":30,"key":"SpeedPotion"},{"floor":30,"key":"SneckoOil"},{"floor":30,"key":"FearPotion"},{"floor":31,"key":"FocusPotion"},{"floor":38,"key":"AttackPotion"},{"floor":41,"key":"Poison Potion"},{"floor":47,"key":"FearPotion"}],"is_trial":false,"path_per_floor":["M","?","M","$","?","R","M","R","T","R","E","R","$","M","R","B",null,"M","?","$","?","T","E","R","M","T","?","R","E","?","M","R","B",null,"M","M","$","M","M","R","E","R","T","$","M","?","E","$","R","B",null,"R","$","E","B"],"character_chosen":"DEFECT","items_purchased":["Loop","Cold Snap","Leap+1","Runic Capacitor","Coolheaded+1","Recycle+1","Weak Potion"],"campfire_rested":2,"item_purchase_floors":[4,13,20,37,37,44,48],"current_hp_per_floor":[54,43,43,43,61,61,60,60,60,60,34,34,34,28,28,29,80,78,63,63,63,63,44,44,46,62,68,68,55,55,56,56,57,107,101,96,96,93,90,90,42,74,80,80,80,80,80,80,113,86,113,113,113,76,0],"gold":49,"neow_bonus":"ONE_RARE_RELIC","is_prod":false,"is_daily":false,"chose_seed":false,"campfire_upgraded":9,"win_rate":0,"timestamp":1552003211,"path_taken":["M","?","M","$","?","R","M","R","T","R","E","R","?","M","R","BOSS","M","?","$","?","?","E","R","?","T","?","R","E","?","?","R","BOSS","M","M","$","M","M","R","E","R","T","$","M","?","E","?","R","BOSS","R","$","E","BOSS"],"build_version":"2019-02-06","purchased_purges":2,"victory":false,"max_hp_per_floor":[75,75,75,75,75,75,75,75,75,75,75,75,75,75,75,80,80,80,85,85,85,85,85,85,85,101,107,107,107,107,107,107,107,107,107,107,107,107,107,107,107,107,113,113,113,113,113,113,113,113,113,113,113,113,113],"card_choices":[{"not_picked":["Turbo","Cold Snap"],"picked":"Ball Lightning","floor":1},{"not_picked":["Beam Cell","Barrage","Streamline"],"picked":"SKIP","floor":3},{"not_picked":["Beam Cell","Barrage","Streamline"],"picked":"SKIP","floor":3},{"not_picked":["Redo","Self Repair","Turbo"],"picked":"SKIP","floor":7},{"not_picked":["Recycle+1","Sunder"],"picked":"Rebound","floor":11},{"not_picked":["Gash","Storm"],"picked":"Beam Cell","floor":14},{"not_picked":["Rainbow+1","Creative AI"],"picked":"Fission+1","floor":16},{"not_picked":["Turbo+1","Gash+1"],"picked":"Capacitor","floor":18},{"not_picked":["Turbo+1","Reprogram+1"],"picked":"Coolheaded+1","floor":23},{"not_picked":["Recycle+1","Lockon+1","Gash"],"picked":"SKIP","floor":25},{"not_picked":["Compile Driver","Heatsinks"],"picked":"Coolheaded+1","floor":29},{"not_picked":["Stack+1","Steam+1"],"picked":"Recycle+1","floor":31},{"not_picked":["Electrodynamics","Creative AI"],"picked":"Biased Cognition","floor":33},{"not_picked":["Coolheaded+1","Undo+1"],"picked":"Conserve Battery+1","floor":35},{"not_picked":["Aggregate+1","Blizzard"],"picked":"Fusion+1","floor":36},{"not_picked":["Steam Power+1","Rebound"],"picked":"Compile Driver","floor":38},{"not_picked":["Redo+1","Machine Learning"],"picked":"Ball Lightning","floor":39},{"not_picked":["Hello World","Steam Power+1"],"picked":"Consume+1","floor":41},{"not_picked":["Lockon+1","Conserve Battery+1","Heatsinks"],"picked":"SKIP","floor":45},{"not_picked":["Lockon+1","Conserve Battery+1","Heatsinks"],"picked":"SKIP","floor":45},{"not_picked":["Conserve Battery+1","Hello World"],"picked":"Chaos+1","floor":47},{"not_picked":["Go for the Eyes","Hello World+1"],"picked":"Doom and Gloom+1","floor":54}],"player_experience":1043242,"relics_obtained":[{"floor":9,"key":"Toxic Egg 2"},{"floor":11,"key":"Oddly Smooth Stone"},{"floor":22,"key":"Meat on the Bone"},{"floor":23,"key":"Darkstone Periapt"},{"floor":26,"key":"Pear"},{"floor":29,"key":"Du-Vu Doll"},{"floor":41,"key":"Vajra"},{"floor":47,"key":"Turnip"},{"floor":54,"key":"Symbiotic Virus"}],"event_choices":[{"damage_healed":0,"gold_gain":75,"player_choice":"Gather Gold","damage_taken":11,"max_hp_gain":0,"max_hp_loss":0,"event_name":"World of Goop","floor":2,"gold_loss":0},{"damage_healed":18,"gold_gain":0,"player_choice":"Healed","damage_taken":0,"max_hp_gain":0,"max_hp_loss":0,"event_name":"The Cleric","floor":5,"gold_loss":35},{"damage_healed":0,"gold_gain":0,"player_choice":"Shed Blood","damage_taken":20,"max_hp_gain":5,"max_hp_loss":0,"event_name":"Forgotten Altar","floor":19,"gold_loss":0},{"damage_healed":0,"gold_gain":0,"player_choice":"Ignored","damage_taken":0,"max_hp_gain":0,"max_hp_loss":0,"event_name":"Beggar","floor":21,"gold_loss":0},{"damage_healed":0,"gold_gain":0,"player_choice":"Opened","damage_taken":0,"relics_obtained":["Dodecahedron"],"max_hp_gain":0,"max_hp_loss":0,"event_name":"The Mausoleum","floor":27,"gold_loss":0,"cards_obtained":["Writhe"]},{"damage_healed":0,"gold_gain":0,"player_choice":"Got Potions","damage_taken":0,"max_hp_gain":0,"max_hp_loss":0,"event_name":"Lab","floor":30,"gold_loss":0},{"damage_healed":0,"gold_gain":0,"player_choice":"Upgraded","damage_taken":0,"max_hp_gain":0,"max_hp_loss":0,"event_name":"Upgrade Shrine","floor":46,"gold_loss":0,"cards_upgraded":["Ball Lightning"]}],"is_beta":true,"boss_relics":[{"not_picked":["Busted Crown","Empty Cage"],"picked":"Cursed Key"},{"not_picked":["Coffee Dripper","Sozu"],"picked":"Snecko Eye"}],"items_purged_floors":[4,37],"is_endless":false,"potions_floor_spawned":[7,11,14,18,25,31,38,41,47],"killed_by":"The Heart","ascension_level":0}