{"gold_per_floor":[119,129,129,149,4,4,79,105,105,133,149,181,181,198,198,198],"floor_reached":16,"playtime":1177,"items_purged":[],"score":240,"play_id":"53ab1874-73a8-4ec0-9e76-7548eabd715d","local_time":"20181124104029","is_ascension_mode":true,"campfire_choices":[{"data":"Inflame","floor":6,"key":"SMITH"},{"data":"Heavy Blade","floor":13,"key":"SMITH"},{"data":"True Grit","floor":15,"key":"SMITH"}],"neow_cost":"NONE","seed_source_timestamp":832158638709832,"circlet_count":0,"master_deck":["AscendersBane","Strike_R","Strike_R","Strike_R","Strike_R","Strike_R","Defend_R","Defend_R","Defend_R","Defend_R","Bash+1","Headbutt","Shockwave","Inflame+1","Feel No Pain","Evolve","Power Through","True Grit+1","Heavy Blade+1"],"relics":["Burning Blood","Question Card","Pen Nib","Meat on the Bone"],"potions_floor_usage":[8,10,16,16],"damage_taken":[{"damage":9,"enemies":"Jaw Worm","floor":1,"turns":5},{"damage":5,"enemies":"2 Louse","floor":2,"turns":4},{"damage":4,"enemies":"Small Slimes","floor":4,"turns":4},{"damage":20,"enemies":"Lagavulin","floor":8,"turns":6},{"damage":32,"enemies":"Gremlin Nob","floor":10,"turns":4},{"damage":10,"enemies":"2 Fungi Beasts","floor":11,"turns":4},{"damage":21,"enemies":"3 Sentries","floor":12,"turns":10},{"damage":3,"enemies":"Exordium Wildlife","floor":14,"turns":3},{"damage":39,"enemies":"Hexaghost","floor":16,"turns":9}],"seed_played":"6603399295844736565","potions_obtained":[{"floor":2,"key":"Regen Potion"},{"floor":8,"key":"PowerPotion"},{"floor":10,"key":"Poison Potion"},{"floor":11,"key":"Strength Potion"}],"is_trial":false,"path_per_floor":["M","M","?","M","$","R","?","E","T","E","M","E","R","M","R","B"],"character_chosen":"IRONCLAD","items_purchased":["Feel No Pain","PowerPotion"],"campfire_rested":0,"item_purchase_floors":[5,5],"current_hp_per_floor":[65,66,71,73,73,73,62,63,63,37,33,18,18,33,33,0],"gold":198,"neow_bonus":"UPGRADE_CARD","is_prod":false,"is_daily":false,"chose_seed":false,"campfire_upgraded":3,"win_rate":0,"timestamp":1543074029,"path_taken":["M","M","?","M","$","R","?","E","T","E","M","E","R","M","R","BOSS"],"build_version":"2018-11-15","purchased_purges":0,"victory":false,"max_hp_per_floor":[75,75,80,80,80,80,80,80,80,80,80,80,80,80,80,80],"card_choices":[{"not_picked":["Flex","Havoc"],"picked":"Headbutt","floor":1},{"not_picked":["Armaments","Warcry"],"picked":"Shockwave","floor":2},{"not_picked":["Havoc","Reckless Charge"],"picked":"Inflame","floor":4},{"not_picked":["Perfected Strike","Infernal Blade"],"picked":"Evolve","floor":8},{"not_picked":["Iron Wave","Evolve","Hemokinesis"],"picked":"Power Through","floor":10},{"not_picked":["Rage","Iron Wave","Seeing Red"],"picked":"True Grit","floor":11},{"not_picked":["Metallicize","Evolve","Anger"],"picked":"Heavy Blade","floor":12},{"not_picked":["Blood for Blood","Rage","Pommel Strike","Wild Strike"],"picked":"SKIP","floor":14}],"player_experience":1014525,"relics_obtained":[{"floor":8,"key":"Question Card"},{"floor":10,"key":"Pen Nib"},{"floor":12,"key":"Meat on the Bone"}],"event_choices":[{"damage_healed":0,"gold_gain":0,"player_choice":"Donut","damage_taken":0,"max_hp_gain":5,"max_hp_loss":0,"event_name":"Big Fish","floor":3,"gold_loss":0},{"damage_healed":0,"gold_gain":75,"player_choice":"Gather Gold","damage_taken":11,"max_hp_gain":0,"max_hp_loss":0,"event_name":"World of Goop","floor":7,"gold_loss":0}],"is_beta":true,"boss_relics":[],"items_purged_floors":[],"is_endless":false,"potions_floor_spawned":[2,8,10,11,14],"killed_by":"Hexaghost","ascension_level":20}