{"gold_per_floor":[119,129,148,148,164,196,196,1,1,34,34,34,48,71,71,190,190,203,128,153,153,54,54,72,72,147,171,211,234,248,148,148,148],"floor_reached":33,"playtime":3340,"items_purged":["Strike_R","Strike_R"],"score":293,"play_id":"e0802bd2-85c1-4ddc-bba1-0e0d363d970b","local_time":"20190422193146","is_ascension_mode":true,"campfire_choices":[{"data":"Reaper","floor":7,"key":"SMITH"},{"data":"1","floor":15,"key":"LIFT"},{"data":"2","floor":23,"key":"LIFT"},{"data":"3","floor":25,"key":"LIFT"},{"data":"Entrench","floor":32,"key":"SMITH"}],"neow_cost":"PERCENT_DAMAGE","seed_source_timestamp":863994281226000,"circlet_count":0,"master_deck":["Strike_R","Strike_R+1","Strike_R+1","Defend_R","Defend_R","Defend_R","Defend_R","Bash","Shrug It Off","Cleave","Reaper+1","Intimidate","Pummel","Entrench+1","Injury","Deep Breath","Cleave","Burst","True Grit+1","Power Through","RitualDagger","Leap+1","Double Energy"],"relics":["Burning Blood","Thread and Needle","Whetstone","PrismaticShard","Mercury Hourglass","Girya","Golden Idol","Sozu","Self Forming Clay","Sundial","Bag of Preparation"],"potions_floor_usage":[6,10,16],"damage_taken":[{"damage":2,"enemies":"Jaw Worm","floor":1,"turns":5},{"damage":0,"enemies":"2 Louse","floor":2,"turns":3},{"damage":0,"enemies":"Small Slimes","floor":3,"turns":3},{"damage":3,"enemies":"Blue Slaver","floor":5,"turns":4},{"damage":45,"enemies":"Gremlin Nob","floor":6,"turns":5},{"damage":37,"enemies":"Lagavulin","floor":10,"turns":9},{"damage":0,"enemies":"2 Fungi Beasts","floor":13,"turns":3},{"damage":10,"enemies":"Exordium Thugs","floor":14,"turns":4},{"damage":38,"enemies":"Slime Boss","floor":16,"turns":12},{"damage":1,"enemies":"Chosen","floor":18,"turns":4},{"damage":7,"enemies":"Shell Parasite","floor":20,"turns":7},{"damage":12,"enemies":"Snake Plant","floor":24,"turns":4},{"damage":0,"enemies":"Chosen and Byrds","floor":27,"turns":5},{"damage":29,"enemies":"Gremlin Leader","floor":28,"turns":6},{"damage":3,"enemies":"Snecko","floor":29,"turns":5},{"damage":14,"enemies":"Snake Plant","floor":30,"turns":3},{"damage":84,"enemies":"Champ","floor":33,"turns":21}],"seed_played":"6815218718272447600","potions_obtained":[{"floor":1,"key":"SkillPotion"},{"floor":5,"key":"Regen Potion"},{"floor":10,"key":"EssenceOfSteel"}],"is_trial":false,"path_per_floor":["M","M","M","?","M","E","R","$","T","E","?","?","M","M","R","B",null,"M","$","M","?","?","R","M","R","T","M","E","M","M","$","R","B"],"character_chosen":"IRONCLAD","items_purchased":["PrismaticShard"],"campfire_rested":0,"item_purchase_floors":[8],"current_hp_per_floor":[60,66,72,72,78,43,43,43,43,34,34,60,73,76,76,52,80,80,80,79,73,73,73,67,67,67,80,57,68,69,69,69,0],"gold":148,"neow_bonus":"ONE_RARE_RELIC","is_prod":false,"is_daily":false,"chose_seed":false,"campfire_upgraded":2,"win_rate":0,"timestamp":1555979506,"path_taken":["M","M","M","?","M","E","R","$","T","E","?","?","M","M","R","BOSS","M","$","M","?","?","R","M","R","T","M","E","M","M","$","R","BOSS"],"build_version":"2019-01-23","purchased_purges":2,"victory":false,"max_hp_per_floor":[80,80,80,80,80,80,80,80,80,80,80,80,80,80,80,80,80,80,80,80,80,80,80,80,80,80,80,80,80,80,80,80,80],"card_choices":[{"not_picked":["Uppercut","Armaments"],"picked":"Shrug It Off","floor":1},{"not_picked":["Twin Strike","Feel No Pain"],"picked":"Cleave","floor":2},{"not_picked":["Rampage","Fire Breathing"],"picked":"Reaper","floor":3},{"not_picked":["Cleave","Searing Blow"],"picked":"Intimidate","floor":5},{"not_picked":["Wild Strike","Body Slam"],"picked":"Pummel","floor":6},{"not_picked":["Leap","Dagger Throw"],"picked":"Entrench","floor":10},{"not_picked":["Steam","PiercingWail"],"picked":"Deep Breath","floor":13},{"not_picked":["Tactician","Bouncing Flask"],"picked":"Cleave","floor":14},{"not_picked":["Die Die Die","Rainbow"],"picked":"Burst","floor":16},{"not_picked":["Tactician","Disarm"],"picked":"True Grit+1","floor":18},{"not_picked":["Armaments","Darkness"],"picked":"Power Through","floor":20},{"not_picked":["Steam","Dagger Spray"],"picked":"Leap+1","floor":24},{"not_picked":["Thunderclap+1","Disarm","Cold Snap+1"],"picked":"SKIP","floor":27},{"not_picked":["Blood for Blood","Night Terror","Sever Soul"],"picked":"SKIP","floor":28},{"not_picked":["Ball Lightning","Pommel Strike+1"],"picked":"Double Energy","floor":29},{"not_picked":["Redo+1","Iron Wave+1","Sunder"],"picked":"SKIP","floor":30}],"player_experience":236773,"relics_obtained":[{"floor":6,"key":"Whetstone"},{"floor":9,"key":"Mercury Hourglass"},{"floor":10,"key":"Girya"},{"floor":26,"key":"Sundial"},{"floor":28,"key":"Bag of Preparation"}],"event_choices":[{"damage_healed":0,"gold_gain":0,"player_choice":"Ignored","damage_taken":0,"max_hp_gain":0,"max_hp_loss":0,"event_name":"Liars Game","floor":4,"gold_loss":0},{"damage_healed":0,"gold_gain":0,"player_choice":"Take Wound","damage_taken":0,"relics_obtained":["Golden Idol"],"max_hp_gain":0,"max_hp_loss":0,"event_name":"Golden Idol","floor":11,"gold_loss":0,"cards_obtained":["Injury"]},{"damage_healed":26,"gold_gain":0,"player_choice":"Banana","damage_taken":0,"max_hp_gain":0,"max_hp_loss":0,"event_name":"Big Fish","floor":12,"gold_loss":0},{"damage_healed":0,"gold_gain":0,"player_choice":"Joined the Cult","damage_taken":6,"max_hp_gain":0,"max_hp_loss":0,"event_name":"Nest","floor":21,"gold_loss":0,"cards_obtained":["RitualDagger"]},{"damage_healed":0,"gold_gain":0,"player_choice":"Paid Gold","damage_taken":0,"relics_obtained":["Self Forming Clay"],"max_hp_gain":0,"max_hp_loss":0,"event_name":"WeMeetAgain","floor":22,"gold_loss":99}],"is_beta":false,"boss_relics":[{"not_picked":["Empty Cage","Busted Crown"],"picked":"Sozu"}],"items_purged_floors":[19,31],"is_endless":false,"potions_floor_spawned":[1,5,10,20,24,28,29],"killed_by":"Champ","ascension_level":1}