{"gold_per_floor":[114,114,126,138,165,177,203,215,250,262,274,317,294,261],"floor_reached":14,"playtime":201,"items_purged":[],"score":120,"play_id":"84c72938-986a-43ef-8a45-54425a0f9b10","local_time":"20190126220220","is_ascension_mode":true,"campfire_choices":[{"data":"Double Energy","floor":6,"key":"SMITH"},{"data":"Zap","floor":11,"key":"SMITH"}],"neow_cost":"NONE","seed_source_timestamp":346202894100146,"circlet_count":0,"master_deck":["Strike_B","Strike_B","Strike_B","Strike_B","Defend_B","Defend_B","Defend_B","Defend_B","Zap+1","Dualcast","Skim","Regret","Double Energy+1","BootSequence","Injury","Coolheaded"],"relics":["Cracked Core","Anchor","MawBank","Pear","Golden Idol","Lantern","Vajra"],"potions_floor_usage":[],"damage_taken":[{"damage":0,"enemies":"2 Louse","floor":1,"turns":2},{"damage":10,"enemies":"Jaw Worm","floor":5,"turns":4},{"damage":13,"enemies":"Small Slimes","floor":7,"turns":3},{"damage":52,"enemies":"Gremlin Nob","floor":12,"turns":5},{"damage":24,"enemies":"Looter","floor":14,"turns":3}],"seed_played":"7498966860341755820","potions_obtained":[{"floor":1,"key":"LiquidBronze"},{"floor":12,"key":"SteroidPotion"}],"is_trial":false,"path_per_floor":["M","?","T","$","M","R","M","?","T","$","R","E","?","M"],"character_chosen":"DEFECT","items_purchased":[],"campfire_rested":0,"item_purchase_floors":[],"current_hp_per_floor":[68,68,78,78,68,68,55,55,55,55,55,3,24,0],"gold":261,"neow_bonus":"RANDOM_COMMON_RELIC","is_prod":false,"is_daily":false,"chose_seed":false,"campfire_upgraded":2,"win_rate":0,"timestamp":1548550940,"path_taken":["M","?","?","?","M","R","M","?","T","$","R","E","?","?"],"build_version":"2019-01-23","purchased_purges":0,"victory":false,"max_hp_per_floor":[75,75,85,85,85,85,85,85,85,85,85,85,85,85],"card_choices":[{"not_picked":["Rebound","Beam Cell"],"picked":"Skim","floor":1},{"not_picked":["Hologram","Lockon"],"picked":"Double Energy","floor":5},{"not_picked":["Auto Shields","Cold Snap"],"picked":"BootSequence","floor":7},{"not_picked":["Barrage","Rip and Tear"],"picked":"Coolheaded","floor":12}],"player_experience":679526,"relics_obtained":[{"floor":3,"key":"Pear"},{"floor":9,"key":"Lantern"},{"floor":12,"key":"Vajra"}],"event_choices":[{"damage_healed":0,"gold_gain":0,"player_choice":"Box","damage_taken":0,"relics_obtained":["MawBank"],"max_hp_gain":0,"max_hp_loss":0,"event_name":"Big Fish","floor":2,"gold_loss":0,"cards_obtained":["Regret"]},{"damage_healed":0,"gold_gain":0,"player_choice":"Take Wound","damage_taken":0,"relics_obtained":["Golden Idol"],"max_hp_gain":0,"max_hp_loss":0,"event_name":"Golden Idol","floor":8,"gold_loss":0,"cards_obtained":["Injury"]},{"damage_healed":21,"gold_gain":0,"player_choice":"Healed","damage_taken":0,"max_hp_gain":0,"max_hp_loss":0,"event_name":"The Cleric","floor":13,"gold_loss":35}],"is_beta":false,"boss_relics":[],"items_purged_floors":[],"is_endless":false,"potions_floor_spawned":[1,12],"killed_by":"Looter","ascension_level":8}