{"gold_per_floor":[111,131,144,154,114,114,148,165,165,165,197,217,237,257,257,362,362,372,372,287,124,140,140,150,150,150,150,250,269,269,289,289,388,388,405,416,416,432,532,532,542,46,46,65,65,78,78,105,105,105],"floor_reached":50,"playtime":1442,"items_purged":[],"score":776,"play_id":"9d9af607-3c8e-42f0-9fb5-e53f3a95e752","local_time":"20190121002500","is_ascension_mode":true,"campfire_choices":[{"data":"Immolate","floor":6,"key":"SMITH"},{"data":"Headbutt","floor":10,"key":"SMITH"},{"data":"Havoc","floor":15,"key":"SMITH"},{"data":"Havoc","floor":23,"key":"SMITH"},{"floor":25,"key":"REST"},{"data":"Havoc","floor":27,"key":"SMITH"},{"floor":30,"key":"REST"},{"data":"Shockwave","floor":32,"key":"SMITH"},{"data":"Armaments","floor":40,"key":"SMITH"},{"floor":45,"key":"REST"},{"data":"Violence","floor":47,"key":"SMITH"},{"data":"Impervious","floor":49,"key":"SMITH"}],"neow_cost":"NONE","seed_source_timestamp":649176189679023,"circlet_count":0,"master_deck":["Strike_R","Strike_R+1","Strike_R","Strike_R","Strike_R","Defend_R","Defend_R","Defend_R","Defend_R","Bash","Immolate+1","Clothesline+1","Shrug It Off","Shrug It Off+1","Anger","Rampage","Headbutt+1","Havoc+1","Sword Boomerang","Anger","Pommel Strike","Impervious","Rage+1","Violence+1","Havoc+1","Havoc+1","Shockwave+1","Thunderclap","Impervious+1","Armaments+1","Flex+1","Trip+1","Cleave+1","Sentinel+1","Anger","Perfected Strike+1","Clash+1"],"relics":["Burning Blood","Whetstone","Strawberry","Lizard Tail","Enchiridion","Pear","Torii","Busted Crown","Kunai","Strange Spoon","War Paint","Regal Pillow"],"potions_floor_usage":[7,8,13,16,24,24,24,44,50,50],"damage_taken":[{"damage":1,"enemies":"Cultist","floor":1,"turns":3},{"damage":13,"enemies":"2 Louse","floor":2,"turns":2},{"damage":4,"enemies":"Jaw Worm","floor":3,"turns":3},{"damage":6,"enemies":"3 Louse","floor":4,"turns":2},{"damage":16,"enemies":"Gremlin Nob","floor":7,"turns":3},{"damage":0,"enemies":"Lots of Slimes","floor":8,"turns":1},{"damage":21,"enemies":"3 Sentries","floor":11,"turns":5},{"damage":0,"enemies":"Gremlin Gang","floor":12,"turns":1},{"damage":0,"enemies":"Large Slime","floor":13,"turns":2},{"damage":0,"enemies":"Looter","floor":14,"turns":2},{"damage":0,"enemies":"Slime Boss","floor":16,"turns":4},{"damage":44,"enemies":"2 Thieves","floor":18,"turns":4},{"damage":0,"enemies":"Shell Parasite","floor":22,"turns":5},{"damage":20,"enemies":"Snake Plant","floor":24,"turns":2},{"damage":21,"enemies":"Centurion and Healer","floor":29,"turns":5},{"damage":0,"enemies":"3 Cultists","floor":31,"turns":4},{"damage":79,"enemies":"Champ","floor":33,"turns":11},{"damage":16,"enemies":"3 Shapes","floor":35,"turns":6},{"damage":1,"enemies":"3 Darklings","floor":36,"turns":4},{"damage":37,"enemies":"Writhing Mass","floor":38,"turns":6},{"damage":10,"enemies":"Spire Growth","floor":41,"turns":5},{"damage":41,"enemies":"Transient","floor":44,"turns":5},{"damage":0,"enemies":"Jaw Worm Horde","floor":46,"turns":2},{"damage":16,"enemies":"Reptomancer","floor":48,"turns":5},{"damage":79,"enemies":"Time Eater","floor":50,"turns":6}],"seed_played":"-2031957007523243428","potions_obtained":[{"floor":5,"key":"Ancient Potion"},{"floor":5,"key":"Explosive Potion"},{"floor":5,"key":"Poison Potion"},{"floor":7,"key":"Fire Potion"},{"floor":8,"key":"Fire Potion"},{"floor":11,"key":"Weak Potion"},{"floor":13,"key":"Fire Potion"},{"floor":14,"key":"AttackPotion"},{"floor":18,"key":"Swift Potion"},{"floor":31,"key":"Strength Potion"},{"floor":35,"key":"Poison Potion"},{"floor":48,"key":"EssenceOfSteel"}],"is_trial":false,"path_per_floor":["M","M","M","M","?","R","E","M","T","R","E","M","M","M","R","B",null,"M","?","?","$","M","R","M","R","T","R","?","M","R","M","R","B",null,"M","M","?","M","?","R","M","$","T","M","R","M","R","E","R","B"],"character_chosen":"IRONCLAD","items_purchased":["Violence","Kunai","Strange Spoon","Anger"],"campfire_rested":3,"item_purchase_floors":[21,42,42,42],"current_hp_per_floor":[77,70,72,72,72,72,62,68,68,68,60,66,72,78,78,84,86,48,32,42,42,48,48,34,63,63,63,63,48,77,83,83,10,75,65,70,70,39,39,39,35,35,35,54,83,89,89,79,79,0],"gold":105,"neow_bonus":"ONE_RANDOM_RARE_CARD","is_prod":false,"is_daily":false,"chose_seed":false,"campfire_upgraded":9,"win_rate":0,"timestamp":1548041100,"path_taken":["M","M","M","M","?","R","E","M","T","R","E","?","M","M","R","BOSS","M","?","?","$","M","R","M","R","T","R","?","?","R","M","R","BOSS","M","?","?","M","?","R","?","$","T","M","R","M","R","E","R","BOSS"],"build_version":"2019-01-17v2","purchased_purges":0,"victory":false,"max_hp_per_floor":[80,80,80,80,80,80,80,80,80,80,87,87,87,87,87,87,87,87,87,97,97,97,97,97,97,97,97,97,97,97,97,97,97,97,97,97,97,97,97,97,97,97,97,97,97,97,97,97,97,97],"card_choices":[{"not_picked":["Warcry","Clash"],"picked":"Clothesline","floor":1},{"not_picked":["Body Slam","True Grit"],"picked":"Shrug It Off","floor":2},{"not_picked":["Fiend Fire","Twin Strike"],"picked":"Shrug It Off","floor":3},{"not_picked":["Clothesline","Uppercut"],"picked":"Anger","floor":4},{"not_picked":["Reckless Charge","Flex"],"picked":"Rampage","floor":7},{"not_picked":["Hemokinesis","Blood for Blood"],"picked":"Headbutt","floor":8},{"not_picked":["Sentinel","Flex"],"picked":"Havoc","floor":11},{"not_picked":["Body Slam","Cleave"],"picked":"Sword Boomerang","floor":12},{"not_picked":["Perfected Strike","Cleave"],"picked":"Anger","floor":13},{"not_picked":["Corruption","Heavy Blade"],"picked":"Pommel Strike","floor":14},{"not_picked":["Fiend Fire","Dark Embrace"],"picked":"Impervious","floor":16},{"not_picked":["Sever Soul","Body Slam"],"picked":"Rage+1","floor":18},{"not_picked":["Pommel Strike","Perfected Strike"],"picked":"Havoc","floor":22},{"not_picked":["Armaments","Inflame"],"picked":"Havoc","floor":24},{"not_picked":["Wild Strike","Sentinel"],"picked":"Shockwave","floor":29},{"not_picked":["Wild Strike","Perfected Strike"],"picked":"Thunderclap","floor":31},{"not_picked":["Offering","Fiend Fire"],"picked":"Impervious","floor":33},{"not_picked":[],"picked":"Armaments","floor":35},{"not_picked":[],"picked":"Flex+1","floor":36},{"not_picked":[],"picked":"Trip","floor":37},{"not_picked":[],"picked":"Cleave+1","floor":38},{"not_picked":[],"picked":"Sentinel+1","floor":41},{"not_picked":["Wild Strike"],"picked":"SKIP","floor":44},{"not_picked":[],"picked":"Perfected Strike+1","floor":46},{"not_picked":[],"picked":"Clash+1","floor":48}],"player_experience":665918,"relics_obtained":[{"floor":7,"key":"Whetstone"},{"floor":11,"key":"Strawberry"},{"floor":19,"key":"Enchiridion"},{"floor":26,"key":"Torii"},{"floor":43,"key":"War Paint"},{"floor":48,"key":"Regal Pillow"}],"event_choices":[{"damage_healed":0,"gold_gain":0,"player_choice":"Bought 3 Potions","damage_taken":0,"max_hp_gain":0,"max_hp_loss":0,"event_name":"The Woman in Blue","floor":5,"gold_loss":0},{"damage_healed":0,"gold_gain":0,"player_choice":"Obtained Book","damage_taken":16,"max_hp_gain":0,"max_hp_loss":0,"event_name":"Cursed Tome","floor":19,"gold_loss":0},{"damage_healed":0,"gold_gain":0,"player_choice":"Obtained Relic","damage_taken":0,"relics_obtained":["Pear"],"max_hp_gain":0,"max_hp_loss":0,"event_name":"Addict","floor":20,"gold_loss":85},{"damage_healed":0,"gold_gain":100,"player_choice":"Pray","damage_taken":0,"max_hp_gain":0,"max_hp_loss":0,"event_name":"Golden Shrine","floor":28,"gold_loss":0},{"damage_healed":0,"gold_gain":0,"player_choice":"Memory 1","damage_taken":0,"max_hp_gain":0,"max_hp_loss":0,"event_name":"SensoryStone","floor":37,"gold_loss":0},{"damage_healed":0,"gold_gain":100,"player_choice":"Pray","damage_taken":0,"max_hp_gain":0,"max_hp_loss":0,"event_name":"Golden Shrine","floor":39,"gold_loss":0}],"is_beta":false,"boss_relics":[{"not_picked":["Pandora\u0027s Box","Runic Pyramid"],"picked":"Lizard Tail"},{"not_picked":["Runic Cube","White Beast Statue"],"picked":"Busted Crown"}],"items_purged_floors":[],"is_endless":false,"potions_floor_spawned":[7,8,11,13,14,18,22,31,35,48],"killed_by":"Time Eater","ascension_level":7}