{"gold_per_floor":[118,193,193,193,35,35,54,54,79,107,121,121],"floor_reached":12,"playtime":511,"items_purged":["Doubt"],"score":152,"play_id":"3f17ad60-4b91-4792-bf93-8859b6ce63a4","local_time":"20181127194602","is_ascension_mode":true,"campfire_choices":[{"floor":6,"key":"REST"}],"neow_cost":"CURSE","seed_source_timestamp":164518296567577,"circlet_count":0,"master_deck":["AscendersBane","Strike_R","Strike_R","Strike_R","Strike_R","Strike_R+1","Defend_R","Defend_R","Defend_R","Defend_R+1","Bash","Feed","Whirlwind","Battle Trance","Battle Trance","Ghostly Armor","Spot Weakness"],"relics":["Burning Blood","Boot","Lantern","Anchor"],"potions_floor_usage":[12],"damage_taken":[{"damage":21,"enemies":"Jaw Worm","floor":1,"turns":6},{"damage":1,"enemies":"2 Louse","floor":7,"turns":4},{"damage":32,"enemies":"Gremlin Nob","floor":10,"turns":4},{"damage":1,"enemies":"Cultist","floor":11,"turns":3},{"damage":48,"enemies":"Lagavulin","floor":12,"turns":7}],"seed_played":"-7560489410235037355","potions_obtained":[{"floor":7,"key":"GamblersBrew"}],"is_trial":false,"path_per_floor":["M","?","?","?","$","R","M","$","T","E","M","E"],"character_chosen":"IRONCLAD","items_purchased":["Battle Trance"],"campfire_rested":1,"item_purchase_floors":[5],"current_hp_per_floor":[56,45,22,17,17,40,48,48,48,25,33,0],"gold":121,"neow_bonus":"THREE_RARE_CARDS","is_prod":false,"is_daily":false,"chose_seed":false,"campfire_upgraded":0,"win_rate":0,"timestamp":1543365962,"path_taken":["M","?","?","?","$","R","M","?","T","E","?","E"],"build_version":"2018-11-15","purchased_purges":1,"victory":false,"max_hp_per_floor":[78,78,78,78,78,78,81,81,81,84,87,87],"card_choices":[{"not_picked":["Demon Form","Dark Embrace"],"picked":"Feed","floor":0},{"not_picked":["Rage","True Grit"],"picked":"Whirlwind","floor":1},{"not_picked":["Perfected Strike","Sword Boomerang"],"picked":"Battle Trance","floor":7},{"not_picked":["Clash","Heavy Blade"],"picked":"Ghostly Armor","floor":10},{"not_picked":["Bloodletting","Sever Soul"],"picked":"Spot Weakness","floor":11}],"player_experience":1035121,"relics_obtained":[{"floor":9,"key":"Lantern"},{"floor":10,"key":"Anchor"}],"event_choices":[{"damage_healed":0,"gold_gain":75,"player_choice":"Gather Gold","damage_taken":11,"max_hp_gain":0,"max_hp_loss":0,"event_name":"World of Goop","floor":2,"gold_loss":0},{"damage_healed":0,"gold_gain":0,"player_choice":"Entered Light","damage_taken":23,"max_hp_gain":0,"max_hp_loss":0,"event_name":"Shining Light","floor":3,"gold_loss":0,"cards_upgraded":["Defend_R","Strike_R"]},{"damage_healed":0,"gold_gain":0,"player_choice":"Success","damage_taken":5,"relics_obtained":["Boot"],"max_hp_gain":0,"max_hp_loss":0,"event_name":"Scrap Ooze","floor":4,"gold_loss":0}],"is_beta":true,"boss_relics":[],"items_purged_floors":[5],"is_endless":false,"potions_floor_spawned":[7],"killed_by":"Lagavulin","ascension_level":20}