{"gold_per_floor":[112,62,62,62,86,86,122,0,26,26,45,60,83,102,102,197,197,212,225,248,523,109,109,109],"floor_reached":24,"playtime":542,"items_purged":["Strike_B","Regret"],"score":379,"play_id":"22de8805-488c-4ca2-a345-6788f7548042","local_time":"20190416191342","is_ascension_mode":true,"campfire_choices":[{"data":"Ball Lightning","floor":6,"key":"SMITH"},{"data":"Ball Lightning","floor":10,"key":"SMITH"},{"data":"Cold Snap","floor":15,"key":"SMITH"},{"floor":23,"key":"REST"}],"neow_cost":"NONE","seed_source_timestamp":451417932911207,"circlet_count":0,"master_deck":["AscendersBane","Strike_B","Strike_B","Defend_B","Defend_B","Defend_B","Defend_B","Zap+1","Dualcast","FTL","Ball Lightning+1","Capacitor","Ball Lightning+1","Leap","Cold Snap+1","Capacitor","Machine Learning","Cold Snap","Thunder Strike","Leap","Cold Snap","Bandage Up"],"relics":["Cracked Core","NeowsBlessing","Golden Idol","Bronze Scales","Happy Flower","Philosopher\u0027s Stone","Membership Card"],"potions_floor_usage":[13,16],"damage_taken":[{"damage":0,"enemies":"Cultist","floor":1,"turns":1},{"damage":0,"enemies":"2 Louse","floor":5,"turns":1},{"damage":0,"enemies":"3 Sentries","floor":7,"turns":1},{"damage":2,"enemies":"Small Slimes","floor":11,"turns":3},{"damage":3,"enemies":"Blue Slaver","floor":12,"turns":2},{"damage":5,"enemies":"Gremlin Gang","floor":13,"turns":3},{"damage":0,"enemies":"Looter","floor":14,"turns":1},{"damage":22,"enemies":"Hexaghost","floor":16,"turns":7},{"damage":12,"enemies":"Shell Parasite","floor":18,"turns":5},{"damage":19,"enemies":"2 Thieves","floor":19,"turns":4},{"damage":11,"enemies":"Cultist and Chosen","floor":20,"turns":6},{"damage":41,"enemies":"3 Cultists","floor":24,"turns":3}],"seed_played":"5116580270446605912","potions_obtained":[{"floor":1,"key":"Fire Potion"},{"floor":7,"key":"Poison Potion"},{"floor":11,"key":"FocusPotion"},{"floor":16,"key":"Fire Potion"},{"floor":18,"key":"SteroidPotion"}],"is_trial":false,"path_per_floor":["M","?","?","?","M","R","E","$","T","R","M","M","M","M","R","B",null,"M","M","M","?","$","R","M"],"character_chosen":"DEFECT","items_purchased":["Ball Lightning","Membership Card","Thunder Strike","Leap","Cold Snap","Bandage Up"],"campfire_rested":1,"item_purchase_floors":[8,22,22,22,22,22],"current_hp_per_floor":[64,64,64,64,64,64,64,64,64,64,62,59,54,54,54,32,58,46,27,16,16,16,35,0],"gold":109,"neow_bonus":"THREE_ENEMY_KILL","is_prod":false,"is_daily":false,"chose_seed":false,"campfire_upgraded":3,"win_rate":0,"timestamp":1555452822,"path_taken":["M","?","?","?","M","R","E","?","T","R","M","M","?","M","R","BOSS","M","M","M","?","$","R","M"],"build_version":"2019-01-23","purchased_purges":2,"victory":false,"max_hp_per_floor":[71,71,71,66,66,66,66,66,66,66,66,66,66,66,66,66,66,66,66,66,66,66,66,66],"card_choices":[{"not_picked":["Rip and Tear","Hologram"],"picked":"FTL","floor":1},{"not_picked":["Turbo","Leap"],"picked":"Ball Lightning","floor":5},{"not_picked":["Amplify","Steam Power"],"picked":"Capacitor","floor":7},{"not_picked":["Beam Cell","Gash"],"picked":"Leap","floor":11},{"not_picked":["Scrape","Conserve Battery","Blizzard"],"picked":"SKIP","floor":12},{"not_picked":["Force Field","Rebound"],"picked":"Cold Snap","floor":13},{"not_picked":["Doom and Gloom","Auto Shields"],"picked":"Capacitor","floor":14},{"not_picked":["Fission","Meteor Strike"],"picked":"Machine Learning","floor":16},{"not_picked":["Melter","Streamline","Compile Driver"],"picked":"SKIP","floor":18},{"not_picked":["Melter","Coolheaded"],"picked":"Cold Snap","floor":19},{"not_picked":["Streamline","Lockon+1","Hologram"],"picked":"SKIP","floor":20}],"player_experience":1136430,"relics_obtained":[{"floor":7,"key":"Bronze Scales"},{"floor":9,"key":"Happy Flower"}],"event_choices":[{"cards_removed":["Strike_B"],"damage_healed":0,"gold_gain":0,"player_choice":"Card Removal","damage_taken":0,"max_hp_gain":0,"max_hp_loss":0,"event_name":"The Cleric","floor":2,"gold_loss":50},{"damage_healed":0,"gold_gain":0,"player_choice":"Grow","damage_taken":0,"max_hp_gain":0,"max_hp_loss":0,"event_name":"Living Wall","floor":3,"gold_loss":0,"cards_upgraded":["Zap"]},{"damage_healed":0,"gold_gain":0,"player_choice":"Lose Max HP","damage_taken":0,"relics_obtained":["Golden Idol"],"max_hp_gain":0,"max_hp_loss":5,"event_name":"Golden Idol","floor":4,"gold_loss":0},{"damage_healed":0,"gold_gain":275,"player_choice":"Desecrate","damage_taken":0,"max_hp_gain":0,"max_hp_loss":0,"event_name":"Golden Shrine","floor":21,"gold_loss":0,"cards_obtained":["Regret"]}],"is_beta":false,"boss_relics":[{"not_picked":["Empty Cage","Eternal Feather"],"picked":"Philosopher\u0027s Stone"}],"items_purged_floors":[8,22],"is_endless":false,"potions_floor_spawned":[1,7,11,16,18,19],"killed_by":"3 Cultists","ascension_level":14}