{"gold_per_floor":[114,129,129,144,22,52,52,67,92,107,107,107,122,152,152,252,252,267,282,57,57,72,72,102,102,102,117,147,159,201,31,31,131,131,146,161,61,76,91,91,121,25,75,90,90,90,90,105,105,105],"floor_reached":51,"playtime":4633,"items_purged":["Strike_B","Strike_B"],"score":847,"play_id":"74697c9c-4a6d-4637-b9fe-59ee85d9732b","local_time":"20190404223442","daily_mods":["Cursed Run","ControlledChaos","Terminal"],"is_ascension_mode":false,"campfire_choices":[{"data":"Sunder","floor":7,"key":"SMITH"},{"data":"Chill","floor":11,"key":"SMITH"},{"floor":15,"key":"REST"},{"data":"Sunder","floor":23,"key":"SMITH"},{"data":"Streamline","floor":25,"key":"SMITH"},{"floor":32,"key":"REST"},{"data":"Self Repair","floor":40,"key":"SMITH"},{"data":"Dualcast","floor":45,"key":"SMITH"},{"data":"Dark Shackles","floor":49,"key":"SMITH"}],"neow_cost":"","seed_source_timestamp":0,"circlet_count":0,"master_deck":["Strike_B+1","Defend_B","Defend_B","Defend_B","Defend_B","Zap","Dualcast+1","Sunder+1","Streamline+1","Dark Shackles+1","Sunder+1","Leap","Stack","Doubt","Chill+1","Undo","Injury","Rainbow","Tempest+1","Self Repair+1","Conserve Battery+1","Regret","Hologram","Parasite","Tempest+1","Master of Strategy+1","Pain","BootSequence+1","Parasite","Tempest+1","Jack Of All Trades+1","Decay","Finesse+1","Doubt","Doubt"],"special_seed":17991,"relics":["Cursed Key","Darkstone Periapt","Du-Vu Doll","Frozen Eye","Dead Branch","Art of War","Letter Opener","Sozu","Centennial Puzzle","Oddly Smooth Stone","Lantern","MawBank","Toxic Egg 2","Bag of Preparation","Eternal Feather","Kunai","Whetstone"],"potions_floor_usage":[6,6,14,16],"damage_taken":[{"damage":0,"enemies":"Cultist","floor":1,"turns":3},{"damage":1,"enemies":"Jaw Worm","floor":2,"turns":2},{"damage":0,"enemies":"Small Slimes","floor":4,"turns":2},{"damage":5,"enemies":"Lagavulin","floor":6,"turns":5},{"damage":0,"enemies":"2 Fungi Beasts","floor":8,"turns":1},{"damage":0,"enemies":"Blue Slaver","floor":10,"turns":2},{"damage":0,"enemies":"Looter","floor":13,"turns":2},{"damage":25,"enemies":"Gremlin Nob","floor":14,"turns":6},{"damage":9,"enemies":"Hexaghost","floor":16,"turns":8},{"damage":0,"enemies":"Chosen","floor":18,"turns":4},{"damage":0,"enemies":"Shell Parasite","floor":19,"turns":3},{"damage":2,"enemies":"Centurion and Healer","floor":22,"turns":4},{"damage":0,"enemies":"Gremlin Leader","floor":24,"turns":4},{"damage":8,"enemies":"Snake Plant","floor":27,"turns":3},{"damage":2,"enemies":"Book of Stabbing","floor":28,"turns":4},{"damage":22,"enemies":"Gremlin Leader","floor":30,"turns":5},{"damage":34,"enemies":"Collector","floor":33,"turns":7},{"damage":5,"enemies":"3 Shapes","floor":35,"turns":1},{"damage":5,"enemies":"3 Darklings","floor":36,"turns":3},{"damage":7,"enemies":"Sphere and 2 Shapes","floor":38,"turns":3},{"damage":11,"enemies":"Writhing Mass","floor":39,"turns":4},{"damage":42,"enemies":"Nemesis","floor":41,"turns":5},{"damage":0,"enemies":"Spire Growth","floor":44,"turns":4},{"damage":11,"enemies":"3 Darklings","floor":48,"turns":3},{"damage":67,"enemies":"Awakened One","floor":50,"turns":10}],"seed_played":"2882055252263797519","potions_obtained":[{"floor":1,"key":"Weak Potion"},{"floor":4,"key":"Ancient Potion"},{"floor":8,"key":"Block Potion"},{"floor":14,"key":"Fire Potion"}],"is_trial":false,"path_per_floor":["M","M","?","M","$","E","R","M","T","M","R","?","M","E","R","B",null,"M","M","$","?","M","R","E","R","T","M","E","T","E","$","R","B",null,"M","M","$","M","M","R","E","$","T","M","R","?","?","M","R","B",null],"character_chosen":"DEFECT","items_purchased":["Dark Shackles","Sunder","Centennial Puzzle","Master of Strategy+1","Jack Of All Trades+1"],"campfire_rested":2,"item_purchase_floors":[5,5,20,31,42],"current_hp_per_floor":[73,72,71,70,69,64,64,64,70,70,69,68,67,42,61,58,69,68,67,66,65,63,63,62,61,66,58,56,62,47,47,66,45,70,65,67,67,66,61,70,38,38,44,44,62,62,75,64,73,32],"gold":105,"neow_bonus":"","is_prod":false,"is_daily":true,"chose_seed":false,"campfire_upgraded":7,"win_rate":0,"timestamp":1554435282,"path_taken":["M","M","?","M","$","E","R","M","T","M","R","?","M","E","R","BOSS","M","M","?","?","?","R","E","R","T","M","E","?","E","$","R","BOSS","M","M","$","M","M","R","E","$","T","?","R","?","?","M","R","BOSS"],"build_version":"2019-01-23","purchased_purges":2,"victory":true,"max_hp_per_floor":[73,72,71,70,69,68,67,66,71,70,69,68,67,66,65,70,69,68,67,66,65,64,63,62,61,66,65,64,69,68,67,66,71,70,69,68,67,66,71,70,69,68,73,72,71,70,75,74,73,78],"card_choices":[{"not_picked":["Steam Power","Streamline"],"picked":"Sunder","floor":1},{"not_picked":["Conserve Battery","Sweeping Beam"],"picked":"Streamline","floor":2},{"not_picked":["Fission","Stack","Fusion"],"picked":"SKIP","floor":4},{"not_picked":["Scrape","Storm"],"picked":"Leap","floor":6},{"not_picked":["Scrape","Storm"],"picked":"Stack","floor":8},{"not_picked":["Sweeping Beam","Stack"],"picked":"Chill","floor":10},{"not_picked":["Gash","Compile Driver","FTL"],"picked":"SKIP","floor":13},{"not_picked":["Creative AI","FTL","Stack"],"picked":"SKIP","floor":14},{"not_picked":["Fission","All For One"],"picked":"Rainbow","floor":16},{"not_picked":["Streamline","Sweeping Beam"],"picked":"Tempest","floor":18},{"not_picked":["Leap","Stack+1","Gash+1"],"picked":"SKIP","floor":19},{"not_picked":["Doom and Gloom","Ball Lightning+1"],"picked":"Self Repair","floor":22},{"not_picked":["Ball Lightning","Blizzard"],"picked":"Conserve Battery+1","floor":24},{"not_picked":["Skim","Undo","Compile Driver"],"picked":"SKIP","floor":27},{"not_picked":["All For One","Go for the Eyes+1"],"picked":"Hologram","floor":28},{"not_picked":["Doom and Gloom","Fusion+1"],"picked":"Tempest+1","floor":30},{"not_picked":["Reprogram+1","Ball Lightning+1","Compile Driver"],"picked":"SKIP","floor":35},{"not_picked":["Streamline+1","Scrape"],"picked":"BootSequence+1","floor":36},{"not_picked":["Steam+1","Rip and Tear+1","Beam Cell+1"],"picked":"SKIP","floor":38},{"not_picked":["Rebound","Aggregate+1"],"picked":"Tempest+1","floor":39},{"not_picked":["Doom and Gloom","Conserve Battery+1","Reprogram+1"],"picked":"SKIP","floor":41},{"not_picked":["Cold Snap+1","Capacitor","Ball Lightning+1"],"picked":"SKIP","floor":44},{"not_picked":["Discovery+1","Chrysalis+1"],"picked":"Finesse+1","floor":46},{"not_picked":["Lockon","Gash+1","Scrape"],"picked":"SKIP","floor":48}],"player_experience":229367,"relics_obtained":[{"floor":6,"key":"Dead Branch"},{"floor":9,"key":"Art of War"},{"floor":14,"key":"Letter Opener"},{"floor":24,"key":"Oddly Smooth Stone"},{"floor":26,"key":"Lantern"},{"floor":28,"key":"MawBank"},{"floor":29,"key":"Toxic Egg 2"},{"floor":30,"key":"Bag of Preparation"},{"floor":41,"key":"Kunai"},{"floor":43,"key":"Whetstone"}],"event_choices":[{"damage_healed":0,"gold_gain":0,"player_choice":"Ignored","damage_taken":0,"max_hp_gain":0,"max_hp_loss":0,"event_name":"Shining Light","floor":3,"gold_loss":0},{"damage_healed":0,"gold_gain":0,"cards_transformed":["Strike_B"],"player_choice":"Transformed","damage_taken":0,"max_hp_gain":0,"max_hp_loss":0,"event_name":"Transmorgrifier","floor":12,"gold_loss":0,"cards_obtained":["Undo"]},{"damage_healed":0,"gold_gain":0,"player_choice":"Upgraded","damage_taken":0,"max_hp_gain":0,"max_hp_loss":0,"event_name":"Upgrade Shrine","floor":21,"gold_loss":0,"cards_upgraded":["Tempest"]},{"damage_healed":0,"gold_gain":0,"player_choice":"Memory 1","damage_taken":0,"max_hp_gain":0,"max_hp_loss":0,"event_name":"SensoryStone","floor":46,"gold_loss":0},{"damage_healed":8,"gold_gain":0,"player_choice":"Heal","damage_taken":0,"max_hp_gain":0,"max_hp_loss":0,"event_name":"MindBloom","floor":47,"gold_loss":0,"cards_obtained":["Doubt"]}],"is_beta":false,"boss_relics":[{"not_picked":["Fusion Hammer","Black Star"],"picked":"Sozu"},{"not_picked":["Orrery","Inserter"],"picked":"Eternal Feather"}],"items_purged_floors":[20,37],"is_endless":false,"potions_floor_spawned":[1,4,8,14,22,33,38,39],"ascension_level":0}