{"gold_per_floor":[116,116,128,38,58,58,76,76,149,149,183,201,220,233,233,334,334,354,354,354,32,55,55,71,85,85,95,95,112,112],"floor_reached":30,"playtime":895,"items_purged":[],"score":234,"play_id":"7524ea11-d52b-411f-9012-8c3b3abef7e5","local_time":"20190416133055","is_ascension_mode":false,"campfire_choices":[{"data":"Defragment","floor":6,"key":"SMITH"},{"data":"Defragment","floor":8,"key":"SMITH"},{"floor":15,"key":"REST"},{"floor":23,"key":"REST"},{"floor":28,"key":"REST"}],"neow_cost":"NONE","seed_source_timestamp":340567641443700,"circlet_count":0,"master_deck":["Strike_B","Strike_B","Strike_B","Strike_B","Defend_B","Defend_B","Defend_B","Defend_B","Zap","Dualcast","Leap","Conserve Battery","Gash","Loop+1","Defragment+1","Defragment+1","Capacitor","Conserve Battery","White Noise","Gash","White Noise","All For One","Consume","Beam Cell","Storm","White Noise+1","Leap+1","Defragment+1"],"relics":["Cracked Core","Bottled Lightning","Dream Catcher","Sozu","Membership Card","Cables","Potion Belt","Singing Bowl"],"potions_floor_usage":[19,30],"damage_taken":[{"damage":0,"enemies":"2 Louse","floor":1,"turns":2},{"damage":0,"enemies":"Jaw Worm","floor":3,"turns":3},{"damage":0,"enemies":"Cultist","floor":5,"turns":4},{"damage":5,"enemies":"2 Fungi Beasts","floor":7,"turns":3},{"damage":21,"enemies":"3 Sentries","floor":11,"turns":5},{"damage":3,"enemies":"Looter","floor":12,"turns":4},{"damage":14,"enemies":"Exordium Wildlife","floor":13,"turns":4},{"damage":7,"enemies":"2 Fungi Beasts","floor":14,"turns":3},{"damage":27,"enemies":"Slime Boss","floor":16,"turns":8},{"damage":32,"enemies":"2 Thieves","floor":18,"turns":5},{"damage":29,"enemies":"Colosseum Slavers","floor":19,"turns":4},{"damage":0,"enemies":"Chosen","floor":24,"turns":3},{"damage":37,"enemies":"Snake Plant","floor":25,"turns":5},{"damage":0,"enemies":"Centurion and Healer","floor":27,"turns":4},{"damage":18,"enemies":"3 Cultists","floor":29,"turns":4},{"damage":26,"enemies":"Gremlin Leader","floor":30,"turns":4}],"seed_played":"-4567491052044103597","potions_obtained":[{"floor":1,"key":"EntropicBrew"},{"floor":5,"key":"Explosive Potion"},{"floor":11,"key":"FearPotion"},{"floor":14,"key":"Regen Potion"}],"is_trial":false,"path_per_floor":["M","?","M","$","M","R","M","R","T","?","E","M","M","M","R","B",null,"M","?","?","$","T","R","M","M","T","M","R","M","E"],"character_chosen":"DEFECT","items_purchased":["Gash","Loop","Membership Card","Cables"],"campfire_rested":3,"item_purchase_floors":[4,4,21,21],"current_hp_per_floor":[82,82,82,82,82,82,77,77,77,77,56,53,39,32,56,29,82,50,30,30,30,30,54,54,17,17,17,41,25,0],"gold":112,"neow_bonus":"TEN_PERCENT_HP_BONUS","is_prod":false,"is_daily":false,"chose_seed":false,"campfire_upgraded":2,"win_rate":0.0,"timestamp":1555435855,"path_taken":["M","?","M","$","M","R","M","R","T","?","E","?","M","M","R","BOSS","M","?","?","$","?","R","M","M","T","M","R","M","E"],"build_version":"2019-01-23","purchased_purges":0,"victory":false,"max_hp_per_floor":[82,82,82,82,82,82,82,82,82,82,82,82,82,82,82,82,82,82,82,82,82,82,82,82,82,82,82,82,84,84],"card_choices":[{"not_picked":["Scrape","Coolheaded"],"picked":"Leap","floor":1},{"not_picked":["Chill","Storm"],"picked":"Conserve Battery","floor":3},{"not_picked":["Go for the Eyes","Sweeping Beam"],"picked":"Defragment","floor":5},{"not_picked":["Stack","Sweeping Beam"],"picked":"Defragment","floor":7},{"not_picked":["Compile Driver","Recycle"],"picked":"Capacitor","floor":11},{"not_picked":["Hologram","Coolheaded"],"picked":"Conserve Battery","floor":12},{"not_picked":["Turbo","Genetic Algorithm"],"picked":"White Noise","floor":13},{"not_picked":["Chaos","Go for the Eyes"],"picked":"Gash","floor":14},{"not_picked":["Rainbow","Streamline"],"picked":"White Noise","floor":15},{"not_picked":["Rainbow","Fission"],"picked":"All For One","floor":16},{"not_picked":["Tempest","Sweeping Beam"],"picked":"Consume","floor":18},{"not_picked":["Stack","Scrape"],"picked":"Beam Cell","floor":23},{"not_picked":["Hello World+1","Capacitor"],"picked":"Storm","floor":24},{"not_picked":["Recycle","Scrape"],"picked":"White Noise+1","floor":25},{"not_picked":["Tempest","Coolheaded"],"picked":"Leap+1","floor":27},{"not_picked":["Recycle","Redo"],"picked":"Defragment+1","floor":28},{"not_picked":["Capacitor","Redo","Turbo"],"picked":"Singing Bowl","floor":29}],"player_experience":76966,"relics_obtained":[{"floor":9,"key":"Bottled Lightning"},{"floor":11,"key":"Dream Catcher"},{"floor":22,"key":"Potion Belt"},{"floor":26,"key":"Singing Bowl"}],"event_choices":[{"damage_healed":0,"gold_gain":0,"player_choice":"Ignored","damage_taken":0,"max_hp_gain":0,"max_hp_loss":0,"event_name":"Golden Wing","floor":2,"gold_loss":0},{"damage_healed":0,"gold_gain":0,"player_choice":"Upgraded","damage_taken":0,"max_hp_gain":0,"max_hp_loss":0,"event_name":"Upgrade Shrine","floor":10,"gold_loss":0,"cards_upgraded":["Loop"]},{"damage_healed":0,"gold_gain":0,"player_choice":"Fight","damage_taken":0,"max_hp_gain":0,"max_hp_loss":0,"event_name":"Colosseum","floor":19,"gold_loss":0},{"damage_healed":0,"gold_gain":0,"player_choice":"Fled From Nobs","damage_taken":0,"max_hp_gain":0,"max_hp_loss":0,"event_name":"Colosseum","floor":19,"gold_loss":0},{"damage_healed":0,"gold_gain":0,"player_choice":"Ignored","damage_taken":0,"max_hp_gain":0,"max_hp_loss":0,"event_name":"Vampires","floor":20,"gold_loss":0}],"is_beta":false,"boss_relics":[{"not_picked":["Velvet Choker","Black Star"],"picked":"Sozu"}],"items_purged_floors":[],"is_endless":false,"potions_floor_spawned":[1,5,11,12,14,24,27,29],"killed_by":"Gremlin Leader","ascension_level":0}