{"gold_per_floor":[113,113,288,563,563,589,77,77,77,105,9,72,105,125,125,222,222,239,259,0,0,20,47,10,29,52,52,78,93,123,135,135,239,239,259,1258,1268,733,733,733,767,767,791,819,819,829,855,869,869,869,869,869,417,451,451],"floor_reached":55,"playtime":4127,"items_purged":["Regret","Doubt","Normality","Normality"],"score":1204,"play_id":"3b551954-d14e-484a-8a9c-28d571e16f57","local_time":"20190304171523","is_ascension_mode":true,"campfire_choices":[{"data":"Accuracy","floor":15,"key":"SMITH"},{"floor":27,"key":"REST"},{"data":"Apotheosis","floor":32,"key":"SMITH"},{"data":"Infinite Blades","floor":40,"key":"SMITH"},{"floor":42,"key":"RECALL"},{"floor":45,"key":"DIG"},{"floor":49,"key":"DIG"},{"floor":52,"key":"DIG"}],"neow_cost":"NONE","seed_source_timestamp":263254839282844,"circlet_count":0,"master_deck":["Defend_G","Defend_G","Defend_G","Defend_G","Defend_G","Survivor","Neutralize","Backflip","Blade Dance","Accuracy+1","Burst","Finisher","Caltrops","Infinite Blades+1","Infinite Blades","Dagger Spray","Outmaneuver","Blade Dance","Phantasmal Killer","Dash","Backflip","Apotheosis+1","Backstab","Bite+1","Bite","Bite","Bite","Bite+1","PiercingWail+1","Concentrate","Slice+1","Corpse Explosion","Malaise+1","Escape Plan","Die Die Die","Dodge and Roll+1","Panache","Endless Agony","Good Instincts","Discovery","Dark Shackles","Cloak And Dagger","Envenom","Deflect","Deflect+1","PiercingWail","Infinite Blades","A Thousand Cuts"],"relics":["Ring of the Snake","NeowsBlessing","Juzu Bracelet","Blue Candle","Membership Card","Mummified Hand","Pear","Shovel","Du-Vu Doll","Paper Crane","Runic Pyramid","Calipers","Oddly Smooth Stone","Lantern","Dodecahedron","Orichalcum","Black Star","Shuriken","Meat on the Bone","Toy Ornithopter","Boot","Mercury Hourglass","Blood Vial","PreservedInsect","Dream Catcher","Bag of Marbles","Whetstone","Vajra","Ninja Scroll","Snake Skull","TwistedFunnel","Gremlin Horn","Happy Flower","War Paint"],"potions_floor_usage":[12,13,18,18,30,35,50,50,50,50,55,55,55],"damage_taken":[{"damage":0,"enemies":"Jaw Worm","floor":1,"turns":1},{"damage":0,"enemies":"3 Sentries","floor":6,"turns":2},{"damage":0,"enemies":"Gremlin Nob","floor":10,"turns":1},{"damage":0,"enemies":"3 Sentries","floor":12,"turns":5},{"damage":8,"enemies":"3 Sentries","floor":13,"turns":5},{"damage":0,"enemies":"Small Slimes","floor":14,"turns":2},{"damage":0,"enemies":"Slime Boss","floor":16,"turns":8},{"damage":0,"enemies":"2 Thieves","floor":18,"turns":4},{"damage":0,"enemies":"Chosen","floor":19,"turns":4},{"damage":33,"enemies":"Sentry and Sphere","floor":22,"turns":6},{"damage":12,"enemies":"Book of Stabbing","floor":23,"turns":3},{"damage":0,"enemies":"Snake Plant","floor":25,"turns":2},{"damage":11,"enemies":"Slavers","floor":28,"turns":7},{"damage":3,"enemies":"Shelled Parasite and Fungi","floor":29,"turns":4},{"damage":0,"enemies":"Gremlin Leader","floor":30,"turns":4},{"damage":0,"enemies":"Centurion and Healer","floor":31,"turns":5},{"damage":0,"enemies":"Champ","floor":33,"turns":8},{"damage":10,"enemies":"3 Shapes","floor":35,"turns":6},{"damage":2,"enemies":"3 Darklings","floor":37,"turns":4},{"damage":10,"enemies":"Reptomancer","floor":41,"turns":11},{"damage":3,"enemies":"Giant Head","floor":44,"turns":7},{"damage":1,"enemies":"4 Shapes","floor":46,"turns":4},{"damage":13,"enemies":"Reptomancer","floor":47,"turns":5},{"damage":1,"enemies":"Sphere and 2 Shapes","floor":48,"turns":7},{"damage":71,"enemies":"Time Eater","floor":50,"turns":8},{"damage":0,"enemies":"Shield and Spear","floor":54,"turns":2},{"damage":74,"enemies":"The Heart","floor":55,"turns":5}],"seed_played":"32691464720032885","potions_obtained":[{"floor":10,"key":"Strength Potion"},{"floor":12,"key":"Block Potion"},{"floor":16,"key":"Fire Potion"},{"floor":25,"key":"LiquidBronze"},{"floor":28,"key":"Explosive Potion"},{"floor":29,"key":"SteroidPotion"},{"floor":31,"key":"Regen Potion"},{"floor":41,"key":"EntropicBrew"}],"is_trial":false,"path_per_floor":["M","?","?","?","?","E","$","?","T","E","$","?","E","M","R","B",null,"M","M","$","?","M","E","$","M","T","R","E","M","E","M","R","B",null,"M","?","M","$","?","R","E","R","T","E","R","M","E","M","R","B",null,"R","$","E","B"],"character_chosen":"THE_SILENT","items_purchased":["Membership Card","Mummified Hand","Accuracy","Burst","Finisher","Infinite Blades","Explosive Potion","Apotheosis","Calipers","Backstab","GhostInAJar","Shuriken","Panache","Meat on the Bone","Toy Ornithopter","Endless Agony","Snake Skull","TwistedFunnel","Gremlin Horn","PiercingWail","Infinite Blades","Fire Potion"],"campfire_rested":1,"item_purchase_floors":[7,7,7,7,7,11,11,20,20,20,24,38,38,38,38,38,53,53,53,53,53,53],"current_hp_per_floor":[70,70,70,70,70,70,70,70,80,80,80,80,72,72,72,72,80,80,80,80,56,36,24,24,27,27,43,49,56,56,56,56,56,56,47,47,54,54,44,44,49,49,49,56,56,55,49,56,56,29,56,56,56,56,0],"gold":451,"neow_bonus":"THREE_ENEMY_KILL","is_prod":false,"is_daily":false,"chose_seed":false,"campfire_upgraded":3,"win_rate":0,"timestamp":1551737723,"path_taken":["M","?","?","?","?","E","$","?","T","E","$","?","E","M","R","BOSS","M","M","$","?","M","E","$","M","T","R","E","M","E","M","R","BOSS","M","?","M","$","?","R","E","R","T","E","R","M","E","M","R","BOSS","R","$","E","BOSS"],"build_version":"2019-02-06","purchased_purges":4,"victory":false,"max_hp_per_floor":[70,70,70,70,70,70,70,70,80,80,80,80,80,80,80,80,80,80,80,80,56,56,56,56,56,56,56,56,56,56,56,56,56,56,56,56,56,56,56,56,56,56,56,56,56,56,56,56,56,56,56,56,56,56,56],"card_choices":[{"not_picked":["Dodge and Roll","Quick Slash"],"picked":"Backflip","floor":1},{"not_picked":["Underhanded Strike","Heel Hook"],"picked":"Blade Dance","floor":6},{"not_picked":["Endless Agony","Setup"],"picked":"Infinite Blades","floor":10},{"not_picked":["Reflex","Deadly Poison"],"picked":"Dagger Spray","floor":12},{"not_picked":["Caltrops","Heel Hook"],"picked":"Outmaneuver","floor":13},{"not_picked":["Poisoned Stab","Bullet Time"],"picked":"Blade Dance","floor":14},{"not_picked":["Doppelganger","Unload"],"picked":"Phantasmal Killer","floor":16},{"not_picked":["Skewer","Terror"],"picked":"Dash","floor":18},{"not_picked":["Poisoned Stab","Dagger Spray"],"picked":"Backflip","floor":19},{"not_picked":["Flechettes+1","Flying Knee+1"],"picked":"PiercingWail","floor":22},{"not_picked":["Masterful Stab+1","Heel Hook"],"picked":"Concentrate","floor":23},{"not_picked":["Choke","Quick Slash"],"picked":"Slice+1","floor":25},{"not_picked":["Underhanded Strike","Concentrate","Bane"],"picked":"SKIP","floor":28},{"not_picked":["Escape Plan","Deadly Poison"],"picked":"Corpse Explosion","floor":29},{"not_picked":["Blade Dance","Underhanded Strike"],"picked":"Malaise","floor":30},{"not_picked":["Poisoned Stab+1","Concentrate+1"],"picked":"Escape Plan","floor":31},{"not_picked":["Grand Finale","Doppelganger"],"picked":"Die Die Die","floor":33},{"not_picked":["Dagger Spray+1","Concentrate","Predator"],"picked":"SKIP","floor":35},{"not_picked":["Slice+1","Choke+1"],"picked":"Dodge and Roll+1","floor":37},{"not_picked":["Thinking Ahead","Forethought"],"picked":"Good Instincts","floor":39},{"not_picked":["Swift Strike","Apotheosis"],"picked":"Discovery","floor":39},{"not_picked":["Transmutation","Finesse"],"picked":"Dark Shackles","floor":39},{"not_picked":["Choke+1","Reflex"],"picked":"Cloak And Dagger","floor":41},{"not_picked":["Acrobatics","Outmaneuver"],"picked":"Envenom","floor":44},{"not_picked":["Catalyst","Underhanded Strike+1","Deadly Poison"],"picked":"SKIP","floor":46},{"not_picked":["Quick Slash","Eviscerate+1"],"picked":"Deflect","floor":47},{"not_picked":["Well Laid Plans","Sucker Punch"],"picked":"Deflect+1","floor":48},{"not_picked":["Backstab+1","Slice"],"picked":"A Thousand Cuts","floor":54}],"player_experience":4791937,"relics_obtained":[{"floor":6,"key":"Blue Candle"},{"floor":9,"key":"Pear"},{"floor":10,"key":"Shovel"},{"floor":12,"key":"Du-Vu Doll"},{"floor":13,"key":"Paper Crane"},{"floor":23,"key":"Oddly Smooth Stone"},{"floor":26,"key":"Lantern"},{"floor":28,"key":"Dodecahedron"},{"floor":30,"key":"Orichalcum"},{"floor":41,"key":"Boot"},{"floor":41,"key":"Mercury Hourglass"},{"floor":44,"key":"Blood Vial"},{"floor":44,"key":"PreservedInsect"},{"floor":45,"key":"Dream Catcher"},{"floor":47,"key":"Bag of Marbles"},{"floor":47,"key":"Whetstone"},{"floor":49,"key":"Vajra"},{"floor":52,"key":"Ninja Scroll"},{"floor":54,"key":"Happy Flower"},{"floor":54,"key":"War Paint"}],"event_choices":[{"damage_healed":0,"gold_gain":0,"player_choice":"Box","damage_taken":0,"relics_obtained":["Juzu Bracelet"],"max_hp_gain":0,"max_hp_loss":0,"event_name":"Big Fish","floor":2,"gold_loss":0,"cards_obtained":["Regret"]},{"damage_healed":0,"gold_gain":175,"player_choice":"AGREE","damage_taken":0,"max_hp_gain":0,"max_hp_loss":0,"event_name":"Liars Game","floor":3,"gold_loss":0,"cards_obtained":["Doubt"]},{"damage_healed":0,"gold_gain":275,"player_choice":"Desecrate","damage_taken":0,"max_hp_gain":0,"max_hp_loss":0,"event_name":"Golden Shrine","floor":4,"gold_loss":0,"cards_obtained":["Regret"]},{"cards_removed":["Regret"],"damage_healed":0,"gold_gain":0,"player_choice":"Forget","damage_taken":0,"max_hp_gain":0,"max_hp_loss":0,"event_name":"Living Wall","floor":5,"gold_loss":0},{"damage_healed":0,"gold_gain":0,"cards_transformed":["Strike_G"],"player_choice":"Transformed","damage_taken":0,"max_hp_gain":0,"max_hp_loss":0,"event_name":"Transmorgrifier","floor":8,"gold_loss":0,"cards_obtained":["Caltrops"]},{"damage_healed":0,"gold_gain":30,"player_choice":"Searched \u00273\u0027 times","damage_taken":0,"max_hp_gain":0,"max_hp_loss":0,"event_name":"Dead Adventurer","floor":12,"gold_loss":0},{"damage_healed":0,"gold_gain":0,"player_choice":"Became a vampire","damage_taken":0,"max_hp_gain":0,"max_hp_loss":24,"event_name":"Vampires","floor":21,"gold_loss":0,"cards_obtained":["Bite","Bite","Bite","Bite","Bite"]},{"damage_healed":0,"gold_gain":999,"player_choice":"Gold","damage_taken":0,"max_hp_gain":0,"max_hp_loss":0,"event_name":"MindBloom","floor":36,"gold_loss":0,"cards_obtained":["Normality","Normality"]},{"damage_healed":0,"gold_gain":0,"player_choice":"Memory 3","damage_taken":10,"max_hp_gain":0,"max_hp_loss":0,"event_name":"SensoryStone","floor":39,"gold_loss":0}],"is_beta":true,"boss_relics":[{"not_picked":["Lizard Tail","Eternal Feather"],"picked":"Runic Pyramid"},{"not_picked":["Empty Cage","Velvet Choker"],"picked":"Black Star"}],"items_purged_floors":[7,11,38,53],"is_endless":false,"potions_floor_spawned":[10,12,16,25,28,29,31,41,44,48],"killed_by":"The Heart","ascension_level":1}