{"gold_per_floor":[112,128,146,158,175,175,202,202,229,256,272,123,135,146,146,249,249,215,234,250,250,97,97,112,112,112,144,144],"floor_reached":28,"playtime":936,"items_purged":[],"score":317,"play_id":"15b229ae-9110-444d-be44-b67866d5943a","local_time":"20181229195729","is_ascension_mode":true,"campfire_choices":[{"data":"Fire Breathing","floor":6,"key":"SMITH"},{"data":"Anger","floor":8,"key":"SMITH"},{"data":"Armaments","floor":15,"key":"SMITH"},{"floor":23,"key":"REST"},{"floor":25,"key":"REST"}],"neow_cost":"NONE","seed_source_timestamp":689094801175303,"circlet_count":0,"master_deck":["Strike_R","Strike_R","Strike_R","Strike_R","Strike_R","Defend_R","Defend_R","Defend_R","Defend_R","Bash","Anger","Anger+1","Thunderclap","Fire Breathing+1","Clash","Uppercut","True Grit","Sword Boomerang","Clash","Shrug It Off","Armaments+1","Flex","Shrug It Off","Impervious","Headbutt+1","Twin Strike+1","Inflame","Bash","Fiend Fire","Flex","Pummel","Inflame"],"relics":["Burning Blood","Potion Belt","Happy Flower","Odd Mushroom","Mark of Pain","Blood Vial","Darkstone Periapt","Art of War"],"potions_floor_usage":[16,24,27,27,27],"damage_taken":[{"damage":2,"enemies":"Small Slimes","floor":1,"turns":4},{"damage":7,"enemies":"Jaw Worm","floor":2,"turns":2},{"damage":0,"enemies":"Cultist","floor":3,"turns":3},{"damage":11,"enemies":"Blue Slaver","floor":4,"turns":4},{"damage":2,"enemies":"3 Louse","floor":5,"turns":3},{"damage":8,"enemies":"Gremlin Nob","floor":7,"turns":3},{"damage":14,"enemies":"The Mushroom Lair","floor":10,"turns":3},{"damage":0,"enemies":"2 Fungi Beasts","floor":11,"turns":2},{"damage":1,"enemies":"Lots of Slimes","floor":13,"turns":3},{"damage":16,"enemies":"Exordium Wildlife","floor":14,"turns":2},{"damage":57,"enemies":"Hexaghost","floor":16,"turns":9},{"damage":10,"enemies":"2 Thieves","floor":18,"turns":5},{"damage":27,"enemies":"Shell Parasite","floor":19,"turns":7},{"damage":25,"enemies":"Snake Plant","floor":20,"turns":3},{"damage":23,"enemies":"Centurion and Healer","floor":24,"turns":5},{"damage":25,"enemies":"Slavers","floor":27,"turns":3},{"damage":56,"enemies":"Cultist and Chosen","floor":28,"turns":6}],"seed_played":"-762776033172968731","potions_obtained":[{"floor":4,"key":"Swift Potion"},{"floor":5,"key":"SteroidPotion"},{"floor":11,"key":"SpeedPotion"},{"floor":13,"key":"Ancient Potion"},{"floor":16,"key":"Weak Potion"},{"floor":19,"key":"Weak Potion"},{"floor":24,"key":"Dexterity Potion"}],"is_trial":false,"path_per_floor":["M","M","M","M","M","R","E","R","T","?","M","$","M","M","R","B",null,"M","M","M","?","$","R","M","R","T","E","M"],"character_chosen":"IRONCLAD","items_purchased":["Clash","Shrug It Off","Armaments","Blood Vial"],"campfire_rested":2,"item_purchase_floors":[12,12,12,22],"current_hp_per_floor":[84,83,88,83,87,87,85,85,85,77,83,83,88,78,78,27,73,69,48,29,29,29,55,40,66,66,49,0],"gold":144,"neow_bonus":"TEN_PERCENT_HP_BONUS","is_prod":false,"is_daily":false,"chose_seed":false,"campfire_upgraded":3,"win_rate":0,"timestamp":1546124249,"path_taken":["M","M","M","M","M","R","E","R","T","?","M","?","M","M","R","BOSS","M","M","M","?","$","R","M","R","T","E","M"],"build_version":"2018-12-20","purchased_purges":0,"victory":false,"max_hp_per_floor":[88,88,88,88,88,88,88,88,88,88,88,88,88,88,88,88,88,88,88,88,88,88,88,88,88,88,88,88],"card_choices":[{"not_picked":["Warcry","Heavy Blade"],"picked":"Anger","floor":1},{"not_picked":["Havoc","Combust"],"picked":"Anger","floor":2},{"not_picked":["Cleave","Heavy Blade"],"picked":"Thunderclap","floor":3},{"not_picked":["Shrug It Off","Armaments"],"picked":"Fire Breathing","floor":4},{"not_picked":["Sever Soul","Evolve"],"picked":"Clash","floor":5},{"not_picked":["Headbutt","Exhume"],"picked":"Uppercut","floor":7},{"not_picked":["Perfected Strike","Clothesline"],"picked":"True Grit","floor":10},{"not_picked":["Pommel Strike","Clothesline"],"picked":"Sword Boomerang","floor":11},{"not_picked":["Heavy Blade","Dual Wield"],"picked":"Flex","floor":13},{"not_picked":["Blood for Blood","Berserk"],"picked":"Shrug It Off","floor":14},{"not_picked":["Juggernaut","Brutality"],"picked":"Impervious","floor":16},{"not_picked":["Twin Strike","Disarm+1"],"picked":"Headbutt+1","floor":18},{"not_picked":["Cleave","Burning Pact"],"picked":"Twin Strike+1","floor":19},{"not_picked":["Clash","Second Wind+1"],"picked":"Inflame","floor":20},{"not_picked":["Perfected Strike","True Grit"],"picked":"Pummel","floor":24},{"not_picked":["Flex+1","Brutality"],"picked":"Inflame","floor":27}],"player_experience":561610,"relics_obtained":[{"floor":7,"key":"Potion Belt"},{"floor":9,"key":"Happy Flower"},{"floor":10,"key":"Odd Mushroom"},{"floor":26,"key":"Darkstone Periapt"},{"floor":27,"key":"Art of War"}],"event_choices":[{"damage_healed":0,"gold_gain":0,"player_choice":"Fought Mushrooms","damage_taken":0,"max_hp_gain":0,"max_hp_loss":0,"event_name":"Mushrooms","floor":10,"gold_loss":0},{"damage_healed":0,"gold_gain":0,"player_choice":"3 cards matched","damage_taken":0,"max_hp_gain":0,"max_hp_loss":0,"event_name":"Match and Keep!","floor":21,"gold_loss":0,"cards_obtained":["Bash","Fiend Fire","Flex"]}],"is_beta":false,"boss_relics":[{"not_picked":["Lizard Tail","Fusion Hammer"],"picked":"Mark of Pain"}],"items_purged_floors":[],"is_endless":false,"potions_floor_spawned":[4,5,11,13,16,19,20,24],"killed_by":"Cultist and Chosen","ascension_level":6}