{"gold_per_floor":[118,393,413,28,46,80,9,9,9,9,36,53,67,0,0,98,98,23,23,23,23,23,23,23,23,23,23,23,23,23,23,23,23,23,23,23,23,23,23,23,23,23,23,23,23,23,23,23,23,23],"floor_reached":50,"playtime":2511,"items_purged":["Regret"],"score":716,"play_id":"6c4ec302-0891-4ec5-b6fc-00a9c9a1dda7","local_time":"20190304024343","is_ascension_mode":true,"campfire_choices":[{"data":"Defragment","floor":8,"key":"SMITH"},{"floor":10,"key":"REST"},{"floor":15,"key":"REST"},{"data":"Storm","floor":24,"key":"SMITH"},{"floor":28,"key":"REST"},{"floor":32,"key":"RECALL"},{"floor":40,"key":"REST"},{"data":"Buffer","floor":42,"key":"SMITH"},{"data":"Creative AI","floor":46,"key":"SMITH"},{"data":"Loop","floor":49,"key":"SMITH"}],"neow_cost":"NONE","seed_source_timestamp":1514101038562098,"circlet_count":0,"master_deck":["Strike_B","Strike_B","Strike_B","Defend_B","Defend_B","Defend_B","Defend_B","Zap","Dualcast","Conserve Battery","Coolheaded","Conserve Battery","Defragment+1","Cold Snap","Go for the Eyes","Cold Snap","Storm+1","Buffer+1","Loop+1","Chill+1","Turbo+1","Beam Cell","Go for the Eyes","Reboot","Hologram+1","Creative AI+1","Storm+1"],"relics":["Cracked Core","NeowsBlessing","Bird Faced Urn","Gambling Chip","Kunai","Happy Flower","Ectoplasm","Enchiridion","Orichalcum","Singing Bowl","Centennial Puzzle","Inserter","Bottled Tornado"],"potions_floor_usage":[6,11,50],"damage_taken":[{"damage":0,"enemies":"2 Louse","floor":1,"turns":1},{"damage":0,"enemies":"Cultist","floor":3,"turns":1},{"damage":0,"enemies":"Jaw Worm","floor":5,"turns":1},{"damage":49,"enemies":"Gremlin Nob","floor":6,"turns":5},{"damage":14,"enemies":"Lagavulin","floor":11,"turns":6},{"damage":2,"enemies":"Exordium Thugs","floor":12,"turns":4},{"damage":2,"enemies":"Blue Slaver","floor":13,"turns":4},{"damage":14,"enemies":"The Guardian","floor":16,"turns":14},{"damage":12,"enemies":"2 Thieves","floor":18,"turns":5},{"damage":0,"enemies":"Chosen","floor":19,"turns":7},{"damage":11,"enemies":"Sentry and Sphere","floor":20,"turns":6},{"damage":16,"enemies":"Book of Stabbing","floor":23,"turns":9},{"damage":12,"enemies":"Snake Plant","floor":25,"turns":5},{"damage":28,"enemies":"Slavers","floor":27,"turns":6},{"damage":0,"enemies":"Shelled Parasite and Fungi","floor":29,"turns":6},{"damage":1,"enemies":"Sentry and Sphere","floor":31,"turns":4},{"damage":53,"enemies":"Champ","floor":33,"turns":13},{"damage":12,"enemies":"3 Darklings","floor":35,"turns":7},{"damage":22,"enemies":"3 Shapes","floor":36,"turns":5},{"damage":25,"enemies":"Spire Growth","floor":37,"turns":5},{"damage":36,"enemies":"4 Shapes","floor":38,"turns":6},{"damage":7,"enemies":"Maw","floor":41,"turns":6},{"damage":3,"enemies":"Spire Growth","floor":44,"turns":5},{"damage":0,"enemies":"Transient","floor":47,"turns":5},{"damage":115,"enemies":"Awakened One","floor":50,"turns":11}],"seed_played":"6496651282571344385","potions_obtained":[{"floor":3,"key":"Poison Potion"},{"floor":5,"key":"Dexterity Potion"},{"floor":16,"key":"Energy Potion"},{"floor":19,"key":"Dexterity Potion"},{"floor":23,"key":"Dexterity Potion"},{"floor":33,"key":"PowerPotion"}],"is_trial":false,"path_per_floor":["M","?","M","$","M","E","$","R","T","R","E","M","M","$","R","B",null,"M","M","M","?","$","E","R","M","T","E","R","M","?","M","R","B",null,"M","M","M","M","?","R","M","R","T","M","$","R","M","?","R","B"],"character_chosen":"DEFECT","items_purchased":["Bird Faced Urn","Defragment","Storm"],"campfire_rested":4,"item_purchase_floors":[4,7,14],"current_hp_per_floor":[68,68,68,68,68,19,19,19,19,41,29,29,29,29,51,41,67,59,65,60,44,44,38,38,36,36,20,43,65,65,74,74,30,67,65,51,52,34,34,58,77,77,77,85,85,85,87,87,87,0],"gold":23,"neow_bonus":"THREE_ENEMY_KILL","is_prod":false,"is_daily":false,"chose_seed":false,"campfire_upgraded":5,"win_rate":0,"timestamp":1551678223,"path_taken":["M","?","M","$","?","E","?","R","T","R","E","M","M","$","R","BOSS","M","?","M","?","?","E","R","M","T","E","R","M","?","?","R","BOSS","M","M","M","M","?","R","M","R","T","?","$","R","M","?","R","BOSS"],"build_version":"2019-01-23","purchased_purges":1,"victory":false,"max_hp_per_floor":[75,75,75,75,75,75,75,75,75,75,75,75,75,75,75,75,75,75,75,75,75,75,75,75,75,75,77,77,79,79,79,79,79,79,79,79,81,83,83,83,85,85,85,85,85,85,87,87,87,87],"card_choices":[{"not_picked":["Rebound","Blizzard"],"picked":"Conserve Battery","floor":1},{"not_picked":["Barrage","Tempest"],"picked":"Coolheaded","floor":3},{"not_picked":["Turbo","Reprogram"],"picked":"Go for the Eyes","floor":5},{"not_picked":["Static Discharge","Rebound"],"picked":"Conserve Battery","floor":6},{"not_picked":["Aggregate","Redo"],"picked":"Cold Snap","floor":11},{"not_picked":["Cold Snap","Reprogram"],"picked":"Go for the Eyes","floor":12},{"not_picked":["Redo","Fusion"],"picked":"Cold Snap","floor":13},{"not_picked":["Meteor Strike","Fission"],"picked":"Buffer","floor":16},{"not_picked":["Gash","Scrape","Reinforced Body"],"picked":"SKIP","floor":18},{"not_picked":["Tempest","Redo","Streamline+1"],"picked":"SKIP","floor":19},{"not_picked":["Aggregate","Hologram"],"picked":"Loop","floor":20},{"not_picked":["Melter","Beam Cell"],"picked":"Chill+1","floor":23},{"not_picked":["Hologram","Leap"],"picked":"Turbo+1","floor":25},{"not_picked":["Sunder+1","Gash","Stack"],"picked":"Singing Bowl","floor":27},{"not_picked":["Stack","Reinforced Body","Core Surge"],"picked":"Singing Bowl","floor":29},{"not_picked":["Tempest","Turbo"],"picked":"Go for the Eyes","floor":31},{"not_picked":["Hyperbeam","Multi-Cast"],"picked":"Reboot","floor":33},{"not_picked":["Go for the Eyes+1","Leap+1"],"picked":"Hologram+1","floor":35},{"not_picked":["Ball Lightning+1","Streamline+1"],"picked":"Creative AI","floor":36},{"not_picked":["Redo","Tempest","Coolheaded"],"picked":"Singing Bowl","floor":37},{"not_picked":["Force Field+1","Coolheaded+1","Lockon+1"],"picked":"Singing Bowl","floor":38},{"not_picked":["Reinforced Body+1","Steam","Stack+1"],"picked":"Singing Bowl","floor":41},{"not_picked":["Undo","Barrage+1"],"picked":"Storm+1","floor":44},{"not_picked":["Beam Cell","Reinforced Body","Hello World+1"],"picked":"Singing Bowl","floor":47}],"player_experience":886788,"relics_obtained":[{"floor":6,"key":"Gambling Chip"},{"floor":9,"key":"Kunai"},{"floor":11,"key":"Happy Flower"},{"floor":21,"key":"Enchiridion"},{"floor":23,"key":"Orichalcum"},{"floor":26,"key":"Singing Bowl"},{"floor":27,"key":"Centennial Puzzle"},{"floor":43,"key":"Bottled Tornado"}],"event_choices":[{"damage_healed":0,"gold_gain":275,"player_choice":"Desecrate","damage_taken":0,"max_hp_gain":0,"max_hp_loss":0,"event_name":"Golden Shrine","floor":2,"gold_loss":0,"cards_obtained":["Regret"]},{"damage_healed":0,"gold_gain":0,"player_choice":"Obtained Book","damage_taken":16,"max_hp_gain":0,"max_hp_loss":0,"event_name":"Cursed Tome","floor":21,"gold_loss":0},{"damage_healed":0,"gold_gain":0,"cards_transformed":["Strike_B"],"player_choice":"Transformed","damage_taken":0,"max_hp_gain":0,"max_hp_loss":0,"event_name":"Transmorgrifier","floor":30,"gold_loss":0,"cards_obtained":["Beam Cell"]},{"damage_healed":0,"gold_gain":300,"player_choice":"Gold","damage_taken":0,"max_hp_gain":0,"max_hp_loss":0,"event_name":"Wheel of Change","floor":39,"gold_loss":0},{"cards_removed":["Go for the Eyes"],"damage_healed":0,"gold_gain":0,"player_choice":"Removed Attack","damage_taken":0,"max_hp_gain":0,"max_hp_loss":0,"event_name":"Falling","floor":48,"gold_loss":0}],"is_beta":false,"boss_relics":[{"not_picked":["Orrery","Calling Bell"],"picked":"Ectoplasm"},{"not_picked":["Fusion Hammer","Lizard Tail"],"picked":"Inserter"}],"items_purged_floors":[4],"is_endless":false,"potions_floor_spawned":[3,5,16,19,23,25,27,33,37,44],"killed_by":"Awakened One","ascension_level":9}