{"gold_per_floor":[113,113,125,23,35,65,81,106,106,381,411,19,19,34,34,109,109,121,41,57,74,74,86,108,120,132,161,173,75,99,144,156,242,254,280,30,30,46,63,63,75,88,157,157,172,272,289,289,289,289],"floor_reached":51,"playtime":2816,"items_purged":["Regret","Strike_R"],"score":1216,"play_id":"7a9abd65-ead2-4bb6-8191-2d07310c6b3a","local_time":"20190204164140","is_ascension_mode":true,"campfire_choices":[{"data":"Inflame","floor":13,"key":"SMITH"},{"floor":15,"key":"REST"},{"data":"Limit Break","floor":23,"key":"SMITH"},{"data":"Whirlwind","floor":25,"key":"SMITH"},{"floor":28,"key":"REST"},{"data":"Clothesline","floor":32,"key":"SMITH"},{"floor":40,"key":"REST"},{"floor":44,"key":"REST"},{"floor":49,"key":"REST"}],"neow_cost":"PERCENT_DAMAGE","seed_source_timestamp":21396876141299,"circlet_count":0,"master_deck":["AscendersBane","Strike_R","Defend_R","Defend_R","Defend_R+1","Defend_R","Bash","Inflame+1","Clothesline+1","Cleave","Shrug It Off+1","Battle Trance","Whirlwind+1","Fiend Fire","Master of Strategy+1","Offering","Limit Break+1","Double Tap","Disarm+1","Headbutt","Brutality","Exhume","Havoc+1","Disarm","Bloodletting+1","Shrug It Off","Exhume","Purity"],"relics":["Burning Blood","Self Forming Clay","War Paint","Oddly Smooth Stone","The Courier","Philosopher\u0027s Stone","MawBank","Matryoshka","Vajra","Runic Pyramid","Sundial","Darkstone Periapt","Bottled Lightning","Calipers"],"potions_floor_usage":[6,7,8,31,31,33,38,41,41,50,50],"damage_taken":[{"damage":1,"enemies":"Small Slimes","floor":1,"turns":4},{"damage":2,"enemies":"Jaw Worm","floor":3,"turns":3},{"damage":0,"enemies":"Cultist","floor":5,"turns":3},{"damage":26,"enemies":"Lagavulin","floor":6,"turns":10},{"damage":5,"enemies":"Gremlin Gang","floor":7,"turns":5},{"damage":28,"enemies":"Gremlin Nob","floor":8,"turns":5},{"damage":21,"enemies":"3 Sentries","floor":11,"turns":5},{"damage":12,"enemies":"Exordium Thugs","floor":14,"turns":4},{"damage":20,"enemies":"Hexaghost","floor":16,"turns":8},{"damage":14,"enemies":"Chosen","floor":18,"turns":3},{"damage":6,"enemies":"Spheric Guardian","floor":20,"turns":3},{"damage":0,"enemies":"Centurion and Healer","floor":21,"turns":5},{"damage":16,"enemies":"Chosen and Byrds","floor":24,"turns":4},{"damage":18,"enemies":"Snake Plant","floor":27,"turns":4},{"damage":6,"enemies":"3 Cultists","floor":30,"turns":2},{"damage":9,"enemies":"Book of Stabbing","floor":31,"turns":4},{"damage":32,"enemies":"Automaton","floor":33,"turns":6},{"damage":16,"enemies":"3 Darklings","floor":35,"turns":4},{"damage":17,"enemies":"3 Shapes","floor":38,"turns":4},{"damage":21,"enemies":"Writhing Mass","floor":39,"turns":5},{"damage":20,"enemies":"3 Darklings","floor":41,"turns":2},{"damage":11,"enemies":"Sphere and 2 Shapes","floor":42,"turns":4},{"damage":6,"enemies":"Spire Growth","floor":45,"turns":2},{"damage":6,"enemies":"Mind Bloom Boss Battle","floor":46,"turns":5},{"damage":13,"enemies":"Maw","floor":47,"turns":5},{"damage":35,"enemies":"Awakened One","floor":50,"turns":7}],"seed_played":"9014456725531522562","potions_obtained":[{"floor":5,"key":"EssenceOfSteel"},{"floor":6,"key":"Swift Potion"},{"floor":14,"key":"Explosive Potion"},{"floor":20,"key":"LiquidBronze"},{"floor":21,"key":"Regen Potion"},{"floor":31,"key":"Block Potion"},{"floor":33,"key":"Energy Potion"},{"floor":38,"key":"GamblersBrew"},{"floor":41,"key":"SpeedPotion"},{"floor":42,"key":"Ancient Potion"}],"is_trial":false,"path_per_floor":["M","?","M","$","M","E","M","E","T","?","E","$","R","M","R","B",null,"M","$","M","M","T","R","M","R","T","M","R","?","M","E","R","B",null,"M","$","?","M","M","R","M","M","T","R","M","?","M","?","R","B",null],"character_chosen":"IRONCLAD","items_purchased":["Cleave","PowerPotion","Master of Strategy","Offering","Limit Break","Sundial","Regen Potion"],"campfire_rested":5,"item_purchase_floors":[4,4,12,12,12,36,36],"current_hp_per_floor":[55,60,64,64,70,50,51,29,29,29,14,14,14,8,32,18,65,57,57,57,63,63,63,53,53,53,41,65,65,65,71,71,45,71,61,61,61,50,35,59,50,45,45,69,69,69,62,57,80,51],"gold":289,"neow_bonus":"REMOVE_TWO","is_prod":false,"is_daily":false,"chose_seed":false,"campfire_upgraded":4,"win_rate":0,"timestamp":1549298500,"path_taken":["M","?","M","$","M","E","M","E","T","?","E","$","R","?","R","BOSS","M","$","M","?","?","R","M","R","T","M","R","?","?","E","R","BOSS","M","$","?","?","M","R","M","M","T","R","M","?","M","?","R","BOSS"],"build_version":"2019-01-23","purchased_purges":2,"victory":true,"max_hp_per_floor":[75,80,80,80,80,80,80,80,80,80,80,80,80,80,80,80,80,80,80,80,80,80,80,80,80,80,80,80,80,80,80,80,80,80,80,80,80,80,80,80,80,80,80,80,80,80,80,80,80,80],"card_choices":[{"not_picked":["Shrug It Off","Armaments"],"picked":"Inflame","floor":1},{"not_picked":["Wild Strike","Seeing Red"],"picked":"Clothesline","floor":3},{"not_picked":["Power Through","Headbutt"],"picked":"Shrug It Off","floor":5},{"not_picked":["Double Tap","Fire Breathing"],"picked":"Battle Trance","floor":6},{"not_picked":["Clash","Heavy Blade"],"picked":"Whirlwind","floor":7},{"not_picked":["Inflame","Headbutt"],"picked":"Fiend Fire","floor":8},{"not_picked":["Headbutt","Shrug It Off","Perfected Strike"],"picked":"SKIP","floor":11},{"not_picked":["Twin Strike","Searing Blow","Thunderclap"],"picked":"SKIP","floor":14},{"not_picked":["Offering","Brutality"],"picked":"Double Tap","floor":16},{"not_picked":["Evolve","Cleave"],"picked":"Disarm","floor":18},{"not_picked":["Twin Strike","Anger"],"picked":"Headbutt","floor":20},{"not_picked":["Headbutt","True Grit","Body Slam"],"picked":"SKIP","floor":21},{"not_picked":["Armaments","Wild Strike","Twin Strike"],"picked":"SKIP","floor":24},{"not_picked":["Hemokinesis","Clash","Rampage"],"picked":"SKIP","floor":27},{"not_picked":["Flex","Sentinel","Iron Wave"],"picked":"SKIP","floor":30},{"not_picked":["Armaments","Exhume"],"picked":"Brutality","floor":31},{"not_picked":["Barricade","Impervious"],"picked":"Exhume","floor":33},{"not_picked":["Perfected Strike","Whirlwind","Warcry"],"picked":"SKIP","floor":35},{"not_picked":["Twin Strike","Hemokinesis+1"],"picked":"Havoc+1","floor":38},{"not_picked":["Havoc","Body Slam","Thunderclap"],"picked":"SKIP","floor":39},{"not_picked":["Blood for Blood","Intimidate"],"picked":"Disarm","floor":41},{"not_picked":["Warcry","Sword Boomerang"],"picked":"Bloodletting+1","floor":42},{"not_picked":["Shrug It Off","Iron Wave","Pommel Strike"],"picked":"SKIP","floor":45},{"not_picked":["Iron Wave","Pommel Strike"],"picked":"Shrug It Off","floor":45},{"not_picked":["Blood for Blood","Reckless Charge"],"picked":"Exhume","floor":47},{"not_picked":["Discovery","Good Instincts"],"picked":"Purity","floor":48}],"player_experience":831786,"relics_obtained":[{"floor":6,"key":"Self Forming Clay"},{"floor":8,"key":"War Paint"},{"floor":9,"key":"Oddly Smooth Stone"},{"floor":11,"key":"The Courier"},{"floor":22,"key":"MawBank"},{"floor":26,"key":"Matryoshka"},{"floor":31,"key":"Vajra"},{"floor":43,"key":"Darkstone Periapt"},{"floor":43,"key":"Bottled Lightning"},{"floor":46,"key":"Calipers"}],"event_choices":[{"damage_healed":0,"gold_gain":0,"player_choice":"Donut","damage_taken":0,"max_hp_gain":5,"max_hp_loss":0,"event_name":"Big Fish","floor":2,"gold_loss":0},{"damage_healed":0,"gold_gain":275,"player_choice":"Desecrate","damage_taken":0,"max_hp_gain":0,"max_hp_loss":0,"event_name":"Golden Shrine","floor":10,"gold_loss":0,"cards_obtained":["Regret"]},{"cards_removed":["Strike_R"],"damage_healed":0,"gold_gain":0,"player_choice":"Upgrade and Remove","damage_taken":0,"max_hp_gain":0,"max_hp_loss":0,"event_name":"Designer","floor":29,"gold_loss":110,"cards_upgraded":["Master of Strategy"]},{"damage_healed":0,"gold_gain":0,"player_choice":"Upgraded","damage_taken":0,"max_hp_gain":0,"max_hp_loss":0,"event_name":"Upgrade Shrine","floor":37,"gold_loss":0,"cards_upgraded":["Disarm"]},{"damage_healed":0,"gold_gain":0,"player_choice":"Fight","damage_taken":0,"max_hp_gain":0,"max_hp_loss":0,"event_name":"MindBloom","floor":46,"gold_loss":0},{"damage_healed":0,"gold_gain":0,"player_choice":"Memory 2","damage_taken":5,"max_hp_gain":0,"max_hp_loss":0,"event_name":"SensoryStone","floor":48,"gold_loss":0}],"is_beta":true,"boss_relics":[{"not_picked":["Velvet Choker","Mark of Pain"],"picked":"Philosopher\u0027s Stone"},{"not_picked":["Calling Bell","Orrery"],"picked":"Runic Pyramid"}],"items_purged_floors":[12,19],"is_endless":false,"potions_floor_spawned":[5,6,14,20,21,27,31,33,38,41,42,46],"ascension_level":15}