{"gold_per_floor":[110,110,120,120,139,139,174,194,194,206,206,206,531,511,511,606,606,623,641,42,62,72,97,111,139,139,139,158,178,204,216,216,316,316,332,350,367,119,137,169,184,184,184,195,224,80,113,165,165,165,165,165,85,114,114],"floor_reached":55,"playtime":5286,"items_purged":["Strike_B","Defend_B"],"score":1191,"play_id":"4e591bed-5ade-43a8-990f-76d3c3797fed","local_time":"20190514212003","is_ascension_mode":true,"campfire_choices":[{"data":"Zap","floor":6,"key":"SMITH"},{"data":"Self Repair","floor":12,"key":"SMITH"},{"data":"Dualcast","floor":15,"key":"SMITH"},{"data":"Buffer","floor":27,"key":"SMITH"},{"data":"Echo Form","floor":32,"key":"SMITH"},{"floor":49,"key":"RECALL"},{"data":"Buffer","floor":52,"key":"SMITH"}],"neow_cost":"NONE","seed_source_timestamp":2251035347212101,"circlet_count":0,"master_deck":["Defend_B","Defend_B","Zap+1","Dualcast+1","Coolheaded+1","Storm","Ball Lightning","Chill+1","Static Discharge","Self Repair+1","Ball Lightning","Buffer+1","Storm+1","Coolheaded+1","Hyperbeam+1","Buffer+1","Capacitor","Force Field","Force Field+1","Rebound+1","Lockon+1","Creative AI","Echo Form+1","Hologram","Thunder Strike","Stack+1","Redo+1","Steam Power+1","Conserve Battery","Heatsinks","Capacitor"],"relics":["Cracked Core","Pocketwatch","FossilizedHelix","Old Coin","Astrolabe","OrangePellets","Cables","Orichalcum","Incense Burner","Gambling Chip","Oddly Smooth Stone","Sozu","Anchor","Pen Nib","DataDisk","Mercury Hourglass","Juzu Bracelet","Bird Faced Urn","War Paint"],"potions_floor_usage":[19,22,25,36,54,55],"damage_taken":[{"damage":4,"enemies":"Jaw Worm","floor":1,"turns":5},{"damage":3,"enemies":"Small Slimes","floor":3,"turns":4},{"damage":6,"enemies":"Cultist","floor":5,"turns":5},{"damage":23,"enemies":"Lagavulin","floor":7,"turns":5},{"damage":3,"enemies":"Large Slime","floor":8,"turns":5},{"damage":0,"enemies":"Looter","floor":10,"turns":3},{"damage":14,"enemies":"Gremlin Nob","floor":13,"turns":4},{"damage":24,"enemies":"The Guardian","floor":16,"turns":10},{"damage":5,"enemies":"3 Byrds","floor":18,"turns":2},{"damage":11,"enemies":"2 Thieves","floor":19,"turns":3},{"damage":8,"enemies":"Shelled Parasite and Fungi","floor":21,"turns":6},{"damage":0,"enemies":"Cultist and Chosen","floor":22,"turns":4},{"damage":18,"enemies":"Book of Stabbing","floor":23,"turns":5},{"damage":1,"enemies":"Centurion and Healer","floor":24,"turns":8},{"damage":25,"enemies":"Slavers","floor":25,"turns":5},{"damage":0,"enemies":"Snecko","floor":28,"turns":3},{"damage":0,"enemies":"3 Cultists","floor":29,"turns":4},{"damage":18,"enemies":"Book of Stabbing","floor":30,"turns":6},{"damage":15,"enemies":"Centurion and Healer","floor":31,"turns":5},{"damage":0,"enemies":"Champ","floor":33,"turns":8},{"damage":0,"enemies":"Orb Walker","floor":35,"turns":3},{"damage":22,"enemies":"3 Darklings","floor":36,"turns":4},{"damage":0,"enemies":"Spire Growth","floor":37,"turns":5},{"damage":9,"enemies":"4 Shapes","floor":39,"turns":5},{"damage":0,"enemies":"Nemesis","floor":40,"turns":9},{"damage":0,"enemies":"Jaw Worm Horde","floor":41,"turns":4},{"damage":26,"enemies":"Sphere and 2 Shapes","floor":44,"turns":5},{"damage":7,"enemies":"Reptomancer","floor":45,"turns":6},{"damage":0,"enemies":"Giant Head","floor":47,"turns":7},{"damage":51,"enemies":"2 Orb Walkers","floor":48,"turns":4},{"damage":0,"enemies":"Donu and Deca","floor":50,"turns":8},{"damage":30,"enemies":"Shield and Spear","floor":54,"turns":5},{"damage":111,"enemies":"The Heart","floor":55,"turns":8}],"seed_played":"-3133966015397719713","potions_obtained":[{"floor":3,"key":"SteroidPotion"},{"floor":10,"key":"FocusPotion"},{"floor":14,"key":"FearPotion"},{"floor":16,"key":"Explosive Potion"},{"floor":21,"key":"GamblersBrew"},{"floor":22,"key":"Regen Potion"},{"floor":25,"key":"GamblersBrew"},{"floor":29,"key":"Energy Potion"}],"is_trial":false,"path_per_floor":["M","?","M","?","M","R","E","M","T","M","?","R","E","?","R","B",null,"M","M","$","M","M","E","M","E","T","R","M","M","E","M","R","B",null,"M","M","M","$","M","E","M","?","T","M","E","?","E","?","R","B",null,"R","$","E","B"],"character_chosen":"DEFECT","items_purchased":["Capacitor","OrangePellets","Cables","Anchor","Heatsinks"],"campfire_rested":0,"item_purchase_floors":[20,20,20,38,53],"current_hp_per_floor":[78,83,80,80,74,74,51,48,48,48,41,41,37,37,37,23,71,76,65,65,67,77,59,68,53,53,53,63,73,65,70,70,80,85,87,75,85,85,76,86,87,87,87,71,74,74,87,46,46,78,85,85,85,80,0],"gold":114,"neow_bonus":"TEN_PERCENT_HP_BONUS","is_prod":false,"is_daily":false,"chose_seed":false,"campfire_upgraded":6,"win_rate":0,"timestamp":1557886803,"path_taken":["M","?","M","?","M","R","E","?","T","M","?","R","E","?","R","BOSS","M","M","$","M","M","E","M","E","T","R","M","M","E","?","R","BOSS","M","M","M","$","M","E","M","?","T","?","E","?","E","?","R","BOSS","R","$","E","BOSS"],"build_version":"2019-01-23","purchased_purges":2,"victory":false,"max_hp_per_floor":[82,87,87,87,87,87,87,87,87,87,87,87,87,87,87,87,87,87,87,87,87,87,87,87,87,87,87,87,87,87,87,87,87,87,87,87,87,87,87,87,87,87,87,87,87,87,87,87,87,87,87,87,87,87,87],"card_choices":[{"not_picked":["Steam","Conserve Battery"],"picked":"Coolheaded","floor":1},{"not_picked":["Doom and Gloom","Heatsinks"],"picked":"Storm","floor":3},{"not_picked":["Steam","Streamline"],"picked":"Ball Lightning","floor":5},{"not_picked":["Gash","Streamline"],"picked":"Chill","floor":7},{"not_picked":["Go for the Eyes","Beam Cell"],"picked":"Static Discharge","floor":8},{"not_picked":["Tempest","Cold Snap"],"picked":"Self Repair","floor":10},{"not_picked":["Gash","Chill"],"picked":"Ball Lightning","floor":13},{"not_picked":["Biased Cognition","Amplify"],"picked":"Buffer","floor":16},{"not_picked":["Gash","Turbo","Ball Lightning"],"picked":"SKIP","floor":18},{"not_picked":["Gash","Turbo","Ball Lightning"],"picked":"SKIP","floor":18},{"not_picked":["Hologram","Storm"],"picked":"Buffer","floor":19},{"not_picked":["Rebound","Leap","Turbo"],"picked":"SKIP","floor":21},{"not_picked":["Loop","Cold Snap"],"picked":"Force Field","floor":22},{"not_picked":["Barrage","Darkness"],"picked":"Force Field+1","floor":23},{"not_picked":["Hello World","Beam Cell+1"],"picked":"Rebound+1","floor":24},{"not_picked":["Go for the Eyes","Skim"],"picked":"Lockon+1","floor":25},{"not_picked":["Self Repair","Rebound"],"picked":"Creative AI","floor":28},{"not_picked":["Melter","Auto Shields","Streamline+1"],"picked":"SKIP","floor":29},{"not_picked":["Recycle","Static Discharge+1"],"picked":"Echo Form","floor":30},{"not_picked":["Genetic Algorithm","Leap"],"picked":"Hologram","floor":31},{"not_picked":["Biased Cognition","Machine Learning"],"picked":"Thunder Strike","floor":33},{"not_picked":["Compile Driver","Cold Snap","Rebound"],"picked":"SKIP","floor":35},{"not_picked":["Gash+1","Self Repair+1"],"picked":"Stack+1","floor":36},{"not_picked":["Beam Cell+1","Chill","Barrage"],"picked":"SKIP","floor":37},{"not_picked":["Genetic Algorithm","Cold Snap"],"picked":"Redo+1","floor":39},{"not_picked":["Streamline+1","Rainbow","Stack+1"],"picked":"SKIP","floor":40},{"not_picked":["Streamline+1","Rainbow","Stack+1"],"picked":"SKIP","floor":40},{"not_picked":["Leap","Redo+1","Hologram"],"picked":"SKIP","floor":41},{"not_picked":["Cold Snap","Self Repair"],"picked":"Steam Power","floor":44},{"not_picked":["Rip and Tear+1","Streamline+1","Coolheaded"],"picked":"SKIP","floor":45},{"not_picked":["Sweeping Beam+1","Rip and Tear","Hyperbeam"],"picked":"SKIP","floor":47},{"not_picked":["Go for the Eyes","Redo"],"picked":"Conserve Battery","floor":48},{"not_picked":["Rebound","Rainbow"],"picked":"Capacitor","floor":54}],"player_experience":343306,"relics_obtained":[{"floor":7,"key":"Pocketwatch"},{"floor":9,"key":"FossilizedHelix"},{"floor":13,"key":"Old Coin"},{"floor":23,"key":"Orichalcum"},{"floor":25,"key":"Incense Burner"},{"floor":26,"key":"Gambling Chip"},{"floor":30,"key":"Oddly Smooth Stone"},{"floor":40,"key":"Pen Nib"},{"floor":45,"key":"DataDisk"},{"floor":47,"key":"Juzu Bracelet"},{"floor":48,"key":"Bird Faced Urn"},{"floor":54,"key":"War Paint"}],"event_choices":[{"damage_healed":0,"gold_gain":0,"player_choice":"Donut","damage_taken":0,"max_hp_gain":5,"max_hp_loss":0,"event_name":"Big Fish","floor":2,"gold_loss":0},{"damage_healed":0,"gold_gain":0,"player_choice":"Forge","damage_taken":0,"max_hp_gain":0,"max_hp_loss":0,"event_name":"Accursed Blacksmith","floor":4,"gold_loss":0,"cards_upgraded":["Coolheaded"]},{"cards_removed":["Strike_B"],"damage_healed":0,"gold_gain":0,"player_choice":"Card Removal","damage_taken":7,"max_hp_gain":0,"max_hp_loss":0,"event_name":"Golden Wing","floor":11,"gold_loss":0},{"damage_healed":0,"gold_gain":0,"player_choice":"Bought 1 Potion","damage_taken":0,"max_hp_gain":0,"max_hp_loss":0,"event_name":"The Woman in Blue","floor":14,"gold_loss":0},{"damage_healed":0,"gold_gain":0,"player_choice":"Got Potions","damage_taken":0,"max_hp_gain":0,"max_hp_loss":0,"event_name":"Lab","floor":42,"gold_loss":0},{"damage_healed":0,"gold_gain":0,"player_choice":"Paid Gold","damage_taken":0,"relics_obtained":["Mercury Hourglass"],"max_hp_gain":0,"max_hp_loss":0,"event_name":"WeMeetAgain","floor":46,"gold_loss":144},{"damage_healed":0,"gold_gain":0,"player_choice":"Fight","damage_taken":0,"max_hp_gain":0,"max_hp_loss":0,"event_name":"Mysterious Sphere","floor":48,"gold_loss":0}],"is_beta":false,"boss_relics":[{"not_picked":["Runic Dome","White Beast Statue"],"picked":"Astrolabe"},{"not_picked":["Calling Bell","Orrery"],"picked":"Sozu"}],"items_purged_floors":[20,38],"is_endless":false,"potions_floor_spawned":[3,10,16,21,22,25,29,30,35,36,39,45,54],"killed_by":"The Heart","ascension_level":5}