{"gold_per_floor":[118,118,118,135,145,145,172,198,510,522,609,621,337,337,337,415,415,428,241,241,252,303,303,332,332,332,365,382,382,307,357,357,434,434,454,27,38,55,55,55],"floor_reached":40,"playtime":3056,"items_purged":["Strike_B","Defend_B","Strike_B"],"score":915,"play_id":"872d66f9-cc49-4b11-a972-fdfc4120b255","local_time":"20190320111555","is_ascension_mode":true,"campfire_choices":[{"data":"Zap","floor":6,"key":"SMITH"},{"data":"Hologram","floor":10,"key":"SMITH"},{"data":"Core Surge","floor":12,"key":"SMITH"},{"data":"Defragment","floor":15,"key":"SMITH"},{"data":"Doom and Gloom","floor":23,"key":"SMITH"},{"floor":25,"key":"REST"},{"data":"Biased Cognition","floor":32,"key":"SMITH"}],"neow_cost":"TEN_PERCENT_HP_LOSS","seed_source_timestamp":44271270312077,"circlet_count":0,"master_deck":["AscendersBane","Strike_B","Strike_B","Defend_B","Defend_B","Zap+1","Dualcast","Core Surge+1","BootSequence","Hologram+1","Doom and Gloom+1","Defragment+1","Biased Cognition+1","Conserve Battery","Glacier","Conserve Battery","Doom and Gloom","Coolheaded"],"relics":["Cracked Core","Singing Bowl","MawBank","Old Coin","Tiny Chest","Snecko Eye","Ornamental Fan","Happy Flower","Pear","The Courier","Symbiotic Virus","Philosopher\u0027s Stone","Runic Capacitor","DataDisk"],"potions_floor_usage":[7,16,24,27],"damage_taken":[{"damage":0,"enemies":"2 Louse","floor":1,"turns":3},{"damage":9,"enemies":"Jaw Worm","floor":4,"turns":4},{"damage":0,"enemies":"Cultist","floor":5,"turns":3},{"damage":15,"enemies":"Lagavulin","floor":7,"turns":6},{"damage":0,"enemies":"Exordium Wildlife","floor":8,"turns":3},{"damage":18,"enemies":"Slime Boss","floor":16,"turns":5},{"damage":21,"enemies":"Spheric Guardian","floor":18,"turns":4},{"damage":4,"enemies":"Shell Parasite","floor":21,"turns":9},{"damage":12,"enemies":"Slavers","floor":24,"turns":4},{"damage":9,"enemies":"Book of Stabbing","floor":27,"turns":4},{"damage":0,"enemies":"Centurion and Healer","floor":28,"turns":6},{"damage":10,"enemies":"Champ","floor":33,"turns":14},{"damage":3,"enemies":"Orb Walker","floor":35,"turns":4},{"damage":21,"enemies":"3 Darklings","floor":37,"turns":4},{"damage":9,"enemies":"4 Shapes","floor":38,"turns":8},{"damage":68,"enemies":"Reptomancer","floor":40,"turns":2}],"seed_played":"-6451381746719921179","potions_obtained":[{"floor":1,"key":"FearPotion"},{"floor":5,"key":"AttackPotion"},{"floor":16,"key":"PowerPotion"},{"floor":18,"key":"AttackPotion"},{"floor":24,"key":"Ancient Potion"},{"floor":33,"key":"Strength Potion"},{"floor":35,"key":"SteroidPotion"}],"is_trial":false,"path_per_floor":["M","?","T","M","M","R","E","M","T","R","?","R","$","?","R","B",null,"M","$","T","M","T","R","E","R","T","E","M","?","?","?","R","B",null,"M","$","M","M","T","E"],"character_chosen":"DEFECT","items_purchased":["Doom and Gloom","Tiny Chest","Glacier","Runic Capacitor","DataDisk","Coolheaded"],"campfire_rested":1,"item_purchase_floors":[13,13,19,36,36,36],"current_hp_per_floor":[64,69,69,62,62,62,49,49,49,49,38,38,38,38,38,20,60,39,39,39,35,35,35,35,60,60,53,55,55,55,55,55,47,80,77,77,58,51,51,0],"gold":55,"neow_bonus":"THREE_RARE_CARDS","is_prod":false,"is_daily":false,"chose_seed":false,"campfire_upgraded":6,"win_rate":0,"timestamp":1553094955,"path_taken":["M","?","?","M","M","R","E","M","T","R","?","R","$","?","R","BOSS","M","$","?","M","?","R","E","R","T","E","M","?","?","?","R","BOSS","M","$","M","M","?","E"],"build_version":"2019-01-23","purchased_purges":3,"victory":false,"max_hp_per_floor":[64,69,69,71,71,71,73,73,73,73,73,73,73,73,73,73,73,73,73,73,73,73,73,85,85,85,87,89,89,89,89,89,91,91,91,91,93,95,95,95],"card_choices":[{"not_picked":["Reboot","Creative AI"],"picked":"Core Surge","floor":0},{"not_picked":["Beam Cell","Barrage","Steam"],"picked":"Singing Bowl","floor":4},{"not_picked":["Steam","Chaos"],"picked":"BootSequence","floor":5},{"not_picked":["Rebound","Turbo","Steam Power"],"picked":"Singing Bowl","floor":7},{"not_picked":["Double Energy","Creative AI"],"picked":"Hologram","floor":8},{"not_picked":["Buffer","Electrodynamics"],"picked":"Biased Cognition","floor":16},{"not_picked":["Rebound","Gash"],"picked":"Conserve Battery","floor":18},{"not_picked":["Defragment","Skim"],"picked":"Conserve Battery","floor":21},{"not_picked":["Core Surge","Rebound","Turbo+1"],"picked":"Singing Bowl","floor":24},{"not_picked":["Rebound","Heatsinks","Stack"],"picked":"Singing Bowl","floor":27},{"not_picked":["Hello World","Hologram","Heatsinks"],"picked":"Singing Bowl","floor":28},{"not_picked":["Core Surge","Hyperbeam","Reboot"],"picked":"Singing Bowl","floor":33},{"not_picked":["Beam Cell","Turbo"],"picked":"Doom and Gloom","floor":35},{"not_picked":["Stack","Beam Cell+1","Gash+1"],"picked":"Singing Bowl","floor":37},{"not_picked":["Leap","Go for the Eyes","Streamline"],"picked":"Singing Bowl","floor":38}],"player_experience":1188187,"relics_obtained":[{"floor":3,"key":"Singing Bowl"},{"floor":7,"key":"MawBank"},{"floor":9,"key":"Old Coin"},{"floor":20,"key":"Ornamental Fan"},{"floor":22,"key":"Happy Flower"},{"floor":24,"key":"Pear"},{"floor":26,"key":"The Courier"},{"floor":27,"key":"Symbiotic Virus"}],"event_choices":[{"damage_healed":0,"gold_gain":0,"player_choice":"Donut","damage_taken":0,"max_hp_gain":5,"max_hp_loss":0,"event_name":"Big Fish","floor":2,"gold_loss":0},{"damage_healed":0,"gold_gain":75,"player_choice":"Gather Gold","damage_taken":11,"max_hp_gain":0,"max_hp_loss":0,"event_name":"World of Goop","floor":11,"gold_loss":0},{"damage_healed":0,"gold_gain":0,"player_choice":"1 cards matched","damage_taken":0,"max_hp_gain":0,"max_hp_loss":0,"event_name":"Match and Keep!","floor":14,"gold_loss":0,"cards_obtained":["Defragment"]},{"damage_healed":0,"gold_gain":0,"player_choice":"Ignored","damage_taken":0,"max_hp_gain":0,"max_hp_loss":0,"event_name":"Vampires","floor":29,"gold_loss":0},{"cards_removed":["Defend_B"],"damage_healed":0,"gold_gain":0,"player_choice":"Gave Gold","damage_taken":0,"max_hp_gain":0,"max_hp_loss":0,"event_name":"Beggar","floor":30,"gold_loss":75},{"damage_healed":0,"gold_gain":50,"player_choice":"Pray","damage_taken":0,"max_hp_gain":0,"max_hp_loss":0,"event_name":"Golden Shrine","floor":31,"gold_loss":0}],"is_beta":false,"boss_relics":[{"not_picked":["Busted Crown","Orrery"],"picked":"Snecko Eye"},{"not_picked":["FrozenCore","Calling Bell"],"picked":"Philosopher\u0027s Stone"}],"items_purged_floors":[13,19,36],"is_endless":false,"potions_floor_spawned":[1,5,16,18,21,24,33,35],"killed_by":"Reptomancer","ascension_level":20}