{"gold_per_floor":[116,116,130,130,55,94,94,137,160,175,216,216,216,236,236,362,362,375,375,7,26,41,75,75,109,161,187,219,17,52,52,52,172,172,188,188,213,24,24,62,62,62,62,62,103,121,141,181,181,181,181,181,24,65,65],"floor_reached":56,"playtime":3511,"items_purged":["Regret","Strike_B"],"score":1464,"play_id":"b894a049-220d-4480-b618-3c36fee8cea2","local_time":"20190220081224","is_ascension_mode":true,"campfire_choices":[{"data":"Zap","floor":7,"key":"SMITH"},{"data":"Chaos","floor":13,"key":"SMITH"},{"data":"Hologram","floor":15,"key":"SMITH"},{"data":"Hello World","floor":24,"key":"SMITH"},{"data":"Loop","floor":32,"key":"SMITH"},{"floor":41,"key":"REST"},{"floor":49,"key":"RECALL"},{"data":"Defragment","floor":52,"key":"SMITH"}],"neow_cost":"NONE","seed_source_timestamp":5687916944141755,"circlet_count":0,"master_deck":["Strike_B+1","Defend_B","Defend_B","Defend_B","Dualcast","Rip and Tear","Chill","Cold Snap","Chaos+1","Hologram+1","Coolheaded","Conserve Battery","Multi-Cast","Coolheaded+1","Hello World+1","Rip and Tear+1","Conserve Battery+1","Loop+1","Leap+1","Sunder","Blizzard","Chill","Redo","Machine Learning","Conserve Battery+1","Double Energy+1","Master of Strategy","Discovery","Compile Driver+1","Doom and Gloom","Coolheaded+1","Coolheaded+1","Fission","Defragment+1","Conserve Battery+1"],"relics":["Cracked Core","NeowsBlessing","Art of War","Golden Idol","PreservedInsect","Pantograph","Letter Opener","Runic Dome","Ice Cream","Bag of Marbles","Centennial Puzzle","MawBank","Blood Vial","Prayer Wheel","Inserter","DataDisk","Turnip","Whetstone","Orichalcum","Potion Belt","Lantern","Kunai"],"potions_floor_usage":[8,23,25,30,33,37,55,55,55,55],"damage_taken":[{"damage":0,"enemies":"Jaw Worm","floor":1,"turns":1},{"damage":0,"enemies":"2 Louse","floor":3,"turns":1},{"damage":0,"enemies":"Lagavulin","floor":6,"turns":1},{"damage":0,"enemies":"3 Sentries","floor":8,"turns":7},{"damage":0,"enemies":"Cultist","floor":10,"turns":3},{"damage":9,"enemies":"Gremlin Nob","floor":11,"turns":3},{"damage":0,"enemies":"Gremlin Gang","floor":14,"turns":3},{"damage":21,"enemies":"The Guardian","floor":16,"turns":10},{"damage":7,"enemies":"Shell Parasite","floor":18,"turns":5},{"damage":0,"enemies":"Chosen","floor":21,"turns":4},{"damage":4,"enemies":"3 Cultists","floor":22,"turns":4},{"damage":13,"enemies":"Slavers","floor":23,"turns":3},{"damage":4,"enemies":"Gremlin Leader","floor":25,"turns":4},{"damage":8,"enemies":"Centurion and Healer","floor":27,"turns":7},{"damage":0,"enemies":"Sentry and Sphere","floor":28,"turns":5},{"damage":7,"enemies":"Book of Stabbing","floor":30,"turns":4},{"damage":25,"enemies":"Automaton","floor":33,"turns":9},{"damage":3,"enemies":"Orb Walker","floor":35,"turns":3},{"damage":0,"enemies":"3 Darklings","floor":37,"turns":5},{"damage":25,"enemies":"Nemesis","floor":40,"turns":3},{"damage":0,"enemies":"Reptomancer","floor":45,"turns":5},{"damage":22,"enemies":"Jaw Worm Horde","floor":46,"turns":2},{"damage":0,"enemies":"Transient","floor":47,"turns":5},{"damage":10,"enemies":"Nemesis","floor":48,"turns":7},{"damage":13,"enemies":"Awakened One","floor":50,"turns":15},{"damage":19,"enemies":"Shield and Spear","floor":54,"turns":3},{"damage":17,"enemies":"The Heart","floor":55,"turns":12}],"seed_played":"8432822580045211690","potions_obtained":[{"floor":1,"key":"PowerPotion"},{"floor":6,"key":"EssenceOfSteel"},{"floor":16,"key":"SkillPotion"},{"floor":21,"key":"Explosive Potion"},{"floor":23,"key":"LiquidBronze"},{"floor":27,"key":"Weak Potion"},{"floor":33,"key":"Explosive Potion"},{"floor":35,"key":"SkillPotion"},{"floor":40,"key":"Swift Potion"},{"floor":48,"key":"Poison Potion"},{"floor":54,"key":"SteroidPotion"}],"is_trial":false,"path_per_floor":["M","?","M","?","$","E","R","E","T","M","E","?","R","M","R","B",null,"M","?","$","M","M","E","R","E","T","M","M","$","E","T","R","B",null,"M","?","M","$","?","E","R","?","T","?","E","M","M","E","R","B",null,"R","$","E","B",null],"character_chosen":"DEFECT","items_purchased":["Ice Cream","Hello World","Blizzard","Chill","DataDisk","Doom and Gloom","Lantern"],"campfire_rested":1,"item_purchase_floors":[20,20,29,29,38,38,53],"current_hp_per_floor":[75,75,75,57,57,57,57,57,57,57,48,41,41,41,41,45,75,68,68,68,68,64,51,51,47,47,39,39,39,32,32,32,34,75,72,62,64,64,64,41,62,62,62,62,64,44,46,38,38,52,71,71,71,52,54],"gold":65,"neow_bonus":"THREE_ENEMY_KILL","is_prod":false,"is_daily":false,"chose_seed":false,"campfire_upgraded":6,"win_rate":0,"timestamp":1550668344,"path_taken":["M","?","M","?","$","E","R","E","T","M","E","?","R","M","R","BOSS","M","?","?","?","?","E","R","E","T","M","M","$","E","?","R","BOSS","M","?","M","$","?","E","R","?","T","?","E","?","?","E","R","BOSS","R","$","E","BOSS"],"build_version":"2019-02-06","purchased_purges":2,"victory":true,"max_hp_per_floor":[75,75,75,75,75,75,75,75,75,75,75,75,75,75,75,75,75,75,75,75,75,75,75,75,75,75,75,75,75,75,75,75,75,75,75,75,75,75,71,71,71,71,71,71,71,71,71,71,71,71,71,71,71,71,71],"card_choices":[{"not_picked":["Lockon","Loop"],"picked":"Rip and Tear","floor":1},{"not_picked":["Undo","Steam Power"],"picked":"Chill","floor":3},{"not_picked":["Leap","Aggregate"],"picked":"Cold Snap","floor":6},{"not_picked":["Scrape","Barrage"],"picked":"Chaos","floor":8},{"not_picked":["Beam Cell","Barrage"],"picked":"Hologram","floor":10},{"not_picked":["White Noise","Cold Snap"],"picked":"Coolheaded","floor":11},{"not_picked":["Reinforced Body","Leap"],"picked":"Conserve Battery","floor":14},{"not_picked":["Amplify","All For One"],"picked":"Multi-Cast","floor":16},{"not_picked":["Lockon","Sweeping Beam"],"picked":"Coolheaded+1","floor":18},{"not_picked":["Stack","Gash"],"picked":"Rip and Tear+1","floor":21},{"not_picked":["Stack","Skim"],"picked":"Conserve Battery+1","floor":22},{"not_picked":["Aggregate","Barrage","Recycle"],"picked":"SKIP","floor":23},{"not_picked":["Lockon","Fusion"],"picked":"Loop","floor":25},{"not_picked":["Gash+1","Rebound"],"picked":"Leap+1","floor":27},{"not_picked":["Recycle","Aggregate"],"picked":"Sunder","floor":28},{"not_picked":["Ball Lightning+1","Cold Snap"],"picked":"Redo","floor":30},{"not_picked":["Fission","Hyperbeam"],"picked":"Machine Learning","floor":33},{"not_picked":["Ball Lightning","FTL"],"picked":"Conserve Battery+1","floor":35},{"not_picked":["Sweeping Beam+1","Ball Lightning+1"],"picked":"Double Energy+1","floor":35},{"not_picked":["Impatience","Dramatic Entrance"],"picked":"Master of Strategy","floor":36},{"not_picked":["Flash of Steel","Blind"],"picked":"Discovery","floor":36},{"not_picked":["Hologram+1","Chaos"],"picked":"Compile Driver","floor":37},{"not_picked":["Ball Lightning","Sunder","Gash+1"],"picked":"SKIP","floor":37},{"not_picked":["Compile Driver","Redo","Lockon+1"],"picked":"SKIP","floor":40},{"not_picked":["Gash+1","Steam Power+1"],"picked":"Coolheaded+1","floor":45},{"not_picked":["Redo+1","Leap"],"picked":"Coolheaded+1","floor":46},{"not_picked":["Hologram","Beam Cell"],"picked":"Fission","floor":46},{"not_picked":["Blizzard+1","Sweeping Beam+1"],"picked":"Defragment","floor":47},{"not_picked":["Scrape+1","Aggregate","Redo+1"],"picked":"SKIP","floor":47},{"not_picked":["Gash+1","Multi-Cast"],"picked":"Conserve Battery+1","floor":48},{"not_picked":["Rebound+1","Recycle","Leap"],"picked":"SKIP","floor":54}],"player_experience":4610334,"relics_obtained":[{"floor":6,"key":"PreservedInsect"},{"floor":8,"key":"Pantograph"},{"floor":11,"key":"Letter Opener"},{"floor":23,"key":"Bag of Marbles"},{"floor":25,"key":"Centennial Puzzle"},{"floor":26,"key":"MawBank"},{"floor":30,"key":"Blood Vial"},{"floor":31,"key":"Prayer Wheel"},{"floor":40,"key":"Turnip"},{"floor":43,"key":"Whetstone"},{"floor":45,"key":"Orichalcum"},{"floor":48,"key":"Potion Belt"},{"floor":54,"key":"Kunai"}],"event_choices":[{"damage_healed":0,"gold_gain":0,"player_choice":"Box","damage_taken":0,"relics_obtained":["Art of War"],"max_hp_gain":0,"max_hp_loss":0,"event_name":"Big Fish","floor":2,"gold_loss":0,"cards_obtained":["Regret"]},{"damage_healed":0,"gold_gain":0,"player_choice":"Take Damage","damage_taken":18,"relics_obtained":["Golden Idol"],"max_hp_gain":0,"max_hp_loss":0,"event_name":"Golden Idol","floor":4,"gold_loss":0},{"cards_removed":["Strike_B"],"damage_healed":0,"gold_gain":0,"player_choice":"Card Removal","damage_taken":7,"max_hp_gain":0,"max_hp_loss":0,"event_name":"Golden Wing","floor":12,"gold_loss":0},{"cards_removed":["Defend_B"],"damage_healed":0,"gold_gain":0,"player_choice":"Purged","damage_taken":0,"max_hp_gain":0,"max_hp_loss":0,"event_name":"Purifier","floor":19,"gold_loss":0},{"damage_healed":0,"gold_gain":0,"player_choice":"Memory 3","damage_taken":10,"max_hp_gain":0,"max_hp_loss":0,"event_name":"SensoryStone","floor":36,"gold_loss":0},{"damage_healed":0,"gold_gain":0,"player_choice":"Max HP","damage_taken":0,"max_hp_gain":0,"max_hp_loss":4,"event_name":"Winding Halls","floor":39,"gold_loss":0},{"cards_removed":["Zap"],"damage_healed":0,"gold_gain":0,"player_choice":"Removed Skill","damage_taken":0,"max_hp_gain":0,"max_hp_loss":0,"event_name":"Falling","floor":42,"gold_loss":0},{"cards_removed":["Strike_B"],"damage_healed":0,"gold_gain":0,"player_choice":"Purged","damage_taken":0,"max_hp_gain":0,"max_hp_loss":0,"event_name":"Purifier","floor":44,"gold_loss":0}],"is_beta":true,"boss_relics":[{"not_picked":["Ectoplasm","Busted Crown"],"picked":"Runic Dome"},{"not_picked":["Runic Pyramid","Pandora\u0027s Box"],"picked":"Inserter"}],"items_purged_floors":[5,29],"is_endless":false,"potions_floor_spawned":[1,6,16,21,22,23,27,33,35,40,48,54],"ascension_level":1}