{"gold_per_floor":[109,284,284,13,13,13,38,14,61,105,105,124,143,179,179,179],"floor_reached":16,"playtime":510,"items_purged":["Doubt"],"score":108,"play_id":"f58a73a4-ce00-4c7b-883f-8fac0af5691a","local_time":"20190418105450","is_ascension_mode":false,"campfire_choices":[{"data":"Zap","floor":6,"key":"SMITH"},{"data":"Conserve Battery","floor":11,"key":"SMITH"},{"data":"Defragment","floor":15,"key":"SMITH"}],"neow_cost":"NONE","seed_source_timestamp":555714131806000,"circlet_count":0,"master_deck":["Strike_B","Strike_B","Strike_B","Strike_B","Defend_B","Defend_B","Defend_B","Defend_B","Zap+1","Dualcast","Gash","Injury","Steam","Go for the Eyes","Conserve Battery+1","Defragment+1","Sweeping Beam"],"relics":["Coffee Dripper","Golden Idol","DataDisk","Sundial","PreservedInsect","Pocketwatch","Nunchaku"],"potions_floor_usage":[10,14,16],"damage_taken":[{"damage":0,"enemies":"2 Louse","floor":1,"turns":2},{"damage":0,"enemies":"Small Slimes","floor":7,"turns":4},{"damage":15,"enemies":"Lagavulin","floor":10,"turns":5},{"damage":0,"enemies":"Jaw Worm","floor":12,"turns":3},{"damage":9,"enemies":"Exordium Thugs","floor":13,"turns":5},{"damage":1,"enemies":"Gremlin Nob","floor":14,"turns":5},{"damage":43,"enemies":"Hexaghost","floor":16,"turns":11}],"seed_played":"-8317462036269150401","potions_obtained":[{"floor":1,"key":"Poison Potion"},{"floor":13,"key":"Block Potion"},{"floor":14,"key":"Regen Potion"}],"is_trial":false,"path_per_floor":["M","?","?","$","?","R","M","$","T","E","R","M","M","E","R","B"],"character_chosen":"DEFECT","items_purchased":["DataDisk","Steam","Go for the Eyes"],"campfire_rested":0,"item_purchase_floors":[4,4,8],"current_hp_per_floor":[75,75,75,75,50,50,50,50,50,35,35,35,26,25,25,0],"gold":179,"neow_bonus":"BOSS_RELIC","is_prod":false,"is_daily":false,"chose_seed":false,"campfire_upgraded":3,"win_rate":0.0,"timestamp":1555599290,"path_taken":["M","?","?","$","?","R","?","?","T","E","R","M","?","E","R","BOSS"],"build_version":"2019-01-23","purchased_purges":1,"victory":false,"max_hp_per_floor":[75,75,75,75,75,75,75,75,75,75,75,75,75,75,75,75],"card_choices":[{"not_picked":["Consume","Force Field"],"picked":"Gash","floor":1},{"not_picked":["Sweeping Beam","Double Energy","Compile Driver"],"picked":"SKIP","floor":7},{"not_picked":["Streamline","Fission"],"picked":"Conserve Battery","floor":10},{"not_picked":["Beam Cell","Darkness"],"picked":"Defragment","floor":12},{"not_picked":["Double Energy","Capacitor","Barrage"],"picked":"SKIP","floor":13},{"not_picked":["Barrage","Stack"],"picked":"Sweeping Beam","floor":14}],"player_experience":98724,"relics_obtained":[{"floor":9,"key":"PreservedInsect"},{"floor":10,"key":"Pocketwatch"},{"floor":14,"key":"Nunchaku"}],"event_choices":[{"damage_healed":0,"gold_gain":175,"player_choice":"AGREE","damage_taken":0,"max_hp_gain":0,"max_hp_loss":0,"event_name":"Liars Game","floor":2,"gold_loss":0,"cards_obtained":["Doubt"]},{"damage_healed":0,"gold_gain":0,"player_choice":"Take Wound","damage_taken":0,"relics_obtained":["Golden Idol"],"max_hp_gain":0,"max_hp_loss":0,"event_name":"Golden Idol","floor":3,"gold_loss":0,"cards_obtained":["Injury"]},{"damage_healed":0,"gold_gain":0,"player_choice":"Success","damage_taken":25,"relics_obtained":["Sundial"],"max_hp_gain":0,"max_hp_loss":0,"event_name":"Scrap Ooze","floor":5,"gold_loss":0}],"is_beta":false,"boss_relics":[],"items_purged_floors":[4],"is_endless":false,"potions_floor_spawned":[1,13,14],"killed_by":"Hexaghost","ascension_level":0}