{"path_per_floor":["M","?","?","M","M","E","M","R","T","R","$","M","R","M","R","B",null,"M","$","?","M","?","R","E","M","T","M","M","R","?","E","R","B",null,"M","?","M","?"],"character_chosen":"IRONCLAD","items_purchased":["Sword Boomerang","Flex","Whetstone"],"gold_per_floor":[117,117,117,131,144,171,187,187,187,187,141,159,159,176,176,278,278,278,84,34,34,34,34,34,34,34,34,34,34,34,34,34,34,34,34,34,34,34,34],"floor_reached":39,"campfire_rested":1,"playtime":1866,"item_purchase_floors":[11,19,19],"current_hp_per_floor":[80,80,80,80,80,63,60,60,60,60,60,66,66,72,72,60,80,78,78,78,80,56,80,80,76,76,74,61,61,61,56,56,40,80,75,75,69,59,0],"items_purged":[],"gold":34,"score":541,"play_id":"0e7fd4a2-3813-4606-9c4f-5e1a467685bc","local_time":"20180607235001","is_prod":false,"is_daily":false,"chose_seed":false,"is_ascension_mode":true,"campfire_upgraded":6,"win_rate":0,"timestamp":1528426201,"campfire_choices":[{"data":"Flex","floor":8,"key":"SMITH"},{"data":"Sword Boomerang","floor":10,"key":"SMITH"},{"data":"Spot Weakness","floor":13,"key":"SMITH"},{"data":"Infernal Blade","floor":15,"key":"SMITH"},{"floor":23,"key":"REST"},{"data":"Inflame","floor":29,"key":"SMITH"},{"data":"Flex","floor":32,"key":"SMITH"}],"path_taken":["M","?","?","?","?","E","M","R","T","R","?","?","R","M","R","BOSS","M","?","?","M","?","R","E","M","T","M","M","R","?","E","R","BOSS","M","?","M","?","M"],"build_version":"2018-05-31","seed_source_timestamp":268990829678289,"purchased_purges":0,"victory":false,"master_deck":["Strike_R","Strike_R","Strike_R","Strike_R","Strike_R+1","Defend_R","Defend_R","Defend_R","Defend_R","Bash","Pommel Strike+1","Iron Wave","Sword Boomerang+1","Shockwave","Infernal Blade+1","Flex+1","Sword Boomerang+1","Pummel","Spot Weakness+1","Iron Wave","Heavy Blade","Offering","Anger","Warcry+1","Flex+1","Sword Boomerang","Twin Strike+1","Good Instincts","Bloodletting+1","Sword Boomerang+1","Seeing Red+1","Heavy Blade","Inflame+1","Seeing Red","Heavy Blade+1","Reaper+1","Sword Boomerang+1","Sword Boomerang+1","Dual Wield+1","Intimidate+1","Madness","Madness"],"max_hp_per_floor":[80,80,80,80,80,80,80,80,80,80,80,80,80,80,80,80,80,80,80,80,80,80,80,80,80,80,80,80,80,80,80,80,80,80,80,80,80,80,80],"relics":["Burning Blood","NeowsBlessing","Prayer Wheel","Bottled Lightning","Ectoplasm","Whetstone","The Courier","Potion Belt","Molten Egg 2","Cursed Key"],"card_choices":[{"not_picked":["Armaments","Iron Wave"],"picked":"Pommel Strike","floor":1},{"not_picked":["Shrug It Off","Power Through"],"picked":"Iron Wave","floor":4},{"not_picked":["Clothesline","Power Through"],"picked":"Sword Boomerang","floor":5},{"not_picked":["Clash","Clothesline"],"picked":"Shockwave","floor":6},{"not_picked":["Perfected Strike","Combust"],"picked":"Infernal Blade","floor":7},{"not_picked":["True Grit","Inflame"],"picked":"Flex","floor":7},{"not_picked":["Twin Strike","Body Slam"],"picked":"Pummel","floor":12},{"not_picked":["Brutality","Reckless Charge"],"picked":"Spot Weakness","floor":12},{"not_picked":["Headbutt","Feel No Pain"],"picked":"Iron Wave","floor":14},{"not_picked":["True Grit","Thunderclap"],"picked":"Heavy Blade","floor":14},{"not_picked":["Impervious","Juggernaut"],"picked":"Offering","floor":16},{"not_picked":["Hemokinesis+1","Flame Barrier"],"picked":"Anger","floor":18},{"not_picked":["Corruption","Wild Strike"],"picked":"Warcry+1","floor":18},{"not_picked":["Warcry","Feel No Pain"],"picked":"Sword Boomerang","floor":21},{"not_picked":["Anger+1","Corruption"],"picked":"Twin Strike+1","floor":21},{"not_picked":["Ghostly Armor","Clash"],"picked":"Bloodletting+1","floor":24},{"not_picked":["Sever Soul+1","Perfected Strike"],"picked":"Sword Boomerang+1","floor":25},{"not_picked":["Wild Strike+1","Clothesline","True Grit"],"picked":"SKIP","floor":25},{"not_picked":["Twin Strike","Havoc+1"],"picked":"Seeing Red+1","floor":27},{"not_picked":["Wild Strike","Shrug It Off"],"picked":"Heavy Blade","floor":27},{"not_picked":["Sever Soul","Corruption"],"picked":"Inflame","floor":28},{"not_picked":["Sentinel+1","Double Tap"],"picked":"Seeing Red","floor":28},{"not_picked":["Spot Weakness","Battle Trance"],"picked":"Heavy Blade+1","floor":31},{"not_picked":["Berserk","Offering"],"picked":"Reaper+1","floor":33},{"not_picked":["Searing Blow+1","Spot Weakness"],"picked":"Sword Boomerang+1","floor":35},{"not_picked":["Uppercut+1","Rupture+1"],"picked":"Sword Boomerang+1","floor":35},{"not_picked":["Havoc","Clash+1"],"picked":"Dual Wield+1","floor":37},{"not_picked":["Sword Boomerang+1","Headbutt+1"],"picked":"Intimidate+1","floor":37}],"player_experience":304623,"potions_floor_usage":[16,24,27,31],"damage_taken":[{"damage":0,"enemies":"Cultist","floor":1,"turns":1},{"damage":0,"enemies":"Jaw Worm","floor":4,"turns":1},{"damage":0,"enemies":"2 Louse","floor":5,"turns":1},{"damage":23,"enemies":"3 Sentries","floor":6,"turns":8},{"damage":9,"enemies":"Blue Slaver","floor":7,"turns":4},{"damage":0,"enemies":"3 Louse","floor":12,"turns":2},{"damage":0,"enemies":"Exordium Thugs","floor":14,"turns":4},{"damage":18,"enemies":"Slime Boss","floor":16,"turns":6},{"damage":8,"enemies":"3 Byrds","floor":18,"turns":5},{"damage":4,"enemies":"Spheric Guardian","floor":21,"turns":1},{"damage":4,"enemies":"Gremlin Leader","floor":24,"turns":5},{"damage":10,"enemies":"Chosen and Byrds","floor":25,"turns":4},{"damage":8,"enemies":"Snecko","floor":27,"turns":3},{"damage":19,"enemies":"Snake Plant","floor":28,"turns":2},{"damage":11,"enemies":"Book of Stabbing","floor":31,"turns":3},{"damage":22,"enemies":"Collector","floor":33,"turns":5},{"damage":11,"enemies":"Orb Walker","floor":35,"turns":2},{"damage":17,"enemies":"3 Darklings","floor":37,"turns":3}],"relics_obtained":[{"floor":6,"key":"Prayer Wheel"},{"floor":9,"key":"Bottled Lightning"},{"floor":24,"key":"The Courier"},{"floor":26,"key":"Potion Belt"},{"floor":31,"key":"Molten Egg 2"}],"event_choices":[{"event_name":"Living Wall","player_choice":"Grow","floor":2,"damage_taken":0},{"event_name":"The Cleric","player_choice":"Leave","floor":3,"damage_taken":0},{"event_name":"The Joust","player_choice":"Bet on Owner","floor":20,"damage_taken":0},{"event_name":"Knowing Skull","player_choice":"CARD POTION ","floor":22,"damage_taken":0},{"event_name":"Vampires","player_choice":"Ignored","floor":30,"damage_taken":0},{"event_name":"Wheel of Change","player_choice":"Gold","floor":36,"damage_taken":0},{"event_name":"Winding Halls","player_choice":"Embrace Madness","floor":38,"damage_taken":0}],"boss_relics":[{"not_picked":["Eternal Feather","Sozu"],"picked":"Ectoplasm"},{"not_picked":["Tiny House","Runic Cube"],"picked":"Cursed Key"}],"items_purged_floors":[],"potions_floor_spawned":[4,7,14,24,31],"seed_played":"4606547500156929042","killed_by":"Sphere and 2 Shapes","ascension_level":2,"potions_obtained":[{"floor":4,"key":"Dexterity Potion"},{"floor":7,"key":"Weak Potion"},{"floor":14,"key":"Strength Potion"},{"floor":24,"key":"Block Potion"},{"floor":31,"key":"Ancient Potion"}],"is_trial":false}