{"gold_per_floor":[209,209,0,20,36,36,95,42,66,92,105,105,132,148,148,226,226,241,309,43,54,54],"floor_reached":22,"playtime":900,"items_purged":["Strike_B","Strike_B"],"score":412,"play_id":"9dc28d7d-a2cd-4961-a9e2-0f12de290cc5","local_time":"20190426194114","is_ascension_mode":true,"campfire_choices":[{"data":"Defragment","floor":6,"key":"SMITH"},{"floor":12,"key":"REST"},{"data":"Blizzard","floor":15,"key":"SMITH"}],"neow_cost":"NONE","seed_source_timestamp":301030613174900,"circlet_count":0,"master_deck":["AscendersBane","Strike_B","Strike_B","Defend_B","Defend_B","Defend_B","Defend_B","Zap","Dualcast","Undo","Defragment+1","Ball Lightning","Glacier","Steam","Coolheaded","Recycle","Blizzard+1","Core Surge","Rebound","Electrodynamics"],"relics":["FrozenCore","SsserpentHead","Tiny Chest","Boot","Art of War","WingedGreaves"],"potions_floor_usage":[10,13,16,19],"damage_taken":[{"damage":1,"enemies":"Small Slimes","floor":1,"turns":4},{"damage":1,"enemies":"Cultist","floor":4,"turns":3},{"damage":0,"enemies":"2 Louse","floor":5,"turns":4},{"damage":16,"enemies":"Gremlin Nob","floor":7,"turns":5},{"damage":9,"enemies":"3 Sentries","floor":10,"turns":8},{"damage":3,"enemies":"Looter","floor":11,"turns":4},{"damage":11,"enemies":"Lagavulin","floor":13,"turns":7},{"damage":15,"enemies":"3 Louse","floor":14,"turns":3},{"damage":34,"enemies":"The Guardian","floor":16,"turns":14},{"damage":4,"enemies":"Spheric Guardian","floor":18,"turns":7},{"damage":12,"enemies":"3 Byrds","floor":19,"turns":6},{"damage":9,"enemies":"Snecko","floor":21,"turns":6},{"damage":31,"enemies":"Cultist and Chosen","floor":22,"turns":5}],"seed_played":"-2126475727201849156","potions_obtained":[{"floor":1,"key":"Regen Potion"},{"floor":10,"key":"Dexterity Potion"},{"floor":13,"key":"GamblersBrew"},{"floor":14,"key":"Block Potion"}],"is_trial":false,"path_per_floor":["M","?","$","M","M","R","E","$","T","E","M","R","E","M","R","B",null,"M","M","$","M","M"],"character_chosen":"DEFECT","items_purchased":["Defragment","Ball Lightning","Explosive Potion","Electrodynamics"],"campfire_rested":1,"item_purchase_floors":[3,3,8,20],"current_hp_per_floor":[63,63,63,62,62,62,46,46,46,37,34,55,59,44,44,10,56,52,40,40,31,0],"gold":54,"neow_bonus":"HUNDRED_GOLD","is_prod":false,"is_daily":false,"chose_seed":false,"campfire_upgraded":2,"win_rate":0,"timestamp":1556300474,"path_taken":["M","?","$","M","M","R","E","$","T","E","M","R","E","M","R","BOSS","M","?","$","M","M"],"build_version":"2019-01-23","purchased_purges":2,"victory":false,"max_hp_per_floor":[71,71,71,71,71,71,71,71,71,71,71,71,71,71,71,71,71,71,71,71,71,71],"card_choices":[{"not_picked":["Beam Cell","Reprogram"],"picked":"Undo","floor":1},{"not_picked":["Reinforced Body","Static Discharge"],"picked":"Glacier","floor":4},{"not_picked":["Fusion","Compile Driver","Leap"],"picked":"SKIP","floor":5},{"not_picked":["Rebound","BootSequence"],"picked":"Steam","floor":7},{"not_picked":["Steam","Sunder"],"picked":"Coolheaded","floor":10},{"not_picked":["Conserve Battery","Hologram"],"picked":"Recycle","floor":11},{"not_picked":["Streamline","Sweeping Beam"],"picked":"Blizzard","floor":13},{"not_picked":["Conserve Battery","Thunder Strike","Stack"],"picked":"SKIP","floor":14},{"not_picked":["Machine Learning","Multi-Cast"],"picked":"Core Surge","floor":16},{"not_picked":["Lockon+1","Static Discharge","Conserve Battery"],"picked":"SKIP","floor":18},{"not_picked":["Gash","Hello World"],"picked":"Rebound","floor":19},{"not_picked":["Tempest","Hello World","FTL"],"picked":"SKIP","floor":21}],"player_experience":632081,"relics_obtained":[{"floor":7,"key":"Tiny Chest"},{"floor":9,"key":"Boot"},{"floor":10,"key":"Art of War"},{"floor":13,"key":"WingedGreaves"}],"event_choices":[{"damage_healed":0,"gold_gain":0,"player_choice":"Trade","damage_taken":0,"relics_obtained":["SsserpentHead"],"max_hp_gain":0,"max_hp_loss":0,"event_name":"FaceTrader","floor":2,"gold_loss":0}],"is_beta":false,"boss_relics":[{"not_picked":["Calling Bell","Ectoplasm"],"picked":"FrozenCore"}],"items_purged_floors":[3,20],"is_endless":false,"potions_floor_spawned":[1,10,13,14],"killed_by":"Cultist and Chosen","ascension_level":20}