{"gold_per_floor":[117,64,79,79,98,112,142,155,155,181,198,214,246,266,266,365,365,377,390,489,503,517,517,546,558,621,668,696,722,761,773,785,892,904,935,947,959,11,30,63,63,98,98,148,148,173,190,216,216,216,216,216,85,119,119],"floor_reached":56,"playtime":3886,"items_purged":["Parasite"],"score":1663,"play_id":"92efacb9-0cbc-4cdc-b989-3de3ecf1ad27","local_time":"20190504150015","is_ascension_mode":true,"campfire_choices":[{"data":"Armaments","floor":15,"key":"SMITH"},{"data":"Corruption","floor":23,"key":"SMITH"},{"data":"Perfected Strike","floor":25,"key":"SMITH"},{"data":"Shockwave","floor":32,"key":"SMITH"},{"data":"Offering","floor":41,"key":"SMITH"},{"floor":45,"key":"RECALL"},{"data":"Dark Embrace","floor":49,"key":"SMITH"},{"data":"Metallicize","floor":52,"key":"SMITH"}],"neow_cost":"CURSE","seed_source_timestamp":64836576391048,"circlet_count":0,"master_deck":["Strike_R+1","Strike_R+1","Strike_R+1","Strike_R+1","Strike_R+1","Defend_R+1","Defend_R+1","Defend_R+1","Bash","Perfected Strike+1","Armaments+1","Headbutt","Havoc","Flame Barrier","Wild Strike","Uppercut+1","Armaments","Rage","Immolate","Corruption+1","Offering+1","Battle Trance","Shockwave+1","Pommel Strike+1","Wild Strike+1","Pommel Strike+1","Rage+1","Iron Wave+1","Pommel Strike","Double Tap","Twin Strike","Combust","Shrug It Off","Ghostly Armor","Rupture+1","Metallicize+1","Disarm","Perfected Strike+1","Iron Wave+1","Reaper","Warcry+1","Shrug It Off+1","Wild Strike+1","Dark Embrace+1","Battle Trance","Perfected Strike+1"],"relics":["Burning Blood","Smiling Mask","PreservedInsect","Oddly Smooth Stone","Sundial","Mark of Pain","MawBank","Strawberry","Torii","Orrery","Mummified Hand","Gambling Chip","Toolbox","Dead Branch","Potion Belt","Question Card","Ice Cream","Peace Pipe","Boot","Ornamental Fan"],"potions_floor_usage":[7,7,16,19,24,50,55,55,55],"damage_taken":[{"damage":6,"enemies":"Jaw Worm","floor":1,"turns":5},{"damage":6,"enemies":"Cultist","floor":3,"turns":3},{"damage":4,"enemies":"Small Slimes","floor":5,"turns":4},{"damage":1,"enemies":"2 Fungi Beasts","floor":6,"turns":3},{"damage":36,"enemies":"Lagavulin","floor":7,"turns":8},{"damage":1,"enemies":"3 Louse","floor":8,"turns":4},{"damage":17,"enemies":"3 Sentries","floor":10,"turns":5},{"damage":0,"enemies":"Red Slaver","floor":11,"turns":4},{"damage":0,"enemies":"Exordium Wildlife","floor":12,"turns":3},{"damage":18,"enemies":"Lagavulin","floor":13,"turns":5},{"damage":4,"enemies":"Looter","floor":14,"turns":3},{"damage":30,"enemies":"Slime Boss","floor":16,"turns":13},{"damage":11,"enemies":"Shell Parasite","floor":18,"turns":5},{"damage":8,"enemies":"Spheric Guardian","floor":19,"turns":4},{"damage":11,"enemies":"Shelled Parasite and Fungi","floor":21,"turns":4},{"damage":6,"enemies":"Centurion and Healer","floor":22,"turns":3},{"damage":5,"enemies":"Slavers","floor":24,"turns":4},{"damage":6,"enemies":"Gremlin Leader","floor":27,"turns":3},{"damage":12,"enemies":"3 Cultists","floor":28,"turns":4},{"damage":12,"enemies":"Snake Plant","floor":29,"turns":3},{"damage":11,"enemies":"Book of Stabbing","floor":30,"turns":4},{"damage":53,"enemies":"Collector","floor":33,"turns":12},{"damage":0,"enemies":"Orb Walker","floor":35,"turns":4},{"damage":7,"enemies":"3 Darklings","floor":39,"turns":6},{"damage":8,"enemies":"Reptomancer","floor":40,"turns":3},{"damage":3,"enemies":"Giant Head","floor":42,"turns":6},{"damage":3,"enemies":"2 Orb Walkers","floor":44,"turns":3},{"damage":6,"enemies":"Reptomancer","floor":46,"turns":3},{"damage":0,"enemies":"Jaw Worm Horde","floor":47,"turns":2},{"damage":6,"enemies":"Giant Head","floor":48,"turns":4},{"damage":39,"enemies":"Awakened One","floor":50,"turns":8},{"damage":9,"enemies":"Shield and Spear","floor":54,"turns":4},{"damage":25,"enemies":"The Heart","floor":55,"turns":9}],"seed_played":"7277600424062270284","potions_obtained":[{"floor":3,"key":"Dexterity Potion"},{"floor":5,"key":"SneckoOil"},{"floor":7,"key":"Ancient Potion"},{"floor":13,"key":"Explosive Potion"},{"floor":14,"key":"BloodPotion"},{"floor":16,"key":"FearPotion"},{"floor":18,"key":"AttackPotion"},{"floor":19,"key":"Weak Potion"},{"floor":28,"key":"Explosive Potion"},{"floor":39,"key":"Dexterity Potion"},{"floor":46,"key":"SpeedPotion"},{"floor":47,"key":"FearPotion"},{"floor":48,"key":"Block Potion"}],"is_trial":false,"path_per_floor":["M","$","M","?","M","M","E","M","T","E","M","M","E","M","R","B",null,"M","M","?","M","M","R","E","R","T","E","M","M","E","?","R","B",null,"M","?","?","$","M","E","R","E","T","?","R","E","M","E","R","B",null,"R","$","E","B",null],"character_chosen":"IRONCLAD","items_purchased":["Armaments","Mummified Hand","Metallicize","Gambling Chip","Disarm","Toolbox","SkillPotion","Battle Trance"],"campfire_rested":0,"item_purchase_floors":[2,38,38,38,38,38,53,53],"current_hp_per_floor":[96,96,96,96,96,96,66,71,71,60,66,72,60,62,62,38,96,91,96,96,91,91,91,92,92,92,99,93,87,82,82,82,35,103,103,103,103,100,99,97,97,100,100,100,100,100,100,100,100,85,100,100,100,100,98],"gold":119,"neow_bonus":"TWENTY_PERCENT_HP_BONUS","is_prod":false,"is_daily":false,"chose_seed":false,"campfire_upgraded":7,"win_rate":0,"timestamp":1556996415,"path_taken":["M","$","M","?","M","M","E","M","T","E","M","?","E","M","R","BOSS","M","M","?","M","M","R","E","R","T","E","M","M","E","?","R","BOSS","M","?","?","$","?","E","R","E","T","?","R","E","M","E","R","BOSS","R","$","E","BOSS"],"build_version":"2019-04-23","purchased_purges":1,"victory":true,"max_hp_per_floor":[96,96,96,96,96,96,96,96,96,96,96,96,96,96,96,96,96,96,96,96,96,96,96,96,96,96,103,103,103,103,103,103,103,103,103,103,103,100,100,100,100,100,100,100,100,100,100,100,100,100,100,100,100,100,100],"card_choices":[{"not_picked":["Rampage","Heavy Blade"],"picked":"Perfected Strike","floor":1},{"not_picked":["Havoc","Warcry"],"picked":"Headbutt","floor":3},{"not_picked":["Spot Weakness","Sentinel"],"picked":"Flame Barrier","floor":5},{"not_picked":["Heavy Blade","Blood for Blood","Body Slam"],"picked":"SKIP","floor":6},{"not_picked":["Sentinel","Intimidate"],"picked":"Wild Strike","floor":7},{"not_picked":["Seeing Red","Clothesline"],"picked":"Uppercut","floor":8},{"not_picked":["Uppercut","Searing Blow"],"picked":"Armaments","floor":10},{"not_picked":["True Grit","Pummel"],"picked":"Rage","floor":11},{"not_picked":["Body Slam","Flex"],"picked":"Immolate","floor":12},{"not_picked":["Armaments","Flame Barrier"],"picked":"Corruption","floor":13},{"not_picked":["Havoc","Fire Breathing","Headbutt"],"picked":"SKIP","floor":14},{"not_picked":["Limit Break","Dark Embrace"],"picked":"Offering","floor":16},{"not_picked":["Sever Soul+1","Iron Wave"],"picked":"Battle Trance","floor":18},{"not_picked":["Whirlwind","Sword Boomerang"],"picked":"Shockwave","floor":19},{"not_picked":["Clash","Corruption"],"picked":"Pommel Strike+1","floor":21},{"not_picked":["Heavy Blade","Corruption+1","Rupture"],"picked":"SKIP","floor":22},{"not_picked":["Exhume","Cleave"],"picked":"Wild Strike+1","floor":24},{"not_picked":["Blood for Blood","Cleave"],"picked":"Pommel Strike+1","floor":27},{"not_picked":["Clash","Ghostly Armor+1"],"picked":"Rage+1","floor":28},{"not_picked":["Anger","Thunderclap"],"picked":"Iron Wave+1","floor":29},{"not_picked":["Rupture+1","Shrug It Off+1"],"picked":"Pommel Strike","floor":30},{"not_picked":["Reaper","Impervious"],"picked":"Double Tap","floor":33},{"not_picked":["Heavy Blade","Flex"],"picked":"Spot Weakness+1","floor":34},{"not_picked":["Thunderclap","True Grit"],"picked":"Twin Strike","floor":34},{"not_picked":["Warcry","Clothesline+1"],"picked":"Combust","floor":34},{"not_picked":["Heavy Blade","Havoc"],"picked":"Shrug It Off","floor":34},{"not_picked":["Armaments","True Grit"],"picked":"Ghostly Armor","floor":34},{"not_picked":["Wild Strike","Havoc+1"],"picked":"Rupture+1","floor":35},{"not_picked":["Anger+1","Rage+1"],"picked":"Perfected Strike+1","floor":39},{"not_picked":["Hemokinesis+1","Clothesline+1"],"picked":"Iron Wave+1","floor":40},{"not_picked":["Sword Boomerang","Dual Wield"],"picked":"Reaper","floor":42},{"not_picked":["Havoc","Sever Soul+1","Carnage+1"],"picked":"Warcry+1","floor":44},{"not_picked":["Thunderclap","Iron Wave+1","Anger"],"picked":"Shrug It Off+1","floor":46},{"not_picked":["Entrench","Disarm","Clash+1"],"picked":"Wild Strike+1","floor":47},{"not_picked":["Inflame","Clash","Twin Strike+1"],"picked":"Dark Embrace","floor":48},{"not_picked":["Battle Trance","Twin Strike+1","Headbutt"],"picked":"Perfected Strike+1","floor":54}],"player_experience":5627985,"relics_obtained":[{"floor":7,"key":"Smiling Mask"},{"floor":9,"key":"PreservedInsect"},{"floor":10,"key":"Oddly Smooth Stone"},{"floor":13,"key":"Sundial"},{"floor":24,"key":"MawBank"},{"floor":27,"key":"Strawberry"},{"floor":30,"key":"Torii"},{"floor":40,"key":"Dead Branch"},{"floor":42,"key":"Potion Belt"},{"floor":43,"key":"Question Card"},{"floor":44,"key":"Ice Cream"},{"floor":46,"key":"Peace Pipe"},{"floor":48,"key":"Boot"},{"floor":54,"key":"Ornamental Fan"}],"event_choices":[{"damage_healed":0,"gold_gain":0,"cards_transformed":["Defend_R"],"player_choice":"Transformed","damage_taken":0,"max_hp_gain":0,"max_hp_loss":0,"event_name":"Transmorgrifier","floor":4,"gold_loss":0,"cards_obtained":["Havoc"]},{"damage_healed":0,"gold_gain":99,"player_choice":"Stole From Cult","damage_taken":0,"max_hp_gain":0,"max_hp_loss":0,"event_name":"Nest","floor":20,"gold_loss":0},{"damage_healed":0,"gold_gain":0,"player_choice":"Simplicity","damage_taken":0,"max_hp_gain":0,"max_hp_loss":0,"event_name":"Back to Basics","floor":31,"gold_loss":0,"cards_upgraded":["Strike_R","Strike_R","Strike_R","Strike_R","Strike_R","Defend_R","Defend_R","Defend_R"]},{"cards_removed":["Spot Weakness"],"damage_healed":0,"gold_gain":0,"player_choice":"Removed Skill","damage_taken":0,"max_hp_gain":0,"max_hp_loss":0,"event_name":"Falling","floor":36,"gold_loss":0},{"damage_healed":0,"gold_gain":0,"player_choice":"Upgraded","damage_taken":0,"max_hp_gain":0,"max_hp_loss":0,"event_name":"Upgrade Shrine","floor":37,"gold_loss":0,"cards_upgraded":["Uppercut"]},{"damage_healed":0,"gold_gain":0,"player_choice":"Fight","damage_taken":0,"max_hp_gain":0,"max_hp_loss":0,"event_name":"Mysterious Sphere","floor":44,"gold_loss":0}],"is_beta":true,"boss_relics":[{"not_picked":["Sozu","Tiny House"],"picked":"Mark of Pain"},{"not_picked":["Philosopher\u0027s Stone","Busted Crown"],"picked":"Orrery"}],"items_purged_floors":[38],"is_endless":false,"potions_floor_spawned":[3,5,7,13,14,16,18,19,22,28,39,46,47,48],"ascension_level":1}