{"gold_per_floor":[114,74,74,92,108,108,138,138,165,184,184,57,71,71,71,171,171,187,203,203],"floor_reached":20,"playtime":850,"items_purged":["Decay"],"score":235,"play_id":"4cfa1ecf-0a59-4cb6-a4c5-d94140e56e01","local_time":"20181230141751","is_ascension_mode":true,"campfire_choices":[{"data":"Consume","floor":6,"key":"SMITH"},{"floor":8,"key":"REST"},{"floor":15,"key":"REST"}],"neow_cost":"CURSE","seed_source_timestamp":755209883485080,"circlet_count":0,"master_deck":["Strike_B","Strike_B","Strike_B","Strike_B","Defend_B","Defend_B","Defend_B","Defend_B","Zap","Dualcast","Discovery+1","Mind Blast","Turbo","Conserve Battery","Consume+1","Capacitor","Capacitor","Leap","Sweeping Beam","Fission","Cold Snap","Turbo+1"],"relics":["Cracked Core","Bag of Preparation","Happy Flower","Sozu"],"potions_floor_usage":[7,7,10,19],"damage_taken":[{"damage":12,"enemies":"Small Slimes","floor":1,"turns":3},{"damage":3,"enemies":"Cultist","floor":4,"turns":3},{"damage":9,"enemies":"Jaw Worm","floor":5,"turns":3},{"damage":12,"enemies":"Gremlin Nob","floor":7,"turns":3},{"damage":34,"enemies":"Exordium Thugs","floor":10,"turns":5},{"damage":4,"enemies":"Large Slime","floor":13,"turns":6},{"damage":14,"enemies":"Hexaghost","floor":16,"turns":12},{"damage":11,"enemies":"Spheric Guardian","floor":18,"turns":4},{"damage":20,"enemies":"2 Thieves","floor":19,"turns":4},{"damage":31,"enemies":"Cultist and Chosen","floor":20,"turns":6}],"seed_played":"-8850058411325132177","potions_obtained":[{"floor":2,"key":"EssenceOfSteel"},{"floor":2,"key":"AttackPotion"},{"floor":2,"key":"AttackPotion"},{"floor":5,"key":"SneckoOil"},{"floor":7,"key":"AttackPotion"},{"floor":13,"key":"FearPotion"}],"is_trial":false,"path_per_floor":["M","?","$","M","M","R","E","R","T","M","?","$","M","?","R","B",null,"M","M","M"],"character_chosen":"DEFECT","items_purchased":["Leap"],"campfire_rested":2,"item_purchase_floors":[12],"current_hp_per_floor":[56,56,56,53,44,44,32,54,54,20,20,20,16,16,38,24,62,51,31,0],"gold":203,"neow_bonus":"RANDOM_COLORLESS_2","is_prod":false,"is_daily":false,"chose_seed":false,"campfire_upgraded":1,"win_rate":0,"timestamp":1546190271,"path_taken":["M","?","$","M","M","R","E","R","T","?","?","?","M","?","R","BOSS","M","?","M"],"build_version":"2018-12-20","purchased_purges":1,"victory":false,"max_hp_per_floor":[75,75,75,75,75,75,75,75,75,75,75,75,75,75,75,75,75,75,75,75],"card_choices":[{"not_picked":["Leap","Aggregate"],"picked":"Turbo","floor":1},{"not_picked":["Stack","BootSequence"],"picked":"Conserve Battery","floor":4},{"not_picked":["Ball Lightning","Reinforced Body"],"picked":"Consume","floor":5},{"not_picked":["Coolheaded","Fusion"],"picked":"Capacitor","floor":7},{"not_picked":["Self Repair","Turbo"],"picked":"Capacitor","floor":10},{"not_picked":["Cold Snap","Reinforced Body"],"picked":"Sweeping Beam","floor":13},{"not_picked":["Rainbow","Reboot"],"picked":"Fission","floor":16},{"not_picked":["Darkness","Ball Lightning"],"picked":"Cold Snap","floor":18},{"not_picked":["Coolheaded+1","White Noise"],"picked":"Turbo+1","floor":19}],"player_experience":576978,"relics_obtained":[{"floor":7,"key":"Bag of Preparation"},{"floor":9,"key":"Happy Flower"}],"event_choices":[{"damage_healed":0,"gold_gain":0,"player_choice":"Bought 3 Potions","damage_taken":0,"max_hp_gain":0,"max_hp_loss":0,"event_name":"The Woman in Blue","floor":2,"gold_loss":0},{"damage_healed":0,"gold_gain":0,"player_choice":"Upgraded","damage_taken":0,"max_hp_gain":0,"max_hp_loss":0,"event_name":"Upgrade Shrine","floor":11,"gold_loss":0,"cards_upgraded":["Discovery"]},{"damage_healed":0,"gold_gain":0,"player_choice":"Ignored","damage_taken":0,"max_hp_gain":0,"max_hp_loss":0,"event_name":"Purifier","floor":14,"gold_loss":0}],"is_beta":false,"boss_relics":[{"not_picked":["Eternal Feather","Velvet Choker"],"picked":"Sozu"}],"items_purged_floors":[12],"is_endless":false,"potions_floor_spawned":[5,7,13],"killed_by":"Cultist and Chosen","ascension_level":7}