{"gold_per_floor":[112,122,47,58,58,96,96,171,197,197,210,229,252,270,270,270],"floor_reached":16,"playtime":535,"items_purged":["Pain"],"score":151,"play_id":"92c4d2a0-1e01-4293-afc5-b220cad4603a","local_time":"20190302030603","is_ascension_mode":true,"campfire_choices":[{"floor":7,"key":"REST"},{"data":"Defragment","floor":15,"key":"SMITH"}],"neow_cost":"CURSE","seed_source_timestamp":1344603957420665,"circlet_count":0,"master_deck":["Strike_B","Strike_B","Strike_B","Strike_B","Defend_B","Defend_B","Defend_B","Defend_B","Zap","Dualcast","Genetic Algorithm","Self Repair","Defragment+1","Genetic Algorithm","Conserve Battery","Sunder","Hologram"],"relics":["Cracked Core","Ice Cream","Golden Idol","Regal Pillow","Art of War"],"potions_floor_usage":[6,12],"damage_taken":[{"damage":10,"enemies":"Jaw Worm","floor":1,"turns":3},{"damage":6,"enemies":"2 Louse","floor":2,"turns":3},{"damage":8,"enemies":"Small Slimes","floor":4,"turns":4},{"damage":50,"enemies":"Gremlin Nob","floor":6,"turns":5},{"damage":9,"enemies":"Blue Slaver","floor":11,"turns":4},{"damage":0,"enemies":"Lots of Slimes","floor":12,"turns":2},{"damage":5,"enemies":"2 Fungi Beasts","floor":13,"turns":4},{"damage":13,"enemies":"Large Slime","floor":14,"turns":6},{"damage":73,"enemies":"Slime Boss","floor":16,"turns":7}],"seed_played":"-3209631369929141242","potions_obtained":[{"floor":1,"key":"AttackPotion"},{"floor":11,"key":"Explosive Potion"},{"floor":12,"key":"SteroidPotion"},{"floor":13,"key":"Swift Potion"}],"is_trial":false,"path_per_floor":["M","M","$","M","?","E","R","?","T","?","M","M","M","M","R","B"],"character_chosen":"DEFECT","items_purchased":[],"campfire_rested":1,"item_purchase_floors":[],"current_hp_per_floor":[58,52,52,51,51,8,43,32,32,55,53,60,62,56,56,0],"gold":270,"neow_bonus":"ONE_RARE_RELIC","is_prod":false,"is_daily":false,"chose_seed":false,"campfire_upgraded":1,"win_rate":0,"timestamp":1551506763,"path_taken":["M","M","$","M","?","E","R","?","T","?","M","M","?","M","R","BOSS"],"build_version":"2019-01-23","purchased_purges":1,"victory":false,"max_hp_per_floor":[75,75,75,75,69,69,69,69,69,69,69,69,69,69,69,69],"card_choices":[{"not_picked":["Steam Power","Reprogram"],"picked":"Genetic Algorithm","floor":1},{"not_picked":["Compile Driver","Conserve Battery"],"picked":"Self Repair","floor":2},{"not_picked":["Streamline","Go for the Eyes","Stack"],"picked":"SKIP","floor":4},{"not_picked":["Compile Driver","Fusion"],"picked":"Defragment","floor":6},{"not_picked":["Steam","Rebound"],"picked":"Genetic Algorithm","floor":11},{"not_picked":["Leap","Blizzard"],"picked":"Conserve Battery","floor":12},{"not_picked":["Compile Driver","Chaos"],"picked":"Sunder","floor":13},{"not_picked":["Conserve Battery","Chaos"],"picked":"Hologram","floor":14}],"player_experience":869780,"relics_obtained":[{"floor":6,"key":"Regal Pillow"},{"floor":9,"key":"Art of War"}],"event_choices":[{"damage_healed":0,"gold_gain":0,"player_choice":"Lose Max HP","damage_taken":0,"relics_obtained":["Golden Idol"],"max_hp_gain":0,"max_hp_loss":6,"event_name":"Golden Idol","floor":5,"gold_loss":0},{"damage_healed":0,"gold_gain":75,"player_choice":"Gather Gold","damage_taken":11,"max_hp_gain":0,"max_hp_loss":0,"event_name":"World of Goop","floor":8,"gold_loss":0},{"damage_healed":23,"gold_gain":0,"player_choice":"Banana","damage_taken":0,"max_hp_gain":0,"max_hp_loss":0,"event_name":"Big Fish","floor":10,"gold_loss":0}],"is_beta":false,"boss_relics":[],"items_purged_floors":[3],"is_endless":false,"potions_floor_spawned":[1,11,12,13],"killed_by":"Slime Boss","ascension_level":9}