{"gold_per_floor":[217,231,244,256,256,256,268,268,268,301,301,301,301,311,311,415,415,434,445,462,387,398,398,114,125,151,151,167,186,186,200,200,305,305,322,340,44,60,77,77,77,96,96,96,96,96,106,121,121,121],"floor_reached":51,"playtime":881,"items_purged":["Strike_R","Strike_R"],"score":657,"play_id":"7a5422fd-4406-4b41-acf2-1f56e11687a8","local_time":"20190406144006","is_ascension_mode":false,"campfire_choices":[{"data":"Bash","floor":6,"key":"SMITH"},{"data":"Clash","floor":8,"key":"SMITH"},{"data":"Clash","floor":15,"key":"SMITH"},{"data":"Strike_R","floor":23,"key":"SMITH"},{"data":"Strike_R","floor":27,"key":"SMITH"},{"floor":32,"key":"REST"},{"data":"Double Tap","floor":40,"key":"SMITH"},{"floor":45,"key":"REST"},{"floor":49,"key":"REST"}],"neow_cost":"NONE","seed_source_timestamp":111903040443100,"circlet_count":0,"master_deck":["Strike_R+1","Strike_R+1","Bash+1","Clash+1","Clash+1","Reaper+1","Thunderclap+1","Heavy Blade+1","Sword Boomerang+1","Sword Boomerang+1","Pummel+1","Clash+1","Flame Barrier"],"relics":["Burning Blood","Molten Egg 2","Dead Branch","Du-Vu Doll","Empty Cage","Brimstone","Boot","Philosopher\u0027s Stone","Lee\u0027s Waffle","Paper Frog"],"potions_floor_usage":[10,16,33,48,50,50],"damage_taken":[{"damage":6,"enemies":"Cultist","floor":1,"turns":3},{"damage":11,"enemies":"Jaw Worm","floor":2,"turns":3},{"damage":3,"enemies":"Small Slimes","floor":3,"turns":2},{"damage":3,"enemies":"2 Fungi Beasts","floor":4,"turns":3},{"damage":24,"enemies":"Blue Slaver","floor":7,"turns":3},{"damage":31,"enemies":"3 Sentries","floor":10,"turns":7},{"damage":5,"enemies":"Looter","floor":14,"turns":3},{"damage":46,"enemies":"The Guardian","floor":16,"turns":8},{"damage":17,"enemies":"3 Byrds","floor":18,"turns":5},{"damage":16,"enemies":"Shell Parasite","floor":19,"turns":3},{"damage":21,"enemies":"Snake Plant","floor":20,"turns":3},{"damage":30,"enemies":"3 Cultists","floor":22,"turns":4},{"damage":0,"enemies":"Snecko","floor":25,"turns":2},{"damage":9,"enemies":"Centurion and Healer","floor":28,"turns":3},{"damage":0,"enemies":"Snake Plant","floor":29,"turns":2},{"damage":12,"enemies":"Cultist and Chosen","floor":31,"turns":2},{"damage":31,"enemies":"Champ","floor":33,"turns":5},{"damage":0,"enemies":"Orb Walker","floor":35,"turns":1},{"damage":29,"enemies":"3 Shapes","floor":36,"turns":3},{"damage":13,"enemies":"Sphere and 2 Shapes","floor":38,"turns":2},{"damage":0,"enemies":"Transient","floor":39,"turns":5},{"damage":62,"enemies":"4 Shapes","floor":42,"turns":3},{"damage":21,"enemies":"3 Darklings","floor":47,"turns":2},{"damage":6,"enemies":"Spire Growth","floor":48,"turns":3},{"damage":77,"enemies":"Time Eater","floor":50,"turns":4}],"seed_played":"-191458690870592059","potions_obtained":[{"floor":1,"key":"Regen Potion"},{"floor":2,"key":"BloodPotion"},{"floor":10,"key":"Regen Potion"},{"floor":16,"key":"Block Potion"},{"floor":18,"key":"FearPotion"},{"floor":33,"key":"Ancient Potion"},{"floor":47,"key":"BloodPotion"}],"is_trial":false,"path_per_floor":["M","M","M","M","?","R","M","R","T","E","?","?","?","M","R","B",null,"M","M","M","?","M","R","$","M","T","R","M","M","?","M","R","B",null,"M","M","$","M","M","R","?","M","T","?","R","?","M","M","R","B",null],"character_chosen":"IRONCLAD","items_purchased":["Brimstone","Lee\u0027s Waffle"],"campfire_rested":3,"item_purchase_floors":[24,37],"current_hp_per_floor":[80,75,78,80,73,73,55,55,55,60,53,37,37,43,43,18,80,77,67,52,52,43,43,43,62,62,62,77,80,72,66,80,63,80,80,57,87,80,87,87,87,31,31,31,57,57,42,57,83,31],"gold":121,"neow_bonus":"HUNDRED_GOLD","is_prod":false,"is_daily":false,"chose_seed":false,"campfire_upgraded":6,"win_rate":0,"timestamp":1554554406,"path_taken":["M","M","M","?","?","R","M","R","T","E","?","?","?","M","R","BOSS","M","M","M","?","M","R","$","M","T","R","M","M","?","?","R","BOSS","M","M","$","M","M","R","?","M","T","?","R","?","M","M","R","BOSS"],"build_version":"2019-01-23","purchased_purges":2,"victory":true,"max_hp_per_floor":[80,80,80,80,80,80,80,80,80,80,80,80,80,80,80,80,80,80,80,80,80,80,80,80,80,80,80,80,80,80,80,80,80,80,80,80,87,87,87,87,87,87,87,87,87,87,87,87,87,87],"card_choices":[{"not_picked":["Power Through","True Grit"],"picked":"Clash","floor":1},{"not_picked":["Second Wind","Anger"],"picked":"Clash","floor":2},{"not_picked":["Twin Strike","Metallicize","Body Slam"],"picked":"SKIP","floor":3},{"not_picked":["Havoc","Hemokinesis","Warcry"],"picked":"SKIP","floor":4},{"not_picked":["Body Slam+1","Power Through"],"picked":"Reaper+1","floor":7},{"not_picked":["Shockwave","Rage","Burning Pact"],"picked":"SKIP","floor":10},{"not_picked":["True Grit","Bloodletting","Clothesline+1"],"picked":"SKIP","floor":14},{"not_picked":["Clothesline+1","Second Wind+1"],"picked":"Thunderclap+1","floor":18},{"not_picked":["Feel No Pain","Sentinel+1","Second Wind"],"picked":"SKIP","floor":19},{"not_picked":["True Grit","Shockwave+1"],"picked":"Heavy Blade+1","floor":20},{"not_picked":["Infernal Blade+1","Uppercut+1","Armaments"],"picked":"SKIP","floor":22},{"not_picked":["Clash+1","Shrug It Off"],"picked":"Sword Boomerang+1","floor":25},{"not_picked":["Heavy Blade+1","Thunderclap+1"],"picked":"Sword Boomerang+1","floor":28},{"not_picked":["Clothesline+1","Dual Wield","Entrench"],"picked":"SKIP","floor":29},{"not_picked":["Berserk","Shrug It Off"],"picked":"Pummel+1","floor":31},{"not_picked":["Offering","Barricade"],"picked":"Double Tap","floor":33},{"not_picked":["Pommel Strike+1","Rage"],"picked":"Clash+1","floor":35},{"not_picked":["Bloodletting+1","Rage","Havoc+1"],"picked":"SKIP","floor":36},{"not_picked":["Perfected Strike+1","Clothesline+1","Twin Strike+1"],"picked":"SKIP","floor":38},{"not_picked":["Shrug It Off","Armaments","Havoc+1"],"picked":"SKIP","floor":39},{"not_picked":["Body Slam+1","Iron Wave+1","Pommel Strike+1"],"picked":"SKIP","floor":42},{"not_picked":["Shrug It Off","Havoc","Body Slam+1"],"picked":"SKIP","floor":47},{"not_picked":["Disarm","Dropkick+1","Seeing Red"],"picked":"SKIP","floor":48}],"player_experience":581066,"relics_obtained":[{"floor":9,"key":"Dead Branch"},{"floor":10,"key":"Du-Vu Doll"},{"floor":26,"key":"Boot"},{"floor":43,"key":"Paper Frog"}],"event_choices":[{"damage_healed":0,"gold_gain":0,"player_choice":"Success","damage_taken":7,"relics_obtained":["Molten Egg 2"],"max_hp_gain":0,"max_hp_loss":0,"event_name":"Scrap Ooze","floor":5,"gold_loss":0},{"cards_removed":["Defend_R"],"damage_healed":0,"gold_gain":0,"player_choice":"Card Removal","damage_taken":7,"max_hp_gain":0,"max_hp_loss":0,"event_name":"Golden Wing","floor":11,"gold_loss":0},{"damage_healed":0,"gold_gain":0,"player_choice":"Entered Light","damage_taken":16,"max_hp_gain":0,"max_hp_loss":0,"event_name":"Shining Light","floor":12,"gold_loss":0,"cards_upgraded":["Defend_R","Strike_R"]},{"damage_healed":0,"gold_gain":0,"player_choice":"Ignored","damage_taken":0,"max_hp_gain":0,"max_hp_loss":0,"event_name":"Liars Game","floor":13,"gold_loss":0},{"cards_removed":["Defend_R"],"damage_healed":0,"gold_gain":0,"player_choice":"Gave Gold","damage_taken":0,"max_hp_gain":0,"max_hp_loss":0,"event_name":"Beggar","floor":21,"gold_loss":75},{"damage_healed":0,"gold_gain":0,"player_choice":"Damaged","damage_taken":8,"max_hp_gain":0,"max_hp_loss":0,"event_name":"Wheel of Change","floor":30,"gold_loss":0},{"damage_healed":0,"gold_gain":0,"player_choice":"Memory 1","damage_taken":0,"max_hp_gain":0,"max_hp_loss":0,"event_name":"SensoryStone","floor":41,"gold_loss":0},{"cards_removed":["Double Tap"],"damage_healed":0,"gold_gain":0,"player_choice":"Removed Skill","damage_taken":0,"max_hp_gain":0,"max_hp_loss":0,"event_name":"Falling","floor":44,"gold_loss":0},{"damage_healed":0,"gold_gain":0,"cards_transformed":["Strike_R"],"player_choice":"Transformed","damage_taken":0,"max_hp_gain":0,"max_hp_loss":0,"event_name":"Transmorgrifier","floor":46,"gold_loss":0,"cards_obtained":["Flame Barrier"]}],"is_beta":false,"boss_relics":[{"not_picked":["Tiny House","Ectoplasm"],"picked":"Empty Cage"},{"not_picked":["Snecko Eye","Runic Cube"],"picked":"Philosopher\u0027s Stone"}],"items_purged_floors":[24,37],"is_endless":false,"potions_floor_spawned":[1,2,10,16,18,19,28,29,33,35,38,39,47],"ascension_level":0}