{"gold_per_floor":[109,109,109,20,32,60,60,60,87,100,31,31,65,12,12,86,86,106,121,121,133,183,183,183],"floor_reached":24,"playtime":1053,"items_purged":[],"score":354,"play_id":"1a48c93d-a130-4438-8665-17b937683d11","local_time":"20190429211233","is_ascension_mode":true,"campfire_choices":[{"data":"Neutralize","floor":7,"key":"SMITH"},{"floor":12,"key":"REST"},{"floor":15,"key":"REST"},{"data":"Grand Finale","floor":23,"key":"SMITH"}],"neow_cost":"PERCENT_DAMAGE","seed_source_timestamp":1581303431064848,"circlet_count":0,"master_deck":["AscendersBane","Defend_G","Defend_G+1","Defend_G","Defend_G","Defend_G","Strike_G","Strike_G+1","Survivor","Neutralize+1","Poisoned Stab","Blur","Bane","Dash","Quick Slash","Deadly Poison","Well Laid Plans","Grand Finale+1","Dagger Throw","Footwork","After Image","Quick Slash+1"],"relics":["Ring of the Snake","StoneCalendar","Lantern","Strawberry","Regal Pillow","Dream Catcher","Empty Cage"],"potions_floor_usage":[21,24],"damage_taken":[{"damage":1,"enemies":"Small Slimes","floor":1,"turns":3},{"damage":0,"enemies":"Jaw Worm","floor":5,"turns":4},{"damage":6,"enemies":"Lagavulin","floor":6,"turns":7},{"damage":0,"enemies":"Cultist","floor":10,"turns":3},{"damage":16,"enemies":"Gremlin Nob","floor":13,"turns":4},{"damage":22,"enemies":"Slime Boss","floor":16,"turns":7},{"damage":7,"enemies":"Spheric Guardian","floor":18,"turns":7},{"damage":1,"enemies":"Shell Parasite","floor":19,"turns":7},{"damage":17,"enemies":"Shelled Parasite and Fungi","floor":21,"turns":5},{"damage":47,"enemies":"Gremlin Leader","floor":24,"turns":6}],"seed_played":"7209218162717369463","potions_obtained":[{"floor":5,"key":"Fire Potion"},{"floor":6,"key":"SkillPotion"}],"is_trial":false,"path_per_floor":["M","?","T","$","M","E","R","?","T","M","$","R","E","$","R","B",null,"M","M","?","M","?","R","E"],"character_chosen":"THE_SILENT","items_purchased":["Blur","Bane","Well Laid Plans","Dagger Throw"],"campfire_rested":2,"item_purchase_floors":[4,4,11,14],"current_hp_per_floor":[43,36,36,36,36,37,37,15,15,15,15,51,35,35,71,49,67,60,59,59,42,42,42,0],"gold":183,"neow_bonus":"ONE_RARE_RELIC","is_prod":false,"is_daily":false,"chose_seed":false,"campfire_upgraded":2,"win_rate":0,"timestamp":1556583153,"path_taken":["M","?","?","$","?","E","R","?","T","M","?","R","E","$","R","BOSS","M","M","?","M","?","R","E"],"build_version":"2019-01-23","purchased_purges":0,"victory":false,"max_hp_per_floor":[66,66,66,66,66,73,73,73,73,73,73,73,73,73,73,73,73,73,73,73,73,73,73,73],"card_choices":[{"not_picked":["Quick Slash","Dagger Throw"],"picked":"Poisoned Stab","floor":1},{"not_picked":["Blur","Flechettes"],"picked":"Dash","floor":5},{"not_picked":["Wraith Form v2","Tactician"],"picked":"Quick Slash","floor":6},{"not_picked":["Prepared","Well Laid Plans"],"picked":"Deadly Poison","floor":10},{"not_picked":["Wraith Form v2","Dodge and Roll"],"picked":"Grand Finale","floor":13},{"not_picked":["Deflect","Quick Slash"],"picked":"Footwork","floor":15},{"not_picked":["Bullet Time","Die Die Die"],"picked":"After Image","floor":16},{"not_picked":["Eviscerate","Flying Knee","Sucker Punch"],"picked":"SKIP","floor":18},{"not_picked":["Reflex","Cloak And Dagger"],"picked":"Quick Slash+1","floor":19},{"not_picked":["Choke","Quick Slash","Tactician"],"picked":"SKIP","floor":21}],"player_experience":1265873,"relics_obtained":[{"floor":3,"key":"Lantern"},{"floor":6,"key":"Strawberry"},{"floor":9,"key":"Regal Pillow"},{"floor":13,"key":"Dream Catcher"}],"event_choices":[{"cards_removed":["Strike_G"],"damage_healed":0,"gold_gain":0,"player_choice":"Card Removal","damage_taken":7,"max_hp_gain":0,"max_hp_loss":0,"event_name":"Golden Wing","floor":2,"gold_loss":0},{"damage_healed":0,"gold_gain":0,"player_choice":"Entered Light","damage_taken":22,"max_hp_gain":0,"max_hp_loss":0,"event_name":"Shining Light","floor":8,"gold_loss":0,"cards_upgraded":["Strike_G","Defend_G"]},{"damage_healed":0,"gold_gain":0,"player_choice":"Ignored","damage_taken":0,"max_hp_gain":0,"max_hp_loss":0,"event_name":"Vampires","floor":20,"gold_loss":0},{"damage_healed":0,"gold_gain":50,"player_choice":"Stole From Cult","damage_taken":0,"max_hp_gain":0,"max_hp_loss":0,"event_name":"Nest","floor":22,"gold_loss":0}],"is_beta":false,"boss_relics":[{"not_picked":["HoveringKite","Pandora\u0027s Box"],"picked":"Empty Cage"}],"items_purged_floors":[],"is_endless":false,"potions_floor_spawned":[5,6,13,16,18,19],"killed_by":"Gremlin Leader","ascension_level":15}