{"gold_per_floor":[366,366,366,20,20,20,30,48,99,99,114,114,64,75,75,171,171,188,188,188,208,208,208,242,22,99,134,134,134,15,30,30,131,131,143,143,153,153,168,168,168,168,244,254,254,254,109,209,209,209],"floor_reached":51,"playtime":1320,"items_purged":["Decay","Pain"],"score":769,"play_id":"f32c72f9-534d-4ca7-8768-c8d8d60917b4","local_time":"20190509154024","is_ascension_mode":false,"campfire_choices":[{"data":"Zap","floor":6.0,"key":"SMITH"},{"data":"Storm","floor":12.0,"key":"SMITH"},{"data":"Dualcast","floor":15.0,"key":"SMITH"},{"data":"Electrodynamics","floor":23.0,"key":"SMITH"},{"data":"Defragment","floor":32.0,"key":"SMITH"},{"data":"Capacitor","floor":41.0,"key":"SMITH"},{"data":"Consume","floor":45.0,"key":"SMITH"},{"data":"Defragment","floor":49,"key":"SMITH"}],"neow_cost":"CURSE","seed_source_timestamp":2660700861748,"circlet_count":0,"master_deck":["Defend_B+1","Defend_B+1","Zap+1","Dualcast+1","Conserve Battery","Leap+1","Cold Snap","Storm+1","FTL","Electrodynamics+1","Coolheaded","Static Discharge+1","Bite","Bite","Bite","Bite","Capacitor","Ball Lightning","Consume+1","Meteor Strike","Defragment+1","Capacitor+1","Leap+1","Glacier+1","Echo Form","Compile Driver+1","Defragment+1","Conserve Battery","Defragment+1"],"special_seed":0,"relics":["Cracked Core","Potion Belt","Oddly Smooth Stone","Bronze Scales","Juzu Bracelet","Runic Dome","WarpedTongs","Cables","Pear","Question Card","Philosopher\u0027s Stone","Meat on the Bone","War Paint","Nunchaku"],"potions_floor_usage":[50,50,50,50,50],"damage_taken":[{"damage":1.0,"enemies":"2 Louse","floor":1.0,"turns":3.0},{"damage":0.0,"enemies":"Small Slimes","floor":7.0,"turns":3.0},{"damage":0.0,"enemies":"Cultist","floor":8.0,"turns":3.0},{"damage":0.0,"enemies":"Exordium Wildlife","floor":11.0,"turns":3.0},{"damage":0.0,"enemies":"Looter","floor":14.0,"turns":3.0},{"damage":11.0,"enemies":"The Guardian","floor":16.0,"turns":12.0},{"damage":8.0,"enemies":"Spheric Guardian","floor":18.0,"turns":4.0},{"damage":4.0,"enemies":"3 Byrds","floor":21.0,"turns":3.0},{"damage":25.0,"enemies":"Book of Stabbing","floor":24.0,"turns":4.0},{"damage":0.0,"enemies":"Gremlin Leader","floor":27.0,"turns":4.0},{"damage":11.0,"enemies":"Snake Plant","floor":31.0,"turns":2.0},{"damage":19.0,"enemies":"Automaton","floor":33.0,"turns":7.0},{"damage":2.0,"enemies":"3 Darklings","floor":35.0,"turns":3.0},{"damage":7.0,"enemies":"Orb Walker","floor":37.0,"turns":3.0},{"damage":2.0,"enemies":"4 Shapes","floor":39.0,"turns":3.0},{"damage":1.0,"enemies":"Transient","floor":44.0,"turns":5.0},{"damage":23,"enemies":"Mind Bloom Boss Battle","floor":48,"turns":4},{"damage":43,"enemies":"Awakened One","floor":50,"turns":6}],"seed_played":"-5101633700890439367","potions_obtained":[{"floor":1.0,"key":"AttackPotion"},{"floor":11.0,"key":"Ancient Potion"},{"floor":18.0,"key":"Regen Potion"},{"floor":27.0,"key":"FocusPotion"},{"floor":33.0,"key":"Explosive Potion"},{"floor":36.0,"key":"FairyPotion"},{"floor":36.0,"key":"Dexterity Potion"},{"floor":37.0,"key":"Dexterity Potion"},{"floor":48,"key":"Regen Potion"}],"is_trial":false,"path_per_floor":["M","?","?","$","?","R","M","M","T","T","M","R","?","M","R","B",null,"M","?","?","M","?","R","E","$","T","E","?","?","$","M","R","B",null,"M","?","M","?","M","?","R","?","T","M","R","?","$","?","R","B",null],"character_chosen":"DEFECT","items_purchased":["Oddly Smooth Stone","Conserve Battery","Leap","Cold Snap","Capacitor","Ball Lightning","Capacitor","Leap","War Paint"],"campfire_rested":0,"item_purchase_floors":[4,4,4,4,25,25,30,30,47],"current_hp_per_floor":[74,56,41,41,41,41,43,45,45,45,47,47,47,49,49,40,75,67,67,67,65,65,65,55,55,65,73,73,73,73,65,65,57,85,85,85,81,81,85,85,85,81,81,81,81,81,81,68,68,71],"gold":209,"neow_bonus":"TWO_FIFTY_GOLD","is_prod":false,"is_daily":false,"chose_seed":false,"campfire_upgraded":8,"win_rate":0,"timestamp":1557438024,"path_taken":["M","?","?","$","?","R","M","?","T","?","M","R","?","M","R","BOSS","M","?","?","M","?","R","E","$","T","E","?","?","$","M","R","BOSS","M","?","M","?","M","?","R","?","T","M","R","?","?","?","R","BOSS"],"build_version":"2019-01-23","purchased_purges":2,"victory":true,"max_hp_per_floor":[75,75,75,75,75,75,75,75,75,75,75,75,75,75,75,75,75,75,75,75,75,75,75,75,75,85,85,85,85,85,85,85,85,85,85,85,85,85,85,85,85,81,81,81,81,81,81,81,81,81],"card_choices":[{"not_picked":["Cold Snap","Sweeping Beam"],"picked":"Hello World","floor":1.0},{"not_picked":["Redo","Scrape","Barrage"],"picked":"SKIP","floor":7.0},{"not_picked":["Conserve Battery","Stack"],"picked":"Storm","floor":8.0},{"not_picked":["Aggregate","Reprogram","Streamline"],"picked":"SKIP","floor":11.0},{"not_picked":["Streamline","Compile Driver"],"picked":"FTL","floor":14.0},{"not_picked":["Thunder Strike","Rainbow"],"picked":"Electrodynamics","floor":16.0},{"not_picked":["Hologram","Skim"],"picked":"Coolheaded","floor":18.0},{"not_picked":["Stack","Conserve Battery"],"picked":"Static Discharge+1","floor":21.0},{"not_picked":["Double Energy+1","Barrage","Streamline+1"],"picked":"SKIP","floor":24.0},{"not_picked":["Barrage+1","Beam Cell"],"picked":"Consume","floor":27.0},{"not_picked":["Recycle","Darkness+1","Conserve Battery"],"picked":"Glacier+1","floor":31.0},{"not_picked":["Biased Cognition","Fission","Seek"],"picked":"Echo Form","floor":33.0},{"not_picked":["Force Field+1","Stack+1","Streamline"],"picked":"Compile Driver+1","floor":35.0},{"not_picked":["Steam","White Noise","Force Field+1"],"picked":"Defragment","floor":37.0},{"not_picked":["Cold Snap","Go for the Eyes","Gash"],"picked":"Conserve Battery","floor":39.0},{"not_picked":["Redo","Beam Cell+1","Sweeping Beam","Rebound+1"],"picked":"SKIP","floor":44.0},{"not_picked":["Rebound+1","Steam Power","Barrage+1"],"picked":"Defragment","floor":48}],"player_experience":1392689,"relics_obtained":[{"floor":9.0,"key":"Bronze Scales"},{"floor":10.0,"key":"Juzu Bracelet"},{"floor":24.0,"key":"Cables"},{"floor":26.0,"key":"Pear"},{"floor":27.0,"key":"Question Card"},{"floor":43.0,"key":"Meat on the Bone"},{"floor":48,"key":"Nunchaku"}],"event_choices":[{"damage_healed":0.0,"max_hp_gain":0.0,"max_hp_loss":0.0,"gold_gain":0.0,"event_name":"Scrap Ooze","player_choice":"Success","floor":2.0,"gold_loss":0.0,"damage_taken":18.0,"relics_obtained":["Potion Belt"]},{"damage_healed":0.0,"max_hp_gain":0.0,"max_hp_loss":0.0,"gold_gain":0.0,"event_name":"Shining Light","player_choice":"Entered Light","floor":3.0,"gold_loss":0.0,"damage_taken":15.0,"cards_upgraded":["Defend_B","Defend_B"]},{"damage_healed":0.0,"max_hp_gain":0.0,"max_hp_loss":0.0,"gold_gain":0.0,"event_name":"WeMeetAgain","player_choice":"Gave Potion","floor":5.0,"gold_loss":0.0,"damage_taken":0.0,"relics_obtained":["Blood Vial"]},{"cards_removed":["Defend_B"],"damage_healed":0.0,"max_hp_gain":0.0,"max_hp_loss":0.0,"gold_gain":0.0,"event_name":"The Cleric","player_choice":"Card Removal","floor":13.0,"gold_loss":50.0,"damage_taken":0.0},{"damage_healed":0.0,"max_hp_gain":0.0,"max_hp_loss":0.0,"gold_gain":0.0,"event_name":"Ghosts","player_choice":"Ignored","floor":19.0,"gold_loss":0.0,"damage_taken":0.0},{"damage_healed":0.0,"max_hp_gain":0.0,"max_hp_loss":0.0,"gold_gain":0.0,"event_name":"Accursed Blacksmith","player_choice":"Rummage","floor":20.0,"gold_loss":0.0,"damage_taken":0.0,"relics_obtained":["WarpedTongs"],"cards_obtained":["Pain"]},{"damage_healed":0.0,"max_hp_gain":0.0,"max_hp_loss":0.0,"gold_gain":0.0,"event_name":"Vampires","player_choice":"Became a vampire (Vial)","floor":22.0,"relics_lost":["Blood Vial"],"gold_loss":0.0,"damage_taken":0.0,"cards_obtained":["Bite","Bite","Bite","Bite","Bite"]},{"damage_healed":0.0,"max_hp_gain":0.0,"max_hp_loss":0.0,"gold_gain":0.0,"cards_transformed":["Defend_B"],"event_name":"Transmorgrifier","player_choice":"Transformed","floor":28.0,"gold_loss":0.0,"damage_taken":0.0,"cards_obtained":["Meteor Strike"]},{"damage_healed":0.0,"max_hp_gain":0.0,"max_hp_loss":0.0,"gold_gain":0.0,"event_name":"The Library","player_choice":"Read","floor":29.0,"gold_loss":0.0,"damage_taken":0.0,"cards_obtained":["Defragment"]},{"damage_healed":0.0,"max_hp_gain":0.0,"max_hp_loss":0.0,"gold_gain":0.0,"event_name":"Lab","player_choice":"Got Potions","floor":36.0,"gold_loss":0.0,"damage_taken":0.0},{"cards_removed":["Hello World"],"damage_healed":0.0,"max_hp_gain":0.0,"max_hp_loss":0.0,"gold_gain":0.0,"event_name":"Falling","player_choice":"Removed Power","floor":38.0,"gold_loss":0.0,"damage_taken":0.0},{"cards_removed":["Bite"],"damage_healed":0.0,"max_hp_gain":0.0,"max_hp_loss":0.0,"gold_gain":0.0,"event_name":"Purifier","player_choice":"Purged","floor":40.0,"gold_loss":0.0,"damage_taken":0.0},{"damage_healed":0.0,"max_hp_gain":0.0,"max_hp_loss":4.0,"gold_gain":0.0,"event_name":"Winding Halls","player_choice":"Max HP","floor":42.0,"gold_loss":0.0,"damage_taken":0.0},{"damage_healed":0.0,"max_hp_gain":0.0,"max_hp_loss":0.0,"gold_gain":0.0,"event_name":"Upgrade Shrine","player_choice":"Upgraded","floor":46.0,"gold_loss":0.0,"damage_taken":0.0,"cards_upgraded":["Defragment"]},{"damage_healed":0,"gold_gain":0,"player_choice":"Fight","damage_taken":0,"max_hp_gain":0,"max_hp_loss":0,"event_name":"MindBloom","floor":48,"gold_loss":0}],"is_beta":false,"boss_relics":[{"not_picked":["Eternal Feather","Busted Crown"],"picked":"Runic Dome"},{"not_picked":["Black Star","FrozenCore"],"picked":"Philosopher\u0027s Stone"}],"items_purged_floors":[4,25],"is_endless":false,"potions_floor_spawned":[1,11,18,27,33,37,39,48],"ascension_level":0}