{"gold_per_floor":[18,34,52,70,70,110,110,148,148,173,196,196,196,235,235,356,356,372,22,36,36,135,173,173,187,187,231,246,246,671,715,715,840,840,856,856,874,337,362,406,406,449,449,463,496,510,510,510,510,510,510,510,88,128,128],"floor_reached":56,"playtime":3898,"items_purged":["Pain","Shame","Injury"],"score":1598,"play_id":"9b235c54-836d-4307-8d6c-0a4c9228e662","local_time":"20190305052052","is_ascension_mode":true,"campfire_choices":[{"data":"Defragment","floor":7,"key":"SMITH"},{"data":"Hologram","floor":13,"key":"SMITH"},{"data":"Zap","floor":15,"key":"SMITH"},{"floor":24,"key":"REST"},{"data":"Loop","floor":29,"key":"SMITH"},{"floor":32,"key":"REST"},{"floor":41,"key":"RECALL"},{"data":"Machine Learning","floor":47,"key":"SMITH"},{"data":"Loop","floor":49,"key":"SMITH"},{"data":"Echo Form","floor":52,"key":"SMITH"}],"neow_cost":"NO_GOLD","seed_source_timestamp":306990231180690,"circlet_count":0,"master_deck":["Strike_B","Strike_B","Strike_B+1","Strike_B","Defend_B","Defend_B","Defend_B","Defend_B","Zap+1","Dualcast","Genetic Algorithm+1","Cold Snap","Conserve Battery","Rebound","Defragment+1","Doom and Gloom+1","Hologram+1","Leap+1","Cold Snap","Machine Learning+1","Coolheaded+1","White Noise","Cold Snap+1","Electrodynamics","Hello World","Loop+1","Chill","Blizzard+1","Loop+1","Echo Form+1","Defragment+1","Steam Power","Glacier+1","Self Repair","Force Field+1","Glacier+1","Biased Cognition","Chill+1","Conserve Battery+1","Dark Shackles+1","Panacea+1","Thinking Ahead+1","Coolheaded+1","Steam+1"],"relics":["Cracked Core","Golden Idol","Matryoshka","PreservedInsect","Regal Pillow","Gremlin Horn","WarpedTongs","Oddly Smooth Stone","White Beast Statue","Pantograph","War Paint","DataDisk","Bottled Tornado","Singing Bowl","Ornamental Fan","Old Coin","Pear","Bird Faced Urn","Philosopher\u0027s Stone","Membership Card","Toxic Egg 2","Bronze Scales","Art of War","Darkstone Periapt","Bag of Marbles","Bottled Lightning","Whetstone","Sling","Cables"],"potions_floor_usage":[6,6,10,23,25,25,27,40,42,50,55,55],"damage_taken":[{"damage":3,"enemies":"Jaw Worm","floor":1,"turns":3},{"damage":6,"enemies":"2 Louse","floor":2,"turns":4},{"damage":1,"enemies":"Cultist","floor":3,"turns":4},{"damage":0,"enemies":"Looter","floor":4,"turns":3},{"damage":22,"enemies":"Gremlin Nob","floor":6,"turns":4},{"damage":10,"enemies":"Lagavulin","floor":8,"turns":8},{"damage":1,"enemies":"Exordium Thugs","floor":10,"turns":4},{"damage":0,"enemies":"Lots of Slimes","floor":11,"turns":1},{"damage":4,"enemies":"3 Sentries","floor":14,"turns":4},{"damage":7,"enemies":"Hexaghost","floor":16,"turns":8},{"damage":14,"enemies":"Shell Parasite","floor":18,"turns":8},{"damage":12,"enemies":"2 Thieves","floor":20,"turns":4},{"damage":0,"enemies":"Book of Stabbing","floor":23,"turns":6},{"damage":0,"enemies":"Shelled Parasite and Fungi","floor":25,"turns":6},{"damage":19,"enemies":"Slavers","floor":27,"turns":2},{"damage":0,"enemies":"Centurion and Healer","floor":28,"turns":6},{"damage":25,"enemies":"Colosseum Slavers","floor":30,"turns":7},{"damage":7,"enemies":"Colosseum Nobs","floor":30,"turns":4},{"damage":5,"enemies":"Book of Stabbing","floor":31,"turns":6},{"damage":0,"enemies":"Collector","floor":33,"turns":10},{"damage":0,"enemies":"3 Shapes","floor":35,"turns":4},{"damage":14,"enemies":"3 Darklings","floor":37,"turns":2},{"damage":9,"enemies":"Transient","floor":39,"turns":5},{"damage":0,"enemies":"Giant Head","floor":40,"turns":9},{"damage":21,"enemies":"Reptomancer","floor":42,"turns":6},{"damage":0,"enemies":"Maw","floor":44,"turns":6},{"damage":0,"enemies":"Nemesis","floor":45,"turns":9},{"damage":0,"enemies":"Jaw Worm Horde","floor":46,"turns":2},{"damage":9,"enemies":"Awakened One","floor":50,"turns":12},{"damage":0,"enemies":"Shield and Spear","floor":54,"turns":7},{"damage":21,"enemies":"The Heart","floor":55,"turns":8}],"seed_played":"-6961812722107923083","potions_obtained":[{"floor":2,"key":"PowerPotion"},{"floor":3,"key":"SneckoOil"},{"floor":4,"key":"Poison Potion"},{"floor":10,"key":"Ancient Potion"},{"floor":18,"key":"LiquidBronze"},{"floor":20,"key":"EssenceOfSteel"},{"floor":23,"key":"Weak Potion"},{"floor":25,"key":"Fire Potion"},{"floor":27,"key":"Ancient Potion"},{"floor":28,"key":"Dexterity Potion"},{"floor":30,"key":"Strength Potion"},{"floor":33,"key":"GamblersBrew"},{"floor":37,"key":"Block Potion"},{"floor":40,"key":"SpeedPotion"},{"floor":42,"key":"Regen Potion"},{"floor":44,"key":"Block Potion"}],"is_trial":false,"path_per_floor":["M","M","M","M","?","E","R","E","T","M","M","?","R","E","R","B",null,"M","$","M","?","?","E","R","M","T","E","M","R","?","E","R","B",null,"M","?","M","$","M","E","R","E","T","M","E","M","R","?","R","B",null,"R","$","E","B",null],"character_chosen":"DEFECT","items_purchased":["Pantograph","White Noise","Membership Card","Toxic Egg 2","Glacier+1","Self Repair","Force Field+1","Bronze Scales","Coolheaded+1","Steam+1","PowerPotion","Bottled Lightning","Whetstone","Sling"],"campfire_rested":2,"item_purchase_floors":[19,19,38,38,38,38,38,38,53,53,53,53,53,53],"current_hp_per_floor":[86,80,79,79,79,57,57,47,47,46,46,46,46,42,42,35,82,68,68,56,56,56,56,82,82,82,63,63,63,41,36,78,92,92,92,92,80,80,85,92,92,94,94,94,96,96,96,86,86,96,96,96,96,98,98],"gold":128,"neow_bonus":"TWENTY_PERCENT_HP_BONUS","is_prod":false,"is_daily":false,"chose_seed":false,"campfire_upgraded":7,"win_rate":0,"timestamp":1551781252,"path_taken":["M","M","M","M","?","E","R","E","T","M","M","?","R","E","R","BOSS","M","$","?","?","?","E","R","M","T","E","M","R","?","E","R","BOSS","M","?","M","?","M","E","R","E","T","?","E","M","R","?","R","BOSS","R","$","E","BOSS"],"build_version":"2019-02-06","purchased_purges":3,"victory":true,"max_hp_per_floor":[89,89,89,89,82,82,82,82,82,82,82,82,82,82,82,82,82,82,82,82,82,82,82,82,82,82,82,82,82,92,92,92,92,92,92,92,92,92,92,92,92,94,94,94,96,96,96,96,96,96,96,96,96,98,98],"card_choices":[{"not_picked":["Beam Cell","Barrage"],"picked":"Genetic Algorithm","floor":1},{"not_picked":["Rip and Tear","Steam Power"],"picked":"Cold Snap","floor":2},{"not_picked":["Undo","Sweeping Beam"],"picked":"Conserve Battery","floor":3},{"not_picked":["Redo","Stack"],"picked":"Rebound","floor":4},{"not_picked":["Heatsinks","Streamline"],"picked":"Defragment","floor":6},{"not_picked":["Consume","Redo"],"picked":"Doom and Gloom","floor":8},{"not_picked":["Recycle","Storm"],"picked":"Hologram","floor":10},{"not_picked":["Go for the Eyes","Amplify"],"picked":"Leap","floor":11},{"not_picked":["Turbo","Fusion"],"picked":"Cold Snap","floor":14},{"not_picked":["Seek","All For One"],"picked":"Machine Learning","floor":16},{"not_picked":["Steam","Ball Lightning"],"picked":"Coolheaded+1","floor":18},{"not_picked":["Stack","Rip and Tear"],"picked":"Cold Snap+1","floor":20},{"not_picked":["Barrage+1","Cold Snap+1"],"picked":"Electrodynamics","floor":23},{"not_picked":["Redo","Streamline"],"picked":"Hello World","floor":25},{"not_picked":["Blizzard","Barrage"],"picked":"Loop","floor":27},{"not_picked":["Double Energy","Barrage"],"picked":"Chill","floor":28},{"not_picked":["Coolheaded","Darkness"],"picked":"Blizzard+1","floor":30},{"not_picked":["Reinforced Body","Go for the Eyes"],"picked":"Loop","floor":31},{"not_picked":["Fission","Creative AI"],"picked":"Echo Form","floor":33},{"not_picked":["Fusion+1","Sweeping Beam"],"picked":"Defragment+1","floor":35},{"not_picked":["Sweeping Beam","Reprogram"],"picked":"Steam Power","floor":37},{"not_picked":["Go for the Eyes","Gash+1"],"picked":"Glacier+1","floor":39},{"not_picked":["Hologram+1","Go for the Eyes"],"picked":"Biased Cognition","floor":40},{"not_picked":["Hologram+1","Multi-Cast+1","Stack+1"],"picked":"Singing Bowl","floor":42},{"not_picked":["White Noise+1","Static Discharge+1"],"picked":"Chill+1","floor":44},{"not_picked":["Gash","Genetic Algorithm+1","Biased Cognition"],"picked":"Singing Bowl","floor":45},{"not_picked":["White Noise+1","Ball Lightning"],"picked":"Conserve Battery+1","floor":46},{"not_picked":["Chrysalis+1","Panacea+1"],"picked":"Dark Shackles+1","floor":48},{"not_picked":["Secret Weapon+1","Enlightenment+1"],"picked":"Panacea+1","floor":48},{"not_picked":["Violence+1","Magnetism"],"picked":"Thinking Ahead+1","floor":48},{"not_picked":["Skim+1","Genetic Algorithm+1","Streamline"],"picked":"Singing Bowl","floor":54}],"player_experience":4807602,"relics_obtained":[{"floor":6,"key":"Matryoshka"},{"floor":8,"key":"PreservedInsect"},{"floor":9,"key":"Regal Pillow"},{"floor":9,"key":"Gremlin Horn"},{"floor":14,"key":"Oddly Smooth Stone"},{"floor":23,"key":"DataDisk"},{"floor":26,"key":"Bottled Tornado"},{"floor":26,"key":"Singing Bowl"},{"floor":27,"key":"Ornamental Fan"},{"floor":30,"key":"Old Coin"},{"floor":30,"key":"Pear"},{"floor":31,"key":"Bird Faced Urn"},{"floor":40,"key":"Art of War"},{"floor":42,"key":"Darkstone Periapt"},{"floor":45,"key":"Bag of Marbles"},{"floor":54,"key":"Cables"}],"event_choices":[{"damage_healed":0,"gold_gain":0,"player_choice":"Lose Max HP","damage_taken":0,"relics_obtained":["Golden Idol"],"max_hp_gain":0,"max_hp_loss":7,"event_name":"Golden Idol","floor":5,"gold_loss":0},{"damage_healed":0,"gold_gain":0,"player_choice":"Rummage","damage_taken":0,"relics_obtained":["WarpedTongs"],"max_hp_gain":0,"max_hp_loss":0,"event_name":"Accursed Blacksmith","floor":12,"gold_loss":0,"cards_obtained":["Pain"]},{"damage_healed":0,"gold_gain":0,"player_choice":"Stole Relic","damage_taken":0,"relics_obtained":["War Paint"],"max_hp_gain":0,"max_hp_loss":0,"event_name":"Addict","floor":21,"gold_loss":0,"cards_obtained":["Shame"]},{"damage_healed":0,"gold_gain":99,"player_choice":"Stole From Cult","damage_taken":0,"max_hp_gain":0,"max_hp_loss":0,"event_name":"Nest","floor":22,"gold_loss":0},{"damage_healed":0,"gold_gain":0,"player_choice":"Fight","damage_taken":0,"max_hp_gain":0,"max_hp_loss":0,"event_name":"Colosseum","floor":30,"gold_loss":0},{"damage_healed":0,"gold_gain":0,"player_choice":"Fought Nobs","damage_taken":0,"max_hp_gain":0,"max_hp_loss":0,"event_name":"Colosseum","floor":30,"gold_loss":0},{"damage_healed":0,"gold_gain":0,"player_choice":"1 cards matched","damage_taken":0,"max_hp_gain":0,"max_hp_loss":0,"event_name":"Match and Keep!","floor":36,"gold_loss":0,"cards_obtained":["Injury"]},{"damage_healed":0,"gold_gain":0,"player_choice":"Memory 3","damage_taken":10,"max_hp_gain":0,"max_hp_loss":0,"event_name":"SensoryStone","floor":48,"gold_loss":0}],"is_beta":true,"boss_relics":[{"not_picked":["FrozenCore","Snecko Eye"],"picked":"White Beast Statue"},{"not_picked":["Sozu","Tiny House"],"picked":"Philosopher\u0027s Stone"}],"items_purged_floors":[19,38,53],"is_endless":false,"potions_floor_spawned":[2,3,4,10,18,20,23,25,27,28,30,30,31,33,35,37,39,40,42,44,45,46,54],"ascension_level":1}