{"gold_per_floor":[118,40,58,21,21,56,74,92,92,119,119,129,129,156,156,156],"floor_reached":16,"playtime":361,"items_purged":[],"score":196,"play_id":"07231917-1bb1-4e9c-8190-ceb119083e2c","local_time":"20190130183011","is_ascension_mode":true,"campfire_choices":[{"data":"Demon Form","floor":11,"key":"SMITH"},{"data":"Disarm","floor":13,"key":"SMITH"},{"data":"Rage","floor":15,"key":"SMITH"}],"neow_cost":"NONE","seed_source_timestamp":64123028791384,"circlet_count":0,"master_deck":["Strike_R","Strike_R","Strike_R","Strike_R","Strike_R","Defend_R","Defend_R","Defend_R","Defend_R","Bash","Cleave","Demon Form+1","Dropkick","Disarm+1","Rage+1","True Grit","Second Wind","Wild Strike+1","Power Through","Power Through"],"relics":["Burning Blood","NeowsBlessing","Boot","WingedGreaves","Molten Egg 2","Blood Vial","Matryoshka"],"potions_floor_usage":[10,12,14],"damage_taken":[{"damage":0,"enemies":"2 Louse","floor":1,"turns":1},{"damage":0,"enemies":"Cultist","floor":3,"turns":1},{"damage":0,"enemies":"3 Sentries","floor":6,"turns":1},{"damage":5,"enemies":"Jaw Worm","floor":7,"turns":4},{"damage":16,"enemies":"3 Louse","floor":8,"turns":3},{"damage":17,"enemies":"Lagavulin","floor":10,"turns":6},{"damage":10,"enemies":"Red Slaver","floor":12,"turns":2},{"damage":25,"enemies":"3 Sentries","floor":14,"turns":5},{"damage":57,"enemies":"Slime Boss","floor":16,"turns":10}],"seed_played":"8081946577244611406","potions_obtained":[{"floor":1,"key":"Swift Potion"},{"floor":3,"key":"Block Potion"},{"floor":6,"key":"Weak Potion"},{"floor":12,"key":"Strength Potion"}],"is_trial":false,"path_per_floor":["M","$","M","$","?","E","M","M","T","E","R","M","R","E","R","B"],"character_chosen":"IRONCLAD","items_purchased":["Demon Form","Disarm"],"campfire_rested":0,"item_purchase_floors":[2,4],"current_hp_per_floor":[78,78,80,80,80,80,80,70,70,59,59,57,57,40,40,0],"gold":156,"neow_bonus":"THREE_ENEMY_KILL","is_prod":false,"is_daily":false,"chose_seed":false,"campfire_upgraded":3,"win_rate":0,"timestamp":1548883811,"path_taken":["M","$","M","$","?","E","M","?","T","E","R","?","R","E","R","BOSS"],"build_version":"2019-01-23","purchased_purges":0,"victory":false,"max_hp_per_floor":[80,80,80,80,80,80,80,80,80,80,80,80,80,80,80,80],"card_choices":[{"not_picked":["Dropkick","Warcry"],"picked":"Cleave","floor":1},{"not_picked":["Inflame","Sentinel"],"picked":"Dropkick","floor":3},{"not_picked":["Twin Strike","Sentinel"],"picked":"Rage","floor":6},{"not_picked":["Wild Strike","Clothesline"],"picked":"True Grit","floor":7},{"not_picked":["Pommel Strike","Entrench"],"picked":"Second Wind","floor":8},{"not_picked":["Combust","Rupture"],"picked":"Wild Strike+1","floor":10},{"not_picked":["Rage","Shrug It Off"],"picked":"Power Through","floor":12},{"not_picked":["Entrench","Reckless Charge+1"],"picked":"Power Through","floor":14}],"player_experience":690400,"relics_obtained":[{"floor":6,"key":"WingedGreaves"},{"floor":9,"key":"Molten Egg 2"},{"floor":10,"key":"Blood Vial"},{"floor":14,"key":"Matryoshka"}],"event_choices":[{"damage_healed":0,"gold_gain":0,"player_choice":"Gave Potion","damage_taken":0,"relics_obtained":["Boot"],"max_hp_gain":0,"max_hp_loss":0,"event_name":"WeMeetAgain","floor":5,"gold_loss":0}],"is_beta":false,"boss_relics":[],"items_purged_floors":[],"is_endless":false,"potions_floor_spawned":[1,3,6,12],"killed_by":"Slime Boss","ascension_level":7}