{"gold_per_floor":[126,138,150,237,265,277,318,347,359,390,402,1,1,19,19,90,90,101,101,119,34,51,78,95,95,144,156,156,206,206,223,223,223],"floor_reached":33,"playtime":1588,"items_purged":["Strike_R"],"score":481,"play_id":"8d2001a6-c541-4a43-88ed-6a5588b11737","local_time":"20190419234227","is_ascension_mode":true,"campfire_choices":[{"data":"Bash","floor":6,"key":"SMITH"},{"data":"Twin Strike","floor":11,"key":"SMITH"},{"floor":15,"key":"REST"},{"floor":25,"key":"REST"},{"floor":30,"key":"REST"},{"floor":32,"key":"REST"}],"neow_cost":"NONE","seed_source_timestamp":725706755958254,"circlet_count":0,"master_deck":["AscendersBane","Strike_R","Strike_R","Strike_R","Defend_R","Defend_R","Defend_R","Defend_R","Bash+1","Twin Strike+1","Power Through","Cleave","Iron Wave","Twin Strike","Whirlwind","Offering","Shockwave+1","Headbutt+1","Fiend Fire","Pummel","Warcry"],"relics":["Burning Blood","MawBank","WingedGreaves","FossilizedHelix","Charon\u0027s Ashes","Busted Crown","Ornamental Fan","Anchor"],"potions_floor_usage":[16,16,24,33],"damage_taken":[{"damage":2,"enemies":"Jaw Worm","floor":1,"turns":3},{"damage":0,"enemies":"Small Slimes","floor":5,"turns":3},{"damage":45,"enemies":"3 Sentries","floor":7,"turns":15},{"damage":0,"enemies":"2 Louse","floor":8,"turns":2},{"damage":0,"enemies":"Blue Slaver","floor":10,"turns":4},{"damage":6,"enemies":"Lots of Slimes","floor":14,"turns":3},{"damage":59,"enemies":"The Guardian","floor":16,"turns":15},{"damage":0,"enemies":"3 Byrds","floor":18,"turns":3},{"damage":6,"enemies":"Shell Parasite","floor":20,"turns":4},{"damage":13,"enemies":"Shelled Parasite and Fungi","floor":22,"turns":4},{"damage":31,"enemies":"Gremlin Leader","floor":23,"turns":5},{"damage":28,"enemies":"Sentry and Sphere","floor":24,"turns":6},{"damage":16,"enemies":"Snecko","floor":27,"turns":5},{"damage":0,"enemies":"Centurion and Healer","floor":31,"turns":4},{"damage":91,"enemies":"Collector","floor":33,"turns":10}],"seed_played":"-2073197094092859865","potions_obtained":[{"floor":5,"key":"Poison Potion"},{"floor":14,"key":"Swift Potion"},{"floor":20,"key":"Block Potion"},{"floor":23,"key":"FairyPotion"},{"floor":24,"key":"SkillPotion"}],"is_trial":false,"path_per_floor":["M","?","?","?","M","R","E","M","T","M","R","$","?","M","R","B",null,"M","?","M","$","M","E","M","R","T","M","?","?","R","M","R","B"],"character_chosen":"IRONCLAD","items_purchased":["Charon\u0027s Ashes","Fiend Fire"],"campfire_rested":4,"item_purchase_floors":[12,21],"current_hp_per_floor":[72,77,70,59,65,65,26,32,32,38,38,38,38,38,62,9,62,68,68,68,68,61,36,14,38,38,28,5,5,30,36,61,0],"gold":223,"neow_bonus":"RANDOM_COMMON_RELIC","is_prod":false,"is_daily":false,"chose_seed":false,"campfire_upgraded":2,"win_rate":0,"timestamp":1555728147,"path_taken":["M","?","?","?","M","R","E","M","T","M","R","$","?","M","R","BOSS","M","?","M","$","M","E","M","R","T","?","?","?","R","M","R","BOSS"],"build_version":"2019-01-23","purchased_purges":1,"victory":false,"max_hp_per_floor":[75,80,80,80,80,80,80,80,80,80,80,80,80,80,80,80,80,80,80,80,80,80,80,80,80,80,80,85,85,85,85,85,85],"card_choices":[{"not_picked":["True Grit","Pommel Strike"],"picked":"Twin Strike","floor":1},{"not_picked":["Body Slam","Anger"],"picked":"Power Through","floor":5},{"not_picked":["Sentinel","Sever Soul"],"picked":"Cleave","floor":7},{"not_picked":["Hemokinesis","Dual Wield"],"picked":"Iron Wave","floor":8},{"not_picked":["Body Slam","Cleave"],"picked":"Twin Strike","floor":10},{"not_picked":["Hemokinesis","Iron Wave"],"picked":"Whirlwind","floor":14},{"not_picked":["Bludgeon","Feed"],"picked":"Offering","floor":16},{"not_picked":[],"picked":"Shockwave","floor":18},{"not_picked":[],"picked":"Headbutt+1","floor":20},{"not_picked":[],"picked":"Pummel","floor":22},{"not_picked":["Wild Strike"],"picked":"SKIP","floor":23},{"not_picked":[],"picked":"Warcry","floor":24},{"not_picked":["Perfected Strike"],"picked":"SKIP","floor":27},{"not_picked":["Ghostly Armor"],"picked":"SKIP","floor":31}],"player_experience":1152350,"relics_obtained":[{"floor":7,"key":"WingedGreaves"},{"floor":9,"key":"FossilizedHelix"},{"floor":23,"key":"Ornamental Fan"},{"floor":26,"key":"Anchor"}],"event_choices":[{"damage_healed":0,"gold_gain":0,"player_choice":"Donut","damage_taken":0,"max_hp_gain":5,"max_hp_loss":0,"event_name":"Big Fish","floor":2,"gold_loss":0},{"cards_removed":["Strike_R"],"damage_healed":0,"gold_gain":0,"player_choice":"Card Removal","damage_taken":7,"max_hp_gain":0,"max_hp_loss":0,"event_name":"Golden Wing","floor":3,"gold_loss":0},{"damage_healed":0,"gold_gain":75,"player_choice":"Gather Gold","damage_taken":11,"max_hp_gain":0,"max_hp_loss":0,"event_name":"World of Goop","floor":4,"gold_loss":0},{"damage_healed":0,"gold_gain":0,"player_choice":"Ignored","damage_taken":0,"max_hp_gain":0,"max_hp_loss":0,"event_name":"Liars Game","floor":13,"gold_loss":0},{"damage_healed":0,"gold_gain":0,"player_choice":"Upgraded","damage_taken":0,"max_hp_gain":0,"max_hp_loss":0,"event_name":"Upgrade Shrine","floor":19,"gold_loss":0,"cards_upgraded":["Shockwave"]},{"damage_healed":0,"gold_gain":0,"player_choice":"Shed Blood","damage_taken":28,"max_hp_gain":5,"max_hp_loss":0,"event_name":"Forgotten Altar","floor":28,"gold_loss":0},{"damage_healed":0,"gold_gain":50,"player_choice":"Stole From Cult","damage_taken":0,"max_hp_gain":0,"max_hp_loss":0,"event_name":"Nest","floor":29,"gold_loss":0}],"is_beta":false,"boss_relics":[{"not_picked":["Philosopher\u0027s Stone","Mark of Pain"],"picked":"Busted Crown"}],"items_purged_floors":[12],"is_endless":false,"potions_floor_spawned":[5,14,20,23,24,31],"killed_by":"Collector","ascension_level":16}