{"gold_per_floor":[116,131,48,66,85,116,116,147,170,201,221,251,267,277,277,376,376,392,29,41,53,69,69,103,103,133,164,164,164,164,180,180,180],"floor_reached":33,"playtime":1289,"items_purged":[],"score":412,"play_id":"62b04a60-4fe8-46e6-8eaf-0089e3d6a30c","local_time":"20190504164259","is_ascension_mode":true,"campfire_choices":[{"data":"Fiend Fire","floor":7.0,"key":"SMITH"},{"data":"Uppercut","floor":15.0,"key":"SMITH"},{"floor":23.0,"key":"REST"},{"data":"Shrug It Off","floor":25.0,"key":"SMITH"},{"floor":32,"key":"RECALL"}],"neow_cost":"NONE","seed_source_timestamp":0,"circlet_count":0,"master_deck":["Strike_R","Strike_R","Strike_R","Strike_R","Strike_R","Defend_R+1","Defend_R","Defend_R+1","Defend_R","Bash","Fiend Fire+1","Cleave","Uppercut+1","Shrug It Off+1","Inflame","Feel No Pain","Anger","Cleave","Juggernaut","Rage","Inflame","Inflame","Disarm","Reaper","Berserk","Heavy Blade+1","Fiend Fire+1","Warcry","Pummel","Intimidate","Normality","Writhe","Pain","Flame Barrier"],"special_seed":0,"relics":["Burning Blood","Blood Vial","War Paint","Oddly Smooth Stone","Odd Mushroom","Anchor","Cursed Key","Vajra","DollysMirror","Regal Pillow","Tiny Chest","Red Skull","Bronze Scales","FossilizedHelix"],"potions_floor_usage":[27,27],"damage_taken":[{"damage":9.0,"enemies":"Jaw Worm","floor":1.0,"turns":3.0},{"damage":0.0,"enemies":"Small Slimes","floor":2.0,"turns":2.0},{"damage":0.0,"enemies":"Cultist","floor":4.0,"turns":2.0},{"damage":3.0,"enemies":"Looter","floor":5.0,"turns":4.0},{"damage":20.0,"enemies":"Gremlin Nob","floor":6.0,"turns":4.0},{"damage":20.0,"enemies":"Lagavulin","floor":8.0,"turns":6.0},{"damage":26.0,"enemies":"3 Sentries","floor":10.0,"turns":5.0},{"damage":15.0,"enemies":"The Mushroom Lair","floor":11.0,"turns":3.0},{"damage":19.0,"enemies":"Lagavulin","floor":12.0,"turns":5.0},{"damage":0.0,"enemies":"Lots of Slimes","floor":13.0,"turns":1.0},{"damage":26.0,"enemies":"Exordium Thugs","floor":14.0,"turns":5.0},{"damage":19.0,"enemies":"Slime Boss","floor":16.0,"turns":6.0},{"damage":10.0,"enemies":"Shell Parasite","floor":18.0,"turns":6.0},{"damage":21.0,"enemies":"Spheric Guardian","floor":20.0,"turns":4.0},{"damage":9.0,"enemies":"Snake Plant","floor":21.0,"turns":4.0},{"damage":21.0,"enemies":"Chosen and Byrds","floor":22.0,"turns":5.0},{"damage":21.0,"enemies":"Book of Stabbing","floor":24.0,"turns":6.0},{"damage":64,"enemies":"Gremlin Leader","floor":27,"turns":6},{"damage":0,"enemies":"Snecko","floor":31,"turns":2},{"damage":37,"enemies":"Automaton","floor":33,"turns":4}],"seed_played":"8324800758907893651","potions_obtained":[{"floor":5.0,"key":"Explosive Potion"},{"floor":6.0,"key":"SteroidPotion"},{"floor":8.0,"key":"LiquidBronze"},{"floor":10.0,"key":"Regen Potion"},{"floor":11.0,"key":"Regen Potion"},{"floor":14.0,"key":"Poison Potion"},{"floor":16.0,"key":"Energy Potion"},{"floor":20.0,"key":"Block Potion"},{"floor":24.0,"key":"EntropicBrew"}],"is_trial":false,"path_per_floor":["M","M","$","M","M","E","R","E","T","E","?","E","M","M","R","B",null,"M","$","M","M","M","R","E","R","T","E","?","?","T","M","R","B"],"character_chosen":"IRONCLAD","items_purchased":["Shrug It Off","Inflame","Vajra","DollysMirror","Warcry"],"campfire_rested":1,"item_purchase_floors":[3,3,19,19,19],"current_hp_per_floor":[69,75,75,80,80,66,66,54,54,36,38,41,49,31,31,29,67,65,65,54,53,50,74,68,68,68,22,22,22,22,30,30,0],"gold":180,"neow_bonus":"ONE_RANDOM_RARE_CARD","is_prod":false,"is_daily":false,"chose_seed":false,"campfire_upgraded":3,"win_rate":0,"timestamp":1557002579,"path_taken":["M","M","$","M","M","E","R","E","T","E","?","E","M","M","R","BOSS","M","$","M","M","M","R","E","R","T","E","?","?","?","?","R","BOSS"],"build_version":"2019-01-23","purchased_purges":0,"victory":false,"max_hp_per_floor":[80,80,80,80,80,80,80,80,80,80,80,80,80,80,80,80,80,80,80,80,80,80,80,80,80,80,80,80,80,80,80,80,80],"card_choices":[{"not_picked":["Headbutt","Warcry"],"picked":"Cleave","floor":1.0},{"not_picked":["Sever Soul","Thunderclap"],"picked":"Uppercut","floor":2.0},{"not_picked":["Shockwave","Rupture"],"picked":"Feel No Pain","floor":4.0},{"not_picked":["Havoc","Clash"],"picked":"Anger","floor":5.0},{"not_picked":["Blood for Blood","Entrench"],"picked":"Cleave","floor":6.0},{"not_picked":["Sentinel","Clash"],"picked":"Juggernaut","floor":8.0},{"not_picked":["Clothesline","Perfected Strike"],"picked":"Rage","floor":10.0},{"not_picked":["Thunderclap","Rage"],"picked":"Inflame","floor":11.0},{"not_picked":["Blood for Blood","Bloodletting"],"picked":"Inflame","floor":12.0},{"not_picked":["Havoc","Thunderclap"],"picked":"Disarm","floor":13.0},{"not_picked":["Twin Strike","Thunderclap"],"picked":"Reaper","floor":14.0},{"not_picked":["Demon Form","Brutality"],"picked":"Berserk","floor":16.0},{"not_picked":["Seeing Red","Perfected Strike"],"picked":"Heavy Blade+1","floor":18.0},{"not_picked":["Dual Wield","Fire Breathing+1","Heavy Blade"],"picked":"SKIP","floor":20.0},{"not_picked":["Sever Soul","Second Wind+1","Juggernaut"],"picked":"SKIP","floor":21.0},{"not_picked":["Body Slam","Rage"],"picked":"Pummel","floor":22.0},{"not_picked":["Searing Blow+1","Combust"],"picked":"Intimidate","floor":24.0},{"not_picked":["Hemokinesis","Iron Wave+1","Sentinel"],"picked":"SKIP","floor":27},{"not_picked":["Inflame","Pommel Strike+1"],"picked":"Flame Barrier","floor":31}],"player_experience":153477,"relics_obtained":[{"floor":6.0,"key":"Blood Vial"},{"floor":8.0,"key":"War Paint"},{"floor":10.0,"key":"Oddly Smooth Stone"},{"floor":11.0,"key":"Odd Mushroom"},{"floor":12.0,"key":"Anchor"},{"floor":24.0,"key":"Regal Pillow"},{"floor":26.0,"key":"Tiny Chest"},{"floor":27,"key":"Red Skull"},{"floor":30,"key":"FossilizedHelix"}],"event_choices":[{"damage_healed":0.0,"max_hp_gain":0.0,"max_hp_loss":0.0,"gold_gain":0.0,"event_name":"Mushrooms","player_choice":"Fought Mushrooms","floor":11.0,"gold_loss":0.0,"damage_taken":0.0},{"damage_healed":0,"gold_gain":0,"player_choice":"Opened","damage_taken":0,"relics_obtained":["Bronze Scales"],"max_hp_gain":0,"max_hp_loss":0,"event_name":"The Mausoleum","floor":28,"gold_loss":0,"cards_obtained":["Writhe"]},{"damage_healed":0,"gold_gain":0,"player_choice":"Ignored","damage_taken":0,"max_hp_gain":0,"max_hp_loss":0,"event_name":"Ghosts","floor":29,"gold_loss":0}],"is_beta":false,"boss_relics":[{"not_picked":["Astrolabe","Orrery"],"picked":"Cursed Key"}],"items_purged_floors":[],"is_endless":false,"potions_floor_spawned":[5,6,8,10,11,14,16,20,24,31],"killed_by":"Automaton","ascension_level":6}