{"gold_per_floor":[117,130,130,130,143,160,192,192,192,192,217,251,426,460,460,585,585,601,601,601,526,537,565,565,599,599,625,636,648,659,671,671,769,769,779,779,832,319,336,336,364,364,364,395,395,420,420,432,432,432,432,432,8,38,38],"floor_reached":56,"playtime":3919,"items_purged":["Strike_G","Strike_G"],"score":1521,"play_id":"bd98850b-7b4b-4743-a170-1439967faf89","local_time":"20190514225707","is_ascension_mode":true,"campfire_choices":[{"data":"Footwork","floor":8,"key":"SMITH"},{"data":"Infinite Blades","floor":15,"key":"SMITH"},{"data":"A Thousand Cuts","floor":24,"key":"SMITH"},{"data":"Footwork","floor":32,"key":"SMITH"},{"floor":40,"key":"RECALL"},{"data":"Doppelganger","floor":45,"key":"SMITH"},{"data":"A Thousand Cuts","floor":49,"key":"SMITH"},{"data":"Discovery","floor":52,"key":"SMITH"}],"neow_cost":"NONE","seed_source_timestamp":957412958023427,"circlet_count":0,"master_deck":["Defend_G","Defend_G","Defend_G","Defend_G","Defend_G","Strike_G","Survivor","Neutralize+1","Slice","Footwork+1","Dagger Throw","Dash","Escape Plan","Underhanded Strike","Infinite Blades+1","Choke","Footwork+1","A Thousand Cuts+1","Backflip","Ghostly","Ghostly","Ghostly","Ghostly","Ghostly","Backstab","Sucker Punch+1","Heel Hook+1","Masterful Stab+1","Dodge and Roll+1","Finisher+1","Doppelganger+1","Deflect+1","Accuracy+1","Cloak And Dagger","Acrobatics","Backflip","Dark Shackles","Trip","Discovery+1","Cloak And Dagger","A Thousand Cuts+1","Flash of Steel+1","Caltrops+1"],"relics":["Ring of the Snake","Oddly Smooth Stone","Gremlin Horn","Bloody Idol","Meat on the Bone","Blood Vial","Runic Dome","Lantern","Potion Belt","Molten Egg 2","Ginger","Empty Cage","Mango","Ancient Tea Set","Bottled Lightning","The Courier","Kunai","Paper Crane","Orichalcum","Vajra","Bag of Preparation"],"potions_floor_usage":[7,12,16,29,33,33,33,50,55,55,55,55,55],"damage_taken":[{"damage":0,"enemies":"2 Louse","floor":1,"turns":2},{"damage":0,"enemies":"Jaw Worm","floor":2,"turns":6},{"damage":0,"enemies":"Small Slimes","floor":5,"turns":2},{"damage":7,"enemies":"Exordium Wildlife","floor":6,"turns":7},{"damage":0,"enemies":"3 Sentries","floor":7,"turns":11},{"damage":1,"enemies":"2 Fungi Beasts","floor":11,"turns":4},{"damage":14,"enemies":"Gremlin Nob","floor":12,"turns":4},{"damage":6,"enemies":"Lagavulin","floor":14,"turns":10},{"damage":37,"enemies":"Hexaghost","floor":16,"turns":14},{"damage":18,"enemies":"Spheric Guardian","floor":18,"turns":6},{"damage":5,"enemies":"Shell Parasite","floor":22,"turns":7},{"damage":6,"enemies":"Slavers","floor":23,"turns":8},{"damage":6,"enemies":"Gremlin Leader","floor":25,"turns":8},{"damage":0,"enemies":"Book of Stabbing","floor":27,"turns":7},{"damage":0,"enemies":"Snake Plant","floor":28,"turns":5},{"damage":3,"enemies":"Chosen and Byrds","floor":29,"turns":6},{"damage":4,"enemies":"Shelled Parasite and Fungi","floor":30,"turns":4},{"damage":1,"enemies":"Centurion and Healer","floor":31,"turns":6},{"damage":0,"enemies":"Collector","floor":33,"turns":9},{"damage":0,"enemies":"3 Shapes","floor":35,"turns":5},{"damage":22,"enemies":"2 Orb Walkers","floor":37,"turns":7},{"damage":10,"enemies":"Orb Walker","floor":39,"turns":4},{"damage":15,"enemies":"Giant Head","floor":41,"turns":10},{"damage":0,"enemies":"Reptomancer","floor":44,"turns":7},{"damage":0,"enemies":"Nemesis","floor":46,"turns":9},{"damage":1,"enemies":"Spire Growth","floor":48,"turns":5},{"damage":1,"enemies":"Awakened One","floor":50,"turns":17},{"damage":17,"enemies":"Shield and Spear","floor":54,"turns":4},{"damage":23,"enemies":"The Heart","floor":55,"turns":12}],"seed_played":"-5278502362881102444","potions_obtained":[{"floor":1,"key":"Block Potion"},{"floor":2,"key":"Strength Potion"},{"floor":6,"key":"Block Potion"},{"floor":14,"key":"Fruit Juice"},{"floor":18,"key":"Explosive Potion"},{"floor":23,"key":"Dexterity Potion"},{"floor":25,"key":"Explosive Potion"},{"floor":27,"key":"Ancient Potion"},{"floor":31,"key":"Block Potion"},{"floor":37,"key":"Ancient Potion"},{"floor":44,"key":"PowerPotion"},{"floor":48,"key":"SkillPotion"},{"floor":54,"key":"FearPotion"}],"is_trial":false,"path_per_floor":["M","M","?","?","M","M","E","R","T","?","M","E","?","E","R","B",null,"M","?","?","?","M","E","R","E","T","E","M","M","M","M","R","B",null,"M","?","?","$","M","R","E","?","T","E","R","E","?","M","R","B",null,"R","$","E","B",null],"character_chosen":"THE_SILENT","items_purchased":["Ancient Tea Set","Bottled Lightning","Cloak And Dagger","Orichalcum","Vajra","Weak Potion","Flash of Steel+1"],"campfire_rested":0,"item_purchase_floors":[38,38,38,53,53,53,53],"current_hp_per_floor":[70,70,75,75,75,68,68,68,68,50,49,35,35,41,41,23,80,62,62,40,40,40,39,39,39,39,40,40,40,40,40,40,40,40,40,40,49,49,46,46,38,28,28,35,35,42,42,48,48,49,51,51,51,39,30],"gold":38,"neow_bonus":"THREE_CARDS","is_prod":false,"is_daily":false,"chose_seed":false,"campfire_upgraded":7,"win_rate":0,"timestamp":1557889027,"path_taken":["M","M","?","?","M","M","E","R","T","?","M","E","?","E","R","BOSS","M","?","?","?","M","E","R","E","T","E","M","M","M","M","R","BOSS","M","?","?","$","?","R","E","?","T","E","R","E","?","M","R","BOSS","R","$","E","BOSS"],"build_version":"2019-05-07","purchased_purges":2,"victory":true,"max_hp_per_floor":[70,70,75,75,75,75,75,75,75,75,75,75,75,75,75,80,80,80,80,40,40,40,40,40,40,40,40,40,40,40,40,40,40,40,40,40,54,54,54,54,54,54,54,54,54,54,51,51,51,51,51,51,51,51,51],"card_choices":[{"not_picked":["Bane","Underhanded Strike"],"picked":"Slice","floor":0},{"not_picked":["Tactician","Concentrate"],"picked":"Footwork","floor":1},{"not_picked":["Concentrate","Outmaneuver"],"picked":"Dagger Throw","floor":2},{"not_picked":["Cloak And Dagger","Quick Slash"],"picked":"Dash","floor":5},{"not_picked":["Dagger Throw","Expertise"],"picked":"Escape Plan","floor":6},{"not_picked":["Dodge and Roll","Deflect"],"picked":"Underhanded Strike","floor":7},{"not_picked":["Slice","Underhanded Strike"],"picked":"Infinite Blades","floor":11},{"not_picked":["Quick Slash","Storm of Steel"],"picked":"Choke","floor":12},{"not_picked":["Bane","Dagger Spray"],"picked":"Footwork","floor":14},{"not_picked":["Storm of Steel","Burst"],"picked":"A Thousand Cuts","floor":16},{"not_picked":["Slice","Heel Hook"],"picked":"Backflip","floor":18},{"not_picked":["Concentrate","Quick Slash+1","Bouncing Flask+1"],"picked":"SKIP","floor":22},{"not_picked":["Outmaneuver","Poisoned Stab"],"picked":"Backstab","floor":23},{"not_picked":["Bouncing Flask","Tactician+1"],"picked":"Expertise+1","floor":25},{"not_picked":["Skewer+1","Slice+1"],"picked":"Sucker Punch+1","floor":27},{"not_picked":["Dagger Spray+1","Calculated Gamble+1"],"picked":"Heel Hook+1","floor":28},{"not_picked":["Storm of Steel","Underhanded Strike+1"],"picked":"Masterful Stab+1","floor":29},{"not_picked":["Slice+1","PiercingWail"],"picked":"Dodge and Roll+1","floor":30},{"not_picked":["Deflect","Crippling Poison"],"picked":"Finisher+1","floor":31},{"not_picked":["Unload+1","Phantasmal Killer"],"picked":"Doppelganger","floor":33},{"not_picked":["Deadly Poison+1","Poisoned Stab+1"],"picked":"Deflect+1","floor":35},{"not_picked":["Predator+1","Caltrops"],"picked":"Accuracy+1","floor":37},{"not_picked":["Riddle With Holes+1","Setup+1"],"picked":"Acrobatics","floor":39},{"not_picked":["Outmaneuver+1","Deadly Poison+1"],"picked":"Backflip","floor":41},{"not_picked":["Impatience","Purity"],"picked":"Dark Shackles","floor":42},{"not_picked":["Swift Strike+1","Enlightenment"],"picked":"Trip","floor":42},{"not_picked":["The Bomb","Madness"],"picked":"Discovery","floor":42},{"not_picked":["Skewer+1","Terror+1"],"picked":"Cloak And Dagger","floor":44},{"not_picked":["Footwork","Prepared+1"],"picked":"A Thousand Cuts","floor":46},{"not_picked":["Acrobatics","Flechettes+1","Expertise"],"picked":"SKIP","floor":48},{"not_picked":["Outmaneuver+1","PiercingWail+1"],"picked":"Caltrops+1","floor":54}],"player_experience":5761747,"relics_obtained":[{"floor":7,"key":"Oddly Smooth Stone"},{"floor":9,"key":"Gremlin Horn"},{"floor":12,"key":"Meat on the Bone"},{"floor":14,"key":"Blood Vial"},{"floor":23,"key":"Lantern"},{"floor":25,"key":"Potion Belt"},{"floor":26,"key":"Molten Egg 2"},{"floor":27,"key":"Ginger"},{"floor":37,"key":"Mango"},{"floor":41,"key":"The Courier"},{"floor":44,"key":"Kunai"},{"floor":46,"key":"Paper Crane"},{"floor":54,"key":"Bag of Preparation"}],"event_choices":[{"damage_healed":0,"gold_gain":0,"player_choice":"Donut","damage_taken":0,"max_hp_gain":5,"max_hp_loss":0,"event_name":"Big Fish","floor":3,"gold_loss":0},{"damage_healed":0,"gold_gain":0,"player_choice":"Grow","damage_taken":0,"max_hp_gain":0,"max_hp_loss":0,"event_name":"Living Wall","floor":4,"gold_loss":0,"cards_upgraded":["Neutralize"]},{"damage_healed":0,"gold_gain":0,"player_choice":"Take Damage","damage_taken":18,"relics_obtained":["Golden Idol"],"max_hp_gain":0,"max_hp_loss":0,"event_name":"Golden Idol","floor":10,"gold_loss":0},{"damage_healed":0,"gold_gain":175,"player_choice":"AGREE","damage_taken":0,"max_hp_gain":0,"max_hp_loss":0,"event_name":"Liars Game","floor":13,"gold_loss":0,"cards_obtained":["Doubt"]},{"damage_healed":0,"gold_gain":0,"player_choice":"Gave Idol","damage_taken":0,"relics_obtained":["Bloody Idol"],"max_hp_gain":0,"max_hp_loss":0,"event_name":"Forgotten Altar","floor":19,"relics_lost":["Golden Idol"],"gold_loss":0},{"damage_healed":0,"gold_gain":0,"player_choice":"Became a Ghost","damage_taken":0,"max_hp_gain":0,"max_hp_loss":40,"event_name":"Ghosts","floor":20,"gold_loss":0,"cards_obtained":["Ghostly","Ghostly","Ghostly","Ghostly","Ghostly"]},{"cards_removed":["Doubt"],"damage_healed":0,"gold_gain":0,"player_choice":"Gave Gold","damage_taken":0,"max_hp_gain":0,"max_hp_loss":0,"event_name":"Beggar","floor":21,"gold_loss":75},{"cards_removed":["Expertise"],"damage_healed":0,"gold_gain":0,"player_choice":"Removed Skill","damage_taken":0,"max_hp_gain":0,"max_hp_loss":0,"event_name":"Falling","floor":36,"gold_loss":0},{"damage_healed":0,"gold_gain":0,"player_choice":"Fight","damage_taken":0,"max_hp_gain":0,"max_hp_loss":0,"event_name":"Mysterious Sphere","floor":37,"gold_loss":0},{"damage_healed":0,"gold_gain":0,"player_choice":"Memory 3","damage_taken":10,"max_hp_gain":0,"max_hp_loss":0,"event_name":"SensoryStone","floor":42,"gold_loss":0},{"damage_healed":0,"gold_gain":0,"player_choice":"Max HP","damage_taken":0,"max_hp_gain":0,"max_hp_loss":3,"event_name":"Winding Halls","floor":47,"gold_loss":0}],"is_beta":true,"boss_relics":[{"not_picked":["Snecko Eye","Black Star"],"picked":"Runic Dome"},{"not_picked":["Lizard Tail","Ring of the Serpent"],"picked":"Empty Cage"}],"items_purged_floors":[38,53],"is_endless":false,"potions_floor_spawned":[1,2,6,14,18,23,25,27,31,37,44,48,54],"ascension_level":1}