{"gold_per_floor":[111,131,131,56,76,101,118,118,118,118,131,131,131,145,145,241,241,254,49,49,68,68,96,26,26,26,0,0,27,27,38,38,138,138,152,163,163,7,21,48,48,48],"floor_reached":42,"playtime":1905,"items_purged":["Regret"],"score":510,"play_id":"764608e5-c0a4-4c37-95b6-c4d8e9838864","local_time":"20190418150640","is_ascension_mode":true,"campfire_choices":[{"floor":8,"key":"DIG"},{"floor":13,"key":"DIG"},{"floor":15,"key":"DIG"},{"floor":25,"key":"REST"},{"floor":28,"key":"REST"},{"floor":30,"key":"DIG"},{"floor":32,"key":"REST"},{"floor":41,"key":"REST"}],"neow_cost":"NONE","seed_source_timestamp":518112977557400,"circlet_count":0,"master_deck":["Defend_G+1","Defend_G+1","Defend_G+1","Defend_G+1","Defend_G+1","Strike_G+1","Strike_G+1","Strike_G+1","Strike_G+1","Strike_G+1","Survivor","Neutralize+1","Deadly Poison","Endless Agony","Footwork","Flying Knee","Skewer","Corpse Explosion","Dagger Throw","Malaise","Finisher","Backflip+1","Deflect+1","Distraction","Malaise","Envenom","Quick Slash+1","Outmaneuver+1","Blade Dance+1","Dodge and Roll+1"],"relics":["Ring of the Serpent","Vajra","Shovel","Shuriken","Gremlin Horn","Dodecahedron","Ancient Tea Set","Chemical X","Happy Flower","Bottled Tornado","Boot","Bird Faced Urn","Eternal Feather","Oddly Smooth Stone","Regal Pillow"],"potions_floor_usage":[21,23,40,42,42],"damage_taken":[{"damage":0,"enemies":"Cultist","floor":1,"turns":4},{"damage":0,"enemies":"Small Slimes","floor":2,"turns":4},{"damage":0,"enemies":"Jaw Worm","floor":5,"turns":3},{"damage":14,"enemies":"3 Sentries","floor":6,"turns":11},{"damage":4,"enemies":"Red Slaver","floor":7,"turns":4},{"damage":2,"enemies":"Exordium Wildlife","floor":11,"turns":4},{"damage":0,"enemies":"2 Fungi Beasts","floor":14,"turns":2},{"damage":48,"enemies":"Hexaghost","floor":16,"turns":11},{"damage":6,"enemies":"3 Byrds","floor":18,"turns":2},{"damage":9,"enemies":"Shell Parasite","floor":21,"turns":4},{"damage":31,"enemies":"Slavers","floor":23,"turns":3},{"damage":4,"enemies":"Book of Stabbing","floor":29,"turns":5},{"damage":17,"enemies":"Snake Plant","floor":31,"turns":3},{"damage":53,"enemies":"Collector","floor":33,"turns":9},{"damage":13,"enemies":"3 Darklings","floor":35,"turns":4},{"damage":14,"enemies":"3 Shapes","floor":36,"turns":4},{"damage":2,"enemies":"Sphere and 2 Shapes","floor":39,"turns":6},{"damage":45,"enemies":"Nemesis","floor":40,"turns":7},{"damage":80,"enemies":"Reptomancer","floor":42,"turns":3}],"seed_played":"3587905705155485681","potions_obtained":[{"floor":5,"key":"SteroidPotion"},{"floor":6,"key":"Poison Potion"},{"floor":7,"key":"GamblersBrew"},{"floor":11,"key":"EssenceOfSteel"},{"floor":31,"key":"SpeedPotion"},{"floor":33,"key":"SkillPotion"},{"floor":40,"key":"GamblersBrew"}],"is_trial":false,"path_per_floor":["M","M","?","$","M","E","M","R","T","?","M","T","R","M","R","B",null,"M","$","?","M","?","E","$","R","T","?","R","E","R","M","R","B",null,"M","M","?","$","M","E","R","E"],"character_chosen":"THE_SILENT","items_purchased":["Chemical X","Distraction","Oddly Smooth Stone"],"campfire_rested":4,"item_purchase_floors":[19,24,38],"current_hp_per_floor":[70,70,70,70,70,56,52,52,52,52,50,50,50,50,50,2,70,64,64,64,55,55,24,24,45,45,45,66,62,62,47,68,17,70,57,47,47,47,47,6,60,0],"gold":48,"neow_bonus":"UPGRADE_CARD","is_prod":false,"is_daily":false,"chose_seed":false,"campfire_upgraded":0,"win_rate":0,"timestamp":1555614400,"path_taken":["M","?","?","$","M","E","M","R","T","?","M","?","R","M","R","BOSS","M","$","?","M","?","E","$","R","T","?","R","E","R","M","R","BOSS","M","M","?","$","?","E","R","E"],"build_version":"2019-01-23","purchased_purges":1,"victory":false,"max_hp_per_floor":[70,70,70,70,70,70,70,70,70,70,70,70,70,70,70,70,70,70,70,70,70,70,70,70,70,70,70,70,70,70,70,70,70,70,70,70,70,70,70,70,70,70],"card_choices":[{"not_picked":["Backflip","Blade Dance"],"picked":"Deadly Poison","floor":1},{"not_picked":["PiercingWail","Eviscerate"],"picked":"Endless Agony","floor":2},{"not_picked":["Deflect","Prepared"],"picked":"Footwork","floor":5},{"not_picked":["Terror","Underhanded Strike"],"picked":"Flying Knee","floor":6},{"not_picked":["Backflip","PiercingWail"],"picked":"Skewer","floor":7},{"not_picked":["Catalyst","Escape Plan"],"picked":"Corpse Explosion","floor":11},{"not_picked":["Endless Agony","Sucker Punch"],"picked":"Dagger Throw","floor":14},{"not_picked":["Corpse Explosion","Wraith Form v2"],"picked":"Malaise","floor":16},{"not_picked":["Slice","Backflip"],"picked":"Finisher","floor":18},{"not_picked":["Terror+1","Deadly Poison"],"picked":"Backflip+1","floor":21},{"not_picked":["Underhanded Strike","Predator"],"picked":"Deflect+1","floor":23},{"not_picked":["Choke+1","Sucker Punch+1"],"picked":"Malaise","floor":29},{"not_picked":["Slice","Blur","Predator"],"picked":"SKIP","floor":31},{"not_picked":["Venomology","Tools of the Trade"],"picked":"Envenom","floor":33},{"not_picked":["Accuracy+1","Well Laid Plans+1"],"picked":"Quick Slash+1","floor":35},{"not_picked":["Bane","Dodge and Roll"],"picked":"Outmaneuver+1","floor":36},{"not_picked":["Deflect","Blur+1"],"picked":"Blade Dance+1","floor":39},{"not_picked":["Well Laid Plans+1","Deflect+1"],"picked":"Dodge and Roll+1","floor":40}],"player_experience":95722,"relics_obtained":[{"floor":6,"key":"Shovel"},{"floor":8,"key":"Shuriken"},{"floor":9,"key":"Gremlin Horn"},{"floor":13,"key":"Dodecahedron"},{"floor":15,"key":"Ancient Tea Set"},{"floor":23,"key":"Happy Flower"},{"floor":26,"key":"Bottled Tornado"},{"floor":29,"key":"Boot"},{"floor":30,"key":"Bird Faced Urn"},{"floor":40,"key":"Regal Pillow"}],"event_choices":[{"damage_healed":0,"gold_gain":0,"player_choice":"Box","damage_taken":0,"relics_obtained":["Vajra"],"max_hp_gain":0,"max_hp_loss":0,"event_name":"Big Fish","floor":3,"gold_loss":0,"cards_obtained":["Regret"]},{"damage_healed":0,"gold_gain":0,"player_choice":"Ignored","damage_taken":0,"max_hp_gain":0,"max_hp_loss":0,"event_name":"Golden Wing","floor":10,"gold_loss":0},{"damage_healed":0,"gold_gain":0,"player_choice":"Ignored","damage_taken":0,"max_hp_gain":0,"max_hp_loss":0,"event_name":"Vampires","floor":20,"gold_loss":0},{"damage_healed":0,"gold_gain":0,"player_choice":"Simplicity","damage_taken":0,"max_hp_gain":0,"max_hp_loss":0,"event_name":"Back to Basics","floor":22,"gold_loss":0,"cards_upgraded":["Defend_G","Defend_G","Defend_G","Defend_G","Defend_G","Strike_G","Strike_G","Strike_G","Strike_G","Strike_G"]},{"damage_healed":0,"gold_gain":0,"player_choice":"Paid Fearfully","damage_taken":0,"max_hp_gain":0,"max_hp_loss":0,"event_name":"Masked Bandits","floor":27,"gold_loss":26},{"damage_healed":0,"gold_gain":0,"player_choice":"Bought 0 Potions","damage_taken":0,"max_hp_gain":0,"max_hp_loss":0,"event_name":"The Woman in Blue","floor":37,"gold_loss":0}],"is_beta":false,"boss_relics":[{"not_picked":["Fusion Hammer","Cursed Key"],"picked":"Ring of the Serpent"},{"not_picked":["White Beast Statue","Orrery"],"picked":"Eternal Feather"}],"items_purged_floors":[4],"is_endless":false,"potions_floor_spawned":[5,6,7,11,18,31,33,39,40],"killed_by":"Reptomancer","ascension_level":2}