{"gold_per_floor":[111,57,57,77,93,119,119,119,172,182,193,193,204,237,237,237],"floor_reached":16,"playtime":893,"items_purged":[],"score":224,"play_id":"f0429376-2182-4295-a638-35ae533a9699","local_time":"20190404150405","is_ascension_mode":true,"campfire_choices":[{"data":"Zap","floor":7,"key":"SMITH"},{"floor":12,"key":"REST"},{"data":"Doom and Gloom","floor":15,"key":"SMITH"}],"neow_cost":"NONE","seed_source_timestamp":18771804432013,"circlet_count":0,"master_deck":["AscendersBane","Strike_B","Strike_B","Strike_B","Defend_B+1","Defend_B","Defend_B","Defend_B","Zap+1","Dualcast+1","Reinforced Body","Capacitor","Barrage","Go for the Eyes","FTL","Doom and Gloom+1"],"relics":["Cracked Core","Art of War","Boot","War Paint","Ancient Tea Set","Shovel"],"potions_floor_usage":[6,16,16],"damage_taken":[{"damage":2,"enemies":"Jaw Worm","floor":1,"turns":4},{"damage":1,"enemies":"Cultist","floor":4,"turns":3},{"damage":5,"enemies":"Small Slimes","floor":5,"turns":4},{"damage":15,"enemies":"3 Sentries","floor":6,"turns":8},{"damage":9,"enemies":"Red Slaver","floor":10,"turns":3},{"damage":8,"enemies":"Blue Slaver","floor":11,"turns":4},{"damage":4,"enemies":"2 Fungi Beasts","floor":13,"turns":3},{"damage":16,"enemies":"Lagavulin","floor":14,"turns":8},{"damage":30,"enemies":"Hexaghost","floor":16,"turns":8}],"seed_played":"63280166234193736","potions_obtained":[{"floor":5,"key":"GamblersBrew"},{"floor":10,"key":"LiquidBronze"},{"floor":11,"key":"PowerPotion"}],"is_trial":false,"path_per_floor":["M","$","?","M","M","E","R","?","T","M","M","R","M","E","R","B"],"character_chosen":"DEFECT","items_purchased":["AttackPotion"],"campfire_rested":1,"item_purchase_floors":[2],"current_hp_per_floor":[62,62,62,61,56,41,41,41,41,32,24,45,41,25,25,0],"gold":237,"neow_bonus":"RANDOM_COMMON_RELIC","is_prod":false,"is_daily":false,"chose_seed":false,"campfire_upgraded":2,"win_rate":0,"timestamp":1554404645,"path_taken":["M","$","?","M","?","E","R","?","T","M","?","R","M","E","R","BOSS"],"build_version":"2019-01-23","purchased_purges":0,"victory":false,"max_hp_per_floor":[71,71,71,71,71,71,71,71,71,71,71,71,71,71,71,71],"card_choices":[{"not_picked":["Sweeping Beam","Conserve Battery"],"picked":"Reinforced Body","floor":1},{"not_picked":["Rebound","Redo","Force Field"],"picked":"SKIP","floor":4},{"not_picked":["Leap","Conserve Battery"],"picked":"Capacitor","floor":5},{"not_picked":["Turbo","White Noise","Stack"],"picked":"SKIP","floor":6},{"not_picked":["Melter","Redo"],"picked":"Barrage","floor":10},{"not_picked":["Loop","BootSequence"],"picked":"Go for the Eyes","floor":11},{"not_picked":["Genetic Algorithm","Stack"],"picked":"FTL","floor":13},{"not_picked":["Melter","Fission"],"picked":"Doom and Gloom","floor":14}],"player_experience":1224476,"relics_obtained":[{"floor":6,"key":"Boot"},{"floor":9,"key":"Ancient Tea Set"},{"floor":14,"key":"Shovel"}],"event_choices":[{"damage_healed":0,"gold_gain":0,"cards_transformed":["Strike_B"],"player_choice":"Transformed","damage_taken":0,"max_hp_gain":0,"max_hp_loss":0,"event_name":"Transmorgrifier","floor":3,"gold_loss":0,"cards_obtained":["Recycle"]},{"cards_removed":["Recycle"],"damage_healed":0,"gold_gain":0,"player_choice":"Gave Card","damage_taken":0,"relics_obtained":["War Paint"],"max_hp_gain":0,"max_hp_loss":0,"event_name":"WeMeetAgain","floor":8,"gold_loss":0}],"is_beta":false,"boss_relics":[],"items_purged_floors":[],"is_endless":false,"potions_floor_spawned":[5,10,11,14],"killed_by":"Hexaghost","ascension_level":20}