{"gold_per_floor":[113,123,17,29,29,54,54,69,69,69,84,118,129,104,104,209,209,224,238,238,255,268,268,268,301,349,349],"floor_reached":27,"playtime":2053,"items_purged":[],"score":245,"play_id":"72f231cd-6cff-4f90-bc44-15b06dcc7bc5","local_time":"20190318201544","is_ascension_mode":false,"campfire_choices":[{"data":"Genetic Algorithm","floor":7.0,"key":"SMITH"},{"floor":10.0,"key":"REST"},{"data":"All For One","floor":15.0,"key":"SMITH"},{"floor":23.0,"key":"REST"}],"neow_cost":"NONE","seed_source_timestamp":0,"circlet_count":0,"master_deck":["Strike_B","Strike_B","Strike_B","Strike_B","Defend_B","Defend_B","Defend_B","Defend_B","Zap","Dualcast","Ball Lightning","Stack","Rebound","FTL","Barrage","Genetic Algorithm+1","Auto Shields","Cold Snap","Self Repair","Gash","All For One+1","Steam","Creative AI","Gash","Compile Driver","Coolheaded","Beam Cell","Ball Lightning","Melter","Hologram","Stack","Sunder","Hologram"],"special_seed":0,"relics":["Cracked Core","Dream Catcher","Bronze Scales","Lantern","Dodecahedron","Orrery","MutagenicStrength","Centennial Puzzle","Blood Vial"],"potions_floor_usage":[],"damage_taken":[{"damage":0.0,"enemies":"Small Slimes","floor":1.0,"turns":2.0},{"damage":0.0,"enemies":"2 Louse","floor":2.0,"turns":2.0},{"damage":6.0,"enemies":"Jaw Worm","floor":4.0,"turns":2.0},{"damage":19.0,"enemies":"Lagavulin","floor":6.0,"turns":5.0},{"damage":18.0,"enemies":"Lots of Slimes","floor":8.0,"turns":3.0},{"damage":9.0,"enemies":"2 Fungi Beasts","floor":11.0,"turns":3.0},{"damage":3.0,"enemies":"Gremlin Nob","floor":12.0,"turns":4.0},{"damage":2.0,"enemies":"Blue Slaver","floor":13.0,"turns":3.0},{"damage":25.0,"enemies":"Hexaghost","floor":16.0,"turns":9.0},{"damage":6.0,"enemies":"Shell Parasite","floor":18.0,"turns":5.0},{"damage":16.0,"enemies":"3 Byrds","floor":19.0,"turns":3.0},{"damage":17.0,"enemies":"Snecko","floor":21.0,"turns":4.0},{"damage":25.0,"enemies":"Centurion and Healer","floor":22.0,"turns":8.0},{"damage":42.0,"enemies":"Gremlin Leader","floor":25.0,"turns":4.0},{"damage":20,"enemies":"Chosen and Byrds","floor":27,"turns":4}],"seed_played":"-1152605227529756797","potions_obtained":[{"floor":2.0,"key":"SneckoOil"},{"floor":12.0,"key":"Energy Potion"},{"floor":16.0,"key":"Poison Potion"},{"floor":19.0,"key":"SteroidPotion"},{"floor":25.0,"key":"GamblersBrew"}],"is_trial":false,"path_per_floor":["M","M","$","M","?","E","R","M","T","R","M","E","M","$","R","B",null,"M","M","?","M","M","R","?","E","T","M"],"character_chosen":"DEFECT","items_purchased":["Rebound","FTL","Steam"],"campfire_rested":2,"item_purchase_floors":[3,3,14],"current_hp_per_floor":[75,75,75,69,74,55,55,37,37,61,52,56,61,61,61,36,80,80,64,64,47,29,53,53,18,18,0],"gold":349,"neow_bonus":"RANDOM_COMMON_RELIC","is_prod":false,"is_daily":false,"chose_seed":false,"campfire_upgraded":2,"win_rate":0.0,"timestamp":1552954544,"path_taken":["M","M","$","M","?","E","R","M","T","R","M","E","M","$","R","BOSS","M","M","?","M","M","R","?","E","T","M"],"build_version":"2019-01-23","purchased_purges":0,"victory":false,"max_hp_per_floor":[75,75,75,75,80,80,80,80,80,80,80,80,80,80,80,80,80,80,80,80,80,80,80,80,80,80,80],"card_choices":[{"not_picked":["Barrage","Sweeping Beam"],"picked":"Ball Lightning","floor":1.0},{"not_picked":["Barrage","Ball Lightning"],"picked":"Stack","floor":2.0},{"not_picked":["Turbo","Aggregate"],"picked":"Barrage","floor":4.0},{"not_picked":["Cold Snap","Sweeping Beam"],"picked":"Genetic Algorithm","floor":6.0},{"not_picked":["Sweeping Beam","Leap"],"picked":"Auto Shields","floor":8.0},{"not_picked":["Fusion","Streamline"],"picked":"Cold Snap","floor":10.0},{"not_picked":["Blizzard","Rebound"],"picked":"Self Repair","floor":11.0},{"not_picked":["Rebound","Darkness"],"picked":"Gash","floor":12.0},{"not_picked":["Self Repair","Gash"],"picked":"All For One","floor":13.0},{"not_picked":["Meteor Strike","Thunder Strike"],"picked":"Creative AI","floor":16.0},{"not_picked":["Hologram","Rebound"],"picked":"Gash","floor":17.0},{"not_picked":["Force Field","Coolheaded"],"picked":"Compile Driver","floor":17.0},{"not_picked":["Fusion","Auto Shields"],"picked":"Coolheaded","floor":17.0},{"not_picked":["Rebound","Steam"],"picked":"Beam Cell","floor":17.0},{"not_picked":["Rebound","Heatsinks"],"picked":"Sweeping Beam","floor":17.0},{"not_picked":["Coolheaded","Heatsinks+1"],"picked":"Ball Lightning","floor":18.0},{"not_picked":["Reboot","Coolheaded"],"picked":"Melter","floor":19.0},{"not_picked":["Steam","Cold Snap"],"picked":"Hologram","floor":21.0},{"not_picked":["Auto Shields","Cold Snap"],"picked":"Stack","floor":22.0},{"not_picked":["Skim+1","Genetic Algorithm"],"picked":"Sunder","floor":23.0},{"not_picked":["Heatsinks+1","Creative AI"],"picked":"Hologram","floor":25.0}],"player_experience":13850,"relics_obtained":[{"floor":6.0,"key":"Bronze Scales"},{"floor":9.0,"key":"Lantern"},{"floor":12.0,"key":"Dodecahedron"},{"floor":25.0,"key":"Centennial Puzzle"},{"floor":26,"key":"Blood Vial"}],"event_choices":[{"damage_healed":0.0,"max_hp_gain":5.0,"max_hp_loss":0.0,"gold_gain":0.0,"event_name":"Big Fish","player_choice":"Donut","floor":5.0,"gold_loss":0.0,"damage_taken":0.0},{"damage_healed":0.0,"max_hp_gain":0.0,"max_hp_loss":0.0,"gold_gain":0.0,"event_name":"Drug Dealer","player_choice":"Inject Mutagens","floor":20.0,"gold_loss":0.0,"damage_taken":0.0,"relics_obtained":["MutagenicStrength"]},{"cards_removed":["Sweeping Beam"],"damage_healed":0.0,"max_hp_gain":0.0,"max_hp_loss":0.0,"gold_gain":0.0,"event_name":"Purifier","player_choice":"Purged","floor":24.0,"gold_loss":0.0,"damage_taken":0.0}],"is_beta":false,"boss_relics":[{"not_picked":["Inserter","Runic Dome"],"picked":"Orrery"}],"items_purged_floors":[],"is_endless":false,"potions_floor_spawned":[2,12,16,19,25],"killed_by":"Chosen and Byrds","ascension_level":0}