{"gold_per_floor":[116,66,78,3,21,21,21,21,21,21,21,38,58,93,93,197,197,210,210,222,222,28,28,57,57,57,69,107,136,158,270,282,396,408,439,232,250,268,281,307,307,333,387,400,445,445,464,496,496,496,496,496,17,51,51],"floor_reached":55,"playtime":4889,"items_purged":["Strike_G","Bite","Reflex+1"],"score":870,"play_id":"1a91c516-d7cf-4b46-997e-f3e6798f32e5","local_time":"20190506162220","is_ascension_mode":false,"campfire_choices":[{"data":"Dagger Spray","floor":6,"key":"SMITH"},{"data":"Neutralize","floor":8,"key":"SMITH"},{"floor":11,"key":"DIG"},{"floor":15,"key":"DIG"},{"data":"Flechettes","floor":23,"key":"SMITH"},{"data":"Well Laid Plans","floor":25,"key":"SMITH"},{"floor":27,"key":"DIG"},{"data":"Catalyst","floor":32,"key":"SMITH"},{"data":"Noxious Fumes","floor":41,"key":"SMITH"},{"floor":49,"key":"RECALL"},{"data":"Burst","floor":52,"key":"SMITH"}],"neow_cost":"PERCENT_DAMAGE","seed_source_timestamp":705909101571853,"circlet_count":0,"master_deck":["Defend_G","Defend_G","Defend_G","Survivor","Neutralize+1","Deflect","Backflip","Dagger Spray+1","Flechettes+1","Well Laid Plans+1","Burst+1","Sucker Punch+1","Deadly Poison+1","Escape Plan+1","Bite+1","Bite","Bite","Bite+1","Catalyst+1","Adrenaline","Acrobatics+1","Noxious Fumes+1","Setup+1","Deflect+1","Deflect+1","Footwork+1","Catalyst+1","Prepared+1","Escape Plan"],"relics":["Ring of the Serpent","Shovel","Matryoshka","Incense Burner","Strawberry","Astrolabe","Sling","Pen Nib","Whetstone","MawBank","Bag of Marbles","Oddly Smooth Stone","Blue Candle","Darkstone Periapt","Bottled Lightning","Ancient Tea Set","Calipers","Shuriken","Art of War","Frozen Eye","Blood Vial"],"potions_floor_usage":[20,28,33,35,38,39,40,54,54,55],"damage_taken":[{"damage":0,"enemies":"Jaw Worm","floor":1,"turns":7},{"damage":0,"enemies":"2 Louse","floor":3,"turns":2},{"damage":0,"enemies":"Small Slimes","floor":5,"turns":6},{"damage":0,"enemies":"Blue Slaver","floor":12,"turns":4},{"damage":3,"enemies":"Large Slime","floor":13,"turns":7},{"damage":6,"enemies":"3 Sentries","floor":14,"turns":9},{"damage":21,"enemies":"The Guardian","floor":16,"turns":16},{"damage":0,"enemies":"Spheric Guardian","floor":18,"turns":3},{"damage":8,"enemies":"2 Thieves","floor":20,"turns":4},{"damage":8,"enemies":"Slavers","floor":24,"turns":5},{"damage":21,"enemies":"Book of Stabbing","floor":28,"turns":6},{"damage":10,"enemies":"Snake Plant","floor":29,"turns":3},{"damage":3,"enemies":"Shelled Parasite and Fungi","floor":30,"turns":6},{"damage":2,"enemies":"Colosseum Slavers","floor":31,"turns":3},{"damage":2,"enemies":"Colosseum Nobs","floor":31,"turns":4},{"damage":24,"enemies":"Collector","floor":33,"turns":5},{"damage":11,"enemies":"3 Darklings","floor":35,"turns":4},{"damage":0,"enemies":"3 Shapes","floor":37,"turns":3},{"damage":19,"enemies":"Jaw Worm Horde","floor":38,"turns":4},{"damage":10,"enemies":"Spire Growth","floor":39,"turns":2},{"damage":7,"enemies":"Nemesis","floor":40,"turns":5},{"damage":0,"enemies":"Reptomancer","floor":42,"turns":4},{"damage":0,"enemies":"3 Darklings","floor":44,"turns":4},{"damage":21,"enemies":"2 Orb Walkers","floor":45,"turns":5},{"damage":0,"enemies":"4 Shapes","floor":47,"turns":2},{"damage":0,"enemies":"Giant Head","floor":48,"turns":4},{"damage":7,"enemies":"Donu and Deca","floor":50,"turns":9},{"damage":13,"enemies":"Shield and Spear","floor":54,"turns":10},{"damage":82,"enemies":"The Heart","floor":55,"turns":8}],"seed_played":"-5115038799425657703","potions_obtained":[{"floor":5,"key":"Energy Potion"},{"floor":14,"key":"Block Potion"},{"floor":16,"key":"Swift Potion"},{"floor":29,"key":"Fire Potion"},{"floor":30,"key":"Poison Potion"},{"floor":35,"key":"Poison Potion"},{"floor":39,"key":"EssenceOfSteel"},{"floor":45,"key":"SpeedPotion"},{"floor":47,"key":"AttackPotion"},{"floor":48,"key":"Poison Potion"}],"is_trial":false,"path_per_floor":["M","?","M","$","M","R","?","R","T","?","R","M","M","E","R","B",null,"M","?","M","?","$","R","E","R","T","R","E","M","M","?","R","B",null,"M","$","M","M","M","E","R","E","T","M","?","?","M","E","R","B",null,"R","$","E","B"],"character_chosen":"THE_SILENT","items_purchased":["Sling","Noxious Fumes","PowerPotion","Art of War","Frozen Eye"],"campfire_rested":0,"item_purchase_floors":[22,36,36,53,53],"current_hp_per_floor":[63,63,63,63,63,63,63,63,63,68,68,68,65,59,66,45,96,96,77,69,69,69,69,69,69,69,69,59,61,70,70,70,48,70,69,69,70,64,56,62,62,70,70,70,56,56,62,70,70,70,70,70,70,63,0],"gold":51,"neow_bonus":"TWENTY_PERCENT_HP_BONUS","is_prod":false,"is_daily":false,"chose_seed":false,"campfire_upgraded":7,"win_rate":0,"timestamp":1557156140,"path_taken":["M","?","M","$","M","R","?","R","T","?","R","M","M","E","R","BOSS","M","?","M","?","?","R","E","R","T","R","E","M","M","?","R","BOSS","M","$","M","M","M","E","R","E","T","M","?","?","M","E","R","BOSS","R","$","E","BOSS"],"build_version":"2019-04-23","purchased_purges":3,"victory":false,"max_hp_per_floor":[84,84,84,84,84,84,84,84,84,89,89,89,89,89,96,96,96,96,101,101,70,70,70,70,70,70,70,70,70,70,70,70,70,70,70,70,70,70,70,70,70,70,70,70,70,70,70,70,70,70,70,70,70,70,70],"card_choices":[{"not_picked":["Blade Dance","Slice"],"picked":"Deflect","floor":1},{"not_picked":["PiercingWail","Dagger Throw"],"picked":"Backflip","floor":3},{"not_picked":["Quick Slash","Dodge and Roll"],"picked":"Dagger Spray","floor":5},{"not_picked":["Tactician","Infinite Blades"],"picked":"Flechettes","floor":12},{"not_picked":["Heel Hook","Dagger Spray"],"picked":"Well Laid Plans","floor":13},{"not_picked":["Prepared","Dagger Throw","Well Laid Plans"],"picked":"SKIP","floor":14},{"not_picked":["Unload","Night Terror"],"picked":"Burst","floor":16},{"not_picked":["Eviscerate","Masterful Stab"],"picked":"Deadly Poison+1","floor":18},{"not_picked":["Underhanded Strike","Masterful Stab"],"picked":"Escape Plan+1","floor":20},{"not_picked":["Bouncing Flask","Dagger Throw+1","Heel Hook"],"picked":"SKIP","floor":24},{"not_picked":["Escape Plan","Underhanded Strike+1"],"picked":"Catalyst","floor":28},{"not_picked":["Reflex+1","Deadly Poison","Underhanded Strike+1"],"picked":"SKIP","floor":29},{"not_picked":["All Out Attack","Underhanded Strike","Poisoned Stab"],"picked":"SKIP","floor":30},{"not_picked":["A Thousand Cuts","Venomology"],"picked":"Adrenaline","floor":33},{"not_picked":["Quick Slash+1","Bane+1"],"picked":"Acrobatics+1","floor":35},{"not_picked":["Sucker Punch","Riddle With Holes+1","Slice+1"],"picked":"SKIP","floor":37},{"not_picked":["Dagger Throw","Acrobatics"],"picked":"Setup+1","floor":38},{"not_picked":["Bouncing Flask","Slice"],"picked":"Deflect+1","floor":39},{"not_picked":["Well Laid Plans","PiercingWail"],"picked":"Deflect+1","floor":40},{"not_picked":["Dagger Throw","Choke+1"],"picked":"Footwork+1","floor":42},{"not_picked":["Reflex+1","Quick Slash"],"picked":"Catalyst+1","floor":44},{"not_picked":["Flying Knee+1","Backstab"],"picked":"Prepared+1","floor":47},{"not_picked":["Terror","Setup+1"],"picked":"Escape Plan","floor":48},{"not_picked":["Well Laid Plans","Cloak And Dagger","Deflect"],"picked":"SKIP","floor":54}],"player_experience":1330311,"relics_obtained":[{"floor":9,"key":"Shovel"},{"floor":11,"key":"Matryoshka"},{"floor":14,"key":"Incense Burner"},{"floor":15,"key":"Strawberry"},{"floor":24,"key":"Pen Nib"},{"floor":26,"key":"Whetstone"},{"floor":26,"key":"MawBank"},{"floor":27,"key":"Bag of Marbles"},{"floor":28,"key":"Oddly Smooth Stone"},{"floor":31,"key":"Blue Candle"},{"floor":40,"key":"Darkstone Periapt"},{"floor":42,"key":"Bottled Lightning"},{"floor":43,"key":"Ancient Tea Set"},{"floor":45,"key":"Calipers"},{"floor":48,"key":"Shuriken"},{"floor":54,"key":"Blood Vial"}],"event_choices":[{"cards_removed":["Defend_G"],"damage_healed":0,"gold_gain":0,"player_choice":"Card Removal","damage_taken":0,"max_hp_gain":0,"max_hp_loss":0,"event_name":"The Cleric","floor":2,"gold_loss":50},{"damage_healed":0,"gold_gain":0,"player_choice":"Ignored","damage_taken":0,"max_hp_gain":0,"max_hp_loss":0,"event_name":"Liars Game","floor":7,"gold_loss":0},{"damage_healed":0,"gold_gain":0,"player_choice":"Donut","damage_taken":0,"max_hp_gain":5,"max_hp_loss":0,"event_name":"Big Fish","floor":10,"gold_loss":0},{"damage_healed":0,"gold_gain":0,"player_choice":"Shed Blood","damage_taken":24,"max_hp_gain":5,"max_hp_loss":0,"event_name":"Forgotten Altar","floor":19,"gold_loss":0},{"damage_healed":0,"gold_gain":0,"player_choice":"Became a vampire","damage_taken":0,"max_hp_gain":0,"max_hp_loss":31,"event_name":"Vampires","floor":21,"gold_loss":0,"cards_obtained":["Bite","Bite","Bite","Bite","Bite"]},{"damage_healed":0,"gold_gain":0,"player_choice":"Fight","damage_taken":0,"max_hp_gain":0,"max_hp_loss":0,"event_name":"Colosseum","floor":31,"gold_loss":0},{"damage_healed":0,"gold_gain":0,"player_choice":"Fought Nobs","damage_taken":0,"max_hp_gain":0,"max_hp_loss":0,"event_name":"Colosseum","floor":31,"gold_loss":0},{"damage_healed":0,"gold_gain":0,"player_choice":"Fight","damage_taken":0,"max_hp_gain":0,"max_hp_loss":0,"event_name":"Mysterious Sphere","floor":45,"gold_loss":0},{"cards_removed":["Doppelganger"],"damage_healed":0,"gold_gain":0,"player_choice":"Removed Skill","damage_taken":0,"max_hp_gain":0,"max_hp_loss":0,"event_name":"Falling","floor":46,"gold_loss":0}],"is_beta":true,"boss_relics":[{"not_picked":["Tiny House","Runic Dome"],"picked":"Astrolabe"},{"not_picked":["HoveringKite","WristBlade"],"picked":"Ring of the Serpent"}],"items_purged_floors":[4,36,53],"is_endless":false,"potions_floor_spawned":[5,14,16,18,29,30,35,39,45,47,48],"killed_by":"The Heart","ascension_level":0}