{"gold_per_floor":[113,113,188,208,219,238,238,265,265,265,293,311,311,328,328,425,425,442,442,459,459,459,488,508,537,537,567,99,110,110,126,126,224,224,238,238,238,238,31,62,74,108,108,108,134,148,1,1,1,1,1,1,1,32,32],"floor_reached":56,"playtime":3634,"items_purged":["Strike_R"],"score":1406,"play_id":"3a6f6c98-5b44-458e-8ebc-1c3a61718467","local_time":"20190220142513","is_ascension_mode":true,"campfire_choices":[{"data":"Bash","floor":7,"key":"SMITH"},{"data":"Rage","floor":10,"key":"SMITH"},{"data":"Combust","floor":13,"key":"SMITH"},{"data":"Armaments","floor":15,"key":"SMITH"},{"floor":30,"key":"REST"},{"data":"Demon Form","floor":32,"key":"SMITH"},{"floor":44,"key":"RECALL"},{"data":"Metallicize","floor":49,"key":"SMITH"},{"data":"Feel No Pain","floor":52,"key":"SMITH"}],"neow_cost":"NONE","seed_source_timestamp":5710140443082267,"circlet_count":0,"master_deck":["Strike_R+1","Defend_R","Defend_R","Defend_R","Defend_R","Bash+1","Whirlwind+1","Rage+1","Clash","Anger","Ghostly Armor","Combust+1","Armaments+1","Demon Form+1","Sever Soul+1","Offering+1","Berserk+1","Carnage+1","Metallicize+1","Havoc+1","Sword Boomerang","Sentinel","Good Instincts","Corruption+1","Feed","Feel No Pain+1","Shrug It Off","Iron Wave+1","Intimidate+1","Havoc+1","Metallicize+1","Shrug It Off","Thunderclap","Metallicize+1"],"relics":["Burning Blood","Charon\u0027s Ashes","Bird Faced Urn","Pocketwatch","Astrolabe","Nilry\u0027s Codex","Oddly Smooth Stone","Bag of Preparation","Bottled Tornado","Pen Nib","PreservedInsect","Strawberry","Cursed Key","Kunai","Prayer Wheel","Ancient Tea Set","Lantern","Spirit Poop","Whetstone"],"potions_floor_usage":[8,41,45,55,55,55],"damage_taken":[{"damage":3,"enemies":"Small Slimes","floor":1,"turns":3},{"damage":1,"enemies":"Jaw Worm","floor":4,"turns":3},{"damage":1,"enemies":"Cultist","floor":5,"turns":3},{"damage":5,"enemies":"Looter","floor":6,"turns":3},{"damage":7,"enemies":"Gremlin Nob","floor":8,"turns":3},{"damage":26,"enemies":"Lagavulin","floor":11,"turns":6},{"damage":0,"enemies":"2 Fungi Beasts","floor":12,"turns":3},{"damage":0,"enemies":"Exordium Wildlife","floor":14,"turns":2},{"damage":28,"enemies":"Hexaghost","floor":16,"turns":9},{"damage":20,"enemies":"Shell Parasite","floor":18,"turns":5},{"damage":2,"enemies":"Spheric Guardian","floor":20,"turns":3},{"damage":22,"enemies":"Slavers","floor":23,"turns":2},{"damage":27,"enemies":"Snake Plant","floor":24,"turns":4},{"damage":13,"enemies":"Gremlin Leader","floor":25,"turns":7},{"damage":21,"enemies":"Book of Stabbing","floor":27,"turns":4},{"damage":6,"enemies":"Shelled Parasite and Fungi","floor":29,"turns":3},{"damage":6,"enemies":"Snecko","floor":31,"turns":4},{"damage":11,"enemies":"Automaton","floor":33,"turns":4},{"damage":19,"enemies":"3 Shapes","floor":35,"turns":6},{"damage":23,"enemies":"Reptomancer","floor":40,"turns":2},{"damage":8,"enemies":"3 Darklings","floor":41,"turns":5},{"damage":6,"enemies":"Giant Head","floor":42,"turns":6},{"damage":18,"enemies":"Nemesis","floor":45,"turns":7},{"damage":10,"enemies":"Maw","floor":46,"turns":6},{"damage":14,"enemies":"Time Eater","floor":50,"turns":8},{"damage":16,"enemies":"Shield and Spear","floor":54,"turns":5},{"damage":69,"enemies":"The Heart","floor":55,"turns":7}],"seed_played":"-8120217919746367372","potions_obtained":[{"floor":0,"key":"Explosive Potion"},{"floor":0,"key":"Strength Potion"},{"floor":0,"key":"SneckoOil"},{"floor":4,"key":"Ancient Potion"},{"floor":11,"key":"Strength Potion"},{"floor":33,"key":"Regen Potion"},{"floor":41,"key":"FearPotion"},{"floor":42,"key":"AttackPotion"},{"floor":54,"key":"FearPotion"}],"is_trial":false,"path_per_floor":["M","?","?","M","M","M","R","E","T","R","E","M","R","M","R","B",null,"M","?","M","?","?","E","M","E","T","E","$","M","R","M","R","B",null,"M","?","?","?","$","E","M","E","T","R","E","M","$","?","R","B",null,"R","$","E","B",null],"character_chosen":"IRONCLAD","items_purchased":["PreservedInsect","Good Instincts","Strawberry","Feel No Pain","Shrug It Off","PowerPotion","Iron Wave","Lantern"],"campfire_rested":1,"item_purchase_floors":[28,28,28,39,39,39,39,47],"current_hp_per_floor":[80,80,69,74,79,80,80,79,79,79,59,65,65,71,71,51,80,70,54,62,47,75,65,50,53,53,44,51,57,84,92,92,91,92,90,90,90,81,81,75,97,97,97,97,91,101,101,101,101,101,101,101,101,95,46],"gold":32,"neow_bonus":"THREE_SMALL_POTIONS","is_prod":false,"is_daily":false,"chose_seed":false,"campfire_upgraded":7,"win_rate":0,"timestamp":1550690713,"path_taken":["M","?","?","M","?","?","R","E","T","R","E","M","R","M","R","BOSS","M","?","M","?","?","E","?","E","T","E","?","M","R","M","R","BOSS","M","?","?","?","$","E","M","E","T","R","E","?","$","?","R","BOSS","R","$","E","BOSS"],"build_version":"2019-02-06","purchased_purges":1,"victory":true,"max_hp_per_floor":[80,80,80,80,80,80,80,80,80,80,80,80,80,80,80,80,80,80,80,80,85,85,85,85,85,85,85,92,92,92,92,92,92,92,95,90,90,90,90,93,97,97,97,97,97,101,101,101,101,101,101,101,101,101,101],"card_choices":[{"not_picked":["Intimidate","Anger"],"picked":"Whirlwind","floor":1},{"not_picked":["Sword Boomerang","Iron Wave"],"picked":"Thunderclap","floor":4},{"not_picked":["Searing Blow","Pommel Strike"],"picked":"Rage","floor":5},{"not_picked":["Fire Breathing","Impervious"],"picked":"Clash","floor":6},{"not_picked":["Flex","Fire Breathing"],"picked":"Anger","floor":8},{"not_picked":["Rupture","Reckless Charge"],"picked":"Ghostly Armor","floor":11},{"not_picked":["Searing Blow","Pommel Strike"],"picked":"Combust","floor":12},{"not_picked":["Clothesline","Body Slam"],"picked":"Armaments","floor":14},{"not_picked":["Fiend Fire","Double Tap"],"picked":"Demon Form","floor":16},{"not_picked":["Rampage+1","Inflame"],"picked":"Carnage+1","floor":18},{"not_picked":["Wild Strike","Fire Breathing"],"picked":"Metallicize","floor":20},{"not_picked":["Sentinel","Heavy Blade+1"],"picked":"Havoc+1","floor":23},{"not_picked":["Havoc+1","Thunderclap"],"picked":"Sword Boomerang","floor":24},{"not_picked":["Inflame","Shrug It Off"],"picked":"Sentinel","floor":25},{"not_picked":["Sword Boomerang","Clothesline","Pommel Strike"],"picked":"SKIP","floor":27},{"not_picked":["Bloodletting","Wild Strike","Clothesline+1"],"picked":"SKIP","floor":29},{"not_picked":["Clothesline","Dropkick+1"],"picked":"Corruption+1","floor":31},{"not_picked":["Double Tap","Juggernaut"],"picked":"Feed","floor":33},{"not_picked":["Body Slam+1","Warcry","Dual Wield+1"],"picked":"SKIP","floor":35},{"not_picked":["Wild Strike","Sword Boomerang"],"picked":"Intimidate+1","floor":40},{"not_picked":["Flex+1","Intimidate"],"picked":"Havoc+1","floor":41},{"not_picked":["Blood for Blood+1","Combust+1","Rage"],"picked":"SKIP","floor":42},{"not_picked":["Juggernaut","Anger"],"picked":"Metallicize+1","floor":45},{"not_picked":["Clothesline","Spot Weakness"],"picked":"Shrug It Off","floor":46},{"not_picked":["Anger+1","Iron Wave"],"picked":"Thunderclap","floor":46},{"not_picked":["Brutality","True Grit+1"],"picked":"Metallicize+1","floor":54}],"player_experience":4613845,"relics_obtained":[{"floor":8,"key":"Charon\u0027s Ashes"},{"floor":9,"key":"Bird Faced Urn"},{"floor":11,"key":"Pocketwatch"},{"floor":19,"key":"Nilry\u0027s Codex"},{"floor":23,"key":"Oddly Smooth Stone"},{"floor":25,"key":"Bag of Preparation"},{"floor":26,"key":"Bottled Tornado"},{"floor":27,"key":"Pen Nib"},{"floor":40,"key":"Kunai"},{"floor":42,"key":"Prayer Wheel"},{"floor":45,"key":"Ancient Tea Set"},{"floor":54,"key":"Whetstone"}],"event_choices":[{"damage_healed":0,"gold_gain":0,"player_choice":"Grow","damage_taken":0,"max_hp_gain":0,"max_hp_loss":0,"event_name":"Living Wall","floor":2,"gold_loss":0,"cards_upgraded":["Whirlwind"]},{"damage_healed":0,"gold_gain":75,"player_choice":"Gather Gold","damage_taken":11,"max_hp_gain":0,"max_hp_loss":0,"event_name":"World of Goop","floor":3,"gold_loss":0},{"damage_healed":0,"gold_gain":0,"player_choice":"Obtained Book","damage_taken":16,"max_hp_gain":0,"max_hp_loss":0,"event_name":"Cursed Tome","floor":19,"gold_loss":0},{"damage_healed":0,"gold_gain":0,"player_choice":"Shed Blood","damage_taken":20,"max_hp_gain":5,"max_hp_loss":0,"event_name":"Forgotten Altar","floor":21,"gold_loss":0},{"damage_healed":28,"gold_gain":0,"player_choice":"Heal","damage_taken":0,"max_hp_gain":0,"max_hp_loss":0,"event_name":"The Library","floor":22,"gold_loss":0},{"damage_healed":0,"gold_gain":0,"player_choice":"Max HP","damage_taken":0,"max_hp_gain":0,"max_hp_loss":5,"event_name":"Winding Halls","floor":36,"gold_loss":0},{"cards_removed":["Thunderclap"],"damage_healed":0,"gold_gain":0,"player_choice":"Removed Attack","damage_taken":0,"max_hp_gain":0,"max_hp_loss":0,"event_name":"Falling","floor":37,"gold_loss":0},{"damage_healed":0,"gold_gain":0,"player_choice":"Damaged","damage_taken":9,"max_hp_gain":0,"max_hp_loss":0,"event_name":"Wheel of Change","floor":38,"gold_loss":0},{"cards_removed":["Regret"],"damage_healed":0,"gold_gain":0,"player_choice":"Offered Curse","damage_taken":0,"relics_obtained":["Spirit Poop"],"max_hp_gain":0,"max_hp_loss":0,"event_name":"Bonfire Elementals","floor":48,"gold_loss":0}],"is_beta":true,"boss_relics":[{"not_picked":["Velvet Choker","Black Blood"],"picked":"Astrolabe"},{"not_picked":["Black Star","Coffee Dripper"],"picked":"Cursed Key"}],"items_purged_floors":[28],"is_endless":false,"potions_floor_spawned":[4,5,11,14,23,25,29,33,35,41,42,54],"ascension_level":1}