{"gold_per_floor":[118,78,92,111,13,13,23,49,49,66,66,15,26,41,41,137,137,154,174,174,205,3,38,58,58,137,149,149,149,149,159,159,261,261,280,13,13,27,44,44],"floor_reached":40,"playtime":1455,"items_purged":["Strike_B","Strike_B"],"score":410,"play_id":"877f66b2-2dda-4bd8-9e5f-4aed4674af04","local_time":"20190502231259","is_ascension_mode":false,"campfire_choices":[{"data":"Rebound","floor":6,"key":"SMITH"},{"data":"Ball Lightning","floor":11,"key":"SMITH"},{"data":"Go for the Eyes","floor":15,"key":"SMITH"},{"data":"Defragment","floor":25,"key":"SMITH"},{"data":"Buffer","floor":28,"key":"SMITH"},{"data":"Capacitor","floor":32,"key":"SMITH"}],"neow_cost":"NONE","seed_source_timestamp":388373188955320,"circlet_count":0,"master_deck":["Strike_B+1","Strike_B","Defend_B","Defend_B","Defend_B","Defend_B","Zap+1","Dualcast","Rebound+1","Darkness","Gash","Compile Driver+1","Ball Lightning+1","Coolheaded","Go for the Eyes+1","Ball Lightning","Echo Form","Conserve Battery","Buffer+1","Capacitor+1","Writhe","Defragment+1","Compile Driver","Compile Driver+1","Fission","Machine Learning","Defragment+1"],"relics":["Calipers","Meat on the Bone","Busted Crown","The Courier","Red Mask","Membership Card","Oddly Smooth Stone","Question Card","Emotion Chip","Nloth\u0027s Gift","Snecko Eye","ClockworkSouvenir","Whetstone","Regal Pillow"],"potions_floor_usage":[7,21,33,33],"damage_taken":[{"damage":0,"enemies":"Cultist","floor":1,"turns":3},{"damage":6,"enemies":"Jaw Worm","floor":3,"turns":3},{"damage":0,"enemies":"2 Louse","floor":4,"turns":2},{"damage":0,"enemies":"Blue Slaver","floor":7,"turns":2},{"damage":11,"enemies":"Gremlin Nob","floor":8,"turns":3},{"damage":0,"enemies":"2 Fungi Beasts","floor":10,"turns":2},{"damage":8,"enemies":"Exordium Thugs","floor":13,"turns":3},{"damage":16,"enemies":"Large Slime","floor":14,"turns":3},{"damage":17,"enemies":"Hexaghost","floor":16,"turns":8},{"damage":16,"enemies":"2 Thieves","floor":18,"turns":4},{"damage":4,"enemies":"Shell Parasite","floor":19,"turns":5},{"damage":27,"enemies":"Masked Bandits","floor":21,"turns":4},{"damage":25,"enemies":"Book of Stabbing","floor":23,"turns":5},{"damage":6,"enemies":"Cultist and Chosen","floor":24,"turns":5},{"damage":4,"enemies":"Snecko","floor":27,"turns":6},{"damage":9,"enemies":"Centurion and Healer","floor":31,"turns":6},{"damage":30,"enemies":"Collector","floor":33,"turns":9},{"damage":10,"enemies":"3 Darklings","floor":35,"turns":5},{"damage":0,"enemies":"3 Shapes","floor":38,"turns":4},{"damage":51,"enemies":"Jaw Worm Horde","floor":39,"turns":5},{"damage":34,"enemies":"Reptomancer","floor":40,"turns":3}],"seed_played":"-3103264636115275120","potions_obtained":[{"floor":2,"key":"Ancient Potion"},{"floor":2,"key":"AttackPotion"},{"floor":2,"key":"SpeedPotion"},{"floor":7,"key":"SmokeBomb"},{"floor":13,"key":"FocusPotion"},{"floor":23,"key":"Explosive Potion"}],"is_trial":false,"path_per_floor":["M","?","M","M","$","R","M","E","T","M","R","$","M","M","R","B",null,"M","M","?","?","$","E","M","R","T","M","R","T","?","M","R","B",null,"M","$","?","M","M","E"],"character_chosen":"DEFECT","items_purchased":["Compile Driver","Ball Lightning","Membership Card","Defragment","Compile Driver","ClockworkSouvenir","Whetstone","Regal Pillow","Dexterity Potion"],"campfire_rested":0,"item_purchase_floors":[5,12,22,22,22,36,36,36,36],"current_hp_per_floor":[75,75,69,69,69,69,69,58,58,58,58,58,50,46,46,41,75,59,55,55,40,40,27,33,33,33,41,41,41,41,44,44,26,75,65,65,65,65,26,0],"gold":44,"neow_bonus":"UPGRADE_CARD","is_prod":false,"is_daily":false,"chose_seed":false,"campfire_upgraded":6,"win_rate":0,"timestamp":1556835179,"path_taken":["M","?","M","M","$","R","?","E","T","M","R","?","M","M","R","BOSS","M","M","?","?","$","E","M","R","T","M","R","?","?","?","R","BOSS","M","$","?","M","M","E"],"build_version":"2019-04-23","purchased_purges":2,"victory":false,"max_hp_per_floor":[75,75,75,75,75,75,75,75,75,75,75,75,75,75,75,75,75,75,75,75,75,75,75,75,75,75,75,75,75,75,75,75,75,75,75,75,75,75,75,75],"card_choices":[{"not_picked":["Coolheaded","Compile Driver"],"picked":"Rebound","floor":1},{"not_picked":["Steam","Self Repair"],"picked":"Darkness","floor":3},{"not_picked":["Redo","Beam Cell"],"picked":"Gash","floor":4},{"not_picked":["Doom and Gloom","Melter"],"picked":"Ball Lightning","floor":7},{"not_picked":["Lockon","Sweeping Beam"],"picked":"Coolheaded","floor":8},{"not_picked":["Redo","Undo"],"picked":"Go for the Eyes","floor":10},{"not_picked":["Double Energy","Coolheaded"],"picked":"Echo Form","floor":13},{"not_picked":["Rebound","Chaos"],"picked":"Conserve Battery","floor":14},{"not_picked":["Machine Learning","Echo Form"],"picked":"Buffer","floor":16},{"not_picked":["Barrage"],"picked":"SKIP","floor":18},{"not_picked":[],"picked":"Capacitor","floor":19},{"not_picked":["Tempest"],"picked":"SKIP","floor":23},{"not_picked":[],"picked":"Compile Driver+1","floor":24},{"not_picked":["Conserve Battery+1","Tempest"],"picked":"SKIP","floor":27},{"not_picked":["Cold Snap+1"],"picked":"Fission","floor":31},{"not_picked":["Hyperbeam"],"picked":"Machine Learning","floor":33},{"not_picked":["Leap","Fission"],"picked":"SKIP","floor":35},{"not_picked":["Beam Cell","Darkness"],"picked":"SKIP","floor":38},{"not_picked":["Aggregate+1","Steam"],"picked":"SKIP","floor":39}],"player_experience":1285091,"relics_obtained":[{"floor":8,"key":"Calipers"},{"floor":9,"key":"Meat on the Bone"},{"floor":21,"key":"Red Mask"},{"floor":23,"key":"Oddly Smooth Stone"},{"floor":26,"key":"Question Card"},{"floor":29,"key":"Emotion Chip"}],"event_choices":[{"damage_healed":0,"gold_gain":0,"player_choice":"Bought 3 Potions","damage_taken":0,"max_hp_gain":0,"max_hp_loss":0,"event_name":"The Woman in Blue","floor":2,"gold_loss":0},{"damage_healed":0,"gold_gain":0,"player_choice":"Opened","damage_taken":0,"relics_obtained":["The Courier"],"max_hp_gain":0,"max_hp_loss":0,"event_name":"The Mausoleum","floor":20,"gold_loss":0,"cards_obtained":["Writhe"]},{"damage_healed":0,"gold_gain":0,"player_choice":"Fought Bandits","damage_taken":0,"max_hp_gain":0,"max_hp_loss":0,"event_name":"Masked Bandits","floor":21,"gold_loss":0},{"damage_healed":0,"gold_gain":0,"player_choice":"Traded Relic","damage_taken":0,"relics_obtained":["Nloth\u0027s Gift"],"max_hp_gain":0,"max_hp_loss":0,"event_name":"N\u0027loth","floor":30,"relics_lost":["Cracked Core"],"gold_loss":0},{"damage_healed":0,"gold_gain":0,"player_choice":"Copied","damage_taken":0,"max_hp_gain":0,"max_hp_loss":0,"event_name":"Duplicator","floor":37,"gold_loss":0,"cards_obtained":["Defragment"]}],"is_beta":true,"boss_relics":[{"not_picked":["Fusion Hammer","FrozenCore"],"picked":"Busted Crown"},{"not_picked":["Nuclear Battery","Philosopher\u0027s Stone"],"picked":"Snecko Eye"}],"items_purged_floors":[5,36],"is_endless":false,"potions_floor_spawned":[7,13,14,16,19,23,24,31],"killed_by":"Reptomancer","ascension_level":0}