{"path_per_floor":["M","$","M","M","M","R","E","R","T","?","M","E","$","?","R","B",null,"M","$","?","$","?","R","E","M","T","?","M","M","R"],"character_chosen":"DEFECT","items_purchased":["FTL","FTL","Conserve Battery","Hello World"],"gold_per_floor":[119,48,67,81,91,91,125,125,149,119,139,170,100,100,100,204,204,223,169,169,94,17,17,43,59,132,132,147,158,158,158],"floor_reached":31,"campfire_rested":2,"playtime":1604,"item_purchase_floors":[2,13,19,21],"current_hp_per_floor":[75,75,75,75,73,73,57,57,57,57,57,39,39,39,61,12,75,37,37,62,62,62,62,12,12,12,12,10,4,26,0],"items_purged":[],"gold":158,"score":302,"play_id":"729b5b50-627b-41d3-aa95-2c6dfe5a582f","local_time":"20180608005031","is_prod":false,"is_daily":false,"chose_seed":false,"is_ascension_mode":true,"campfire_upgraded":3,"win_rate":0,"timestamp":1528429831,"campfire_choices":[{"data":"Barrage","floor":6,"key":"SMITH"},{"data":"Sweeping Beam","floor":8,"key":"SMITH"},{"floor":15,"key":"REST"},{"data":"Echo Form","floor":23,"key":"SMITH"},{"floor":30,"key":"REST"}],"path_taken":["M","$","M","M","?","R","E","R","T","?","?","E","$","?","R","BOSS","M","$","?","$","?","R","E","M","T","?","?","M","R","M"],"build_version":"2018-05-31","seed_source_timestamp":272884835398496,"purchased_purges":0,"victory":false,"master_deck":["Strike_B","Strike_B","Strike_B","Strike_B","Defend_B","Defend_B","Defend_B","Defend_B","Zap","Dualcast","Glacier","FTL","Capacitor","Barrage+1","Go for the Eyes","Sweeping Beam+1","Doom and Gloom","Cold Snap","FTL","Amplify","Swift Strike","Echo Form+1","Redo","Conserve Battery","Hello World","J.A.X.","White Noise","Chaos","Coolheaded+1","Defragment"],"max_hp_per_floor":[75,75,75,75,75,75,75,75,75,75,75,75,75,75,75,75,75,75,75,75,75,75,75,75,75,75,75,75,75,75,75],"relics":["Cracked Core","Ancient Tea Set","Pen Nib","Bag of Preparation","Vajra","Philosopher\u0027s Stone","Dream Catcher","Mummified Hand"],"card_choices":[{"not_picked":["Steam","Hologram"],"picked":"Glacier","floor":1},{"not_picked":["Leap","Beam Cell"],"picked":"Capacitor","floor":3},{"not_picked":["Scrape","Ball Lightning"],"picked":"Barrage","floor":4},{"not_picked":["Reprogram","Steam"],"picked":"Go for the Eyes","floor":5},{"not_picked":["Rebound","Multi-Cast"],"picked":"Sweeping Beam","floor":7},{"not_picked":["Beam Cell","Rip and Tear"],"picked":"Doom and Gloom","floor":11},{"not_picked":["Beam Cell","Stack"],"picked":"Cold Snap","floor":12},{"not_picked":["Core Surge","Fission"],"picked":"Echo Form","floor":16},{"not_picked":["Skim","Steam"],"picked":"Redo","floor":18},{"not_picked":["Hologram","Fusion"],"picked":"White Noise","floor":24},{"not_picked":["Lockon","Steam"],"picked":"Chaos","floor":25},{"not_picked":["Streamline","Turbo"],"picked":"Coolheaded+1","floor":28},{"not_picked":["Barrage","Gash"],"picked":"Defragment","floor":29}],"player_experience":308081,"potions_floor_usage":[4,24,25,25,25,28,29],"damage_taken":[{"damage":0,"enemies":"Cultist","floor":1,"turns":4},{"damage":0,"enemies":"Jaw Worm","floor":3,"turns":3},{"damage":0,"enemies":"2 Louse","floor":4,"turns":2},{"damage":2,"enemies":"Exordium Thugs","floor":5,"turns":5},{"damage":16,"enemies":"Gremlin Nob","floor":7,"turns":5},{"damage":0,"enemies":"2 Fungi Beasts","floor":11,"turns":2},{"damage":18,"enemies":"3 Sentries","floor":12,"turns":3},{"damage":49,"enemies":"The Guardian","floor":16,"turns":11},{"damage":38,"enemies":"Shell Parasite","floor":18,"turns":4},{"damage":50,"enemies":"Slavers","floor":24,"turns":5},{"damage":0,"enemies":"3 Byrds","floor":25,"turns":2},{"damage":9,"enemies":"3 Cultists","floor":28,"turns":4},{"damage":6,"enemies":"Snecko","floor":29,"turns":4},{"damage":30,"enemies":"Snake Plant","floor":31,"turns":2}],"relics_obtained":[{"floor":7,"key":"Pen Nib"},{"floor":9,"key":"Bag of Preparation"},{"floor":12,"key":"Vajra"},{"floor":24,"key":"Dream Catcher"},{"floor":26,"key":"Mummified Hand"}],"event_choices":[{"event_name":"The Woman in Blue","player_choice":"Bought 2 Potions","floor":10,"damage_taken":0},{"event_name":"Match and Keep!","player_choice":"2 cards matched","floor":14,"damage_taken":0},{"event_name":"The Library","player_choice":"Heal","floor":20,"damage_taken":0},{"event_name":"Drug Dealer","player_choice":"Got JAXXED","floor":22,"damage_taken":0},{"event_name":"Cursed Tome","player_choice":"Ignored","floor":27,"damage_taken":0}],"boss_relics":[{"not_picked":["Velvet Choker","Calling Bell"],"picked":"Philosopher\u0027s Stone"}],"items_purged_floors":[],"potions_floor_spawned":[3,7,16,18,24,28,29],"seed_played":"-7504504175695316436","killed_by":"Snake Plant","ascension_level":3,"potions_obtained":[{"floor":3,"key":"SpeedPotion"},{"floor":7,"key":"FearPotion"},{"floor":10,"key":"Swift Potion"},{"floor":10,"key":"EntropicBrew"},{"floor":18,"key":"PowerPotion"},{"floor":24,"key":"GamblersBrew"},{"floor":28,"key":"Dexterity Potion"},{"floor":29,"key":"Energy Potion"}],"is_trial":false}