{"gold_per_floor":[116,132,149,149,166,194,250,250,250,275,293,319,319,352,352,352],"floor_reached":16,"playtime":786,"items_purged":[],"score":152,"play_id":"f77e4407-d5da-4256-8f79-c561bdaa11bc","local_time":"20190427161038","is_ascension_mode":true,"campfire_choices":[{"floor":8,"key":"REST"},{"data":"Perfected Strike","floor":13,"key":"SMITH"},{"data":"Bash","floor":15,"key":"SMITH"}],"neow_cost":"TEN_PERCENT_HP_LOSS","seed_source_timestamp":4051232365676773,"circlet_count":0,"master_deck":["Strike_R","Strike_R","Strike_R","Strike_R","Defend_R","Defend_R","Defend_R","Bash+1","Clothesline","Twin Strike","Perfected Strike+1","Impervious+1","True Grit+1","Iron Wave","Warcry+1","Battle Trance+1"],"relics":["Burning Blood","Ancient Tea Set","Toxic Egg 2","Bottled Lightning","Pear","Smiling Mask","Blood Vial","Boot"],"potions_floor_usage":[6,7,14],"damage_taken":[{"damage":5,"enemies":"Small Slimes","floor":1,"turns":4},{"damage":6,"enemies":"Jaw Worm","floor":2,"turns":4},{"damage":0,"enemies":"Cultist","floor":3,"turns":2},{"damage":11,"enemies":"Lots of Slimes","floor":5,"turns":4},{"damage":21,"enemies":"Gremlin Nob","floor":6,"turns":4},{"damage":18,"enemies":"Gremlin Nob","floor":7,"turns":4},{"damage":22,"enemies":"3 Sentries","floor":10,"turns":8},{"damage":1,"enemies":"Looter","floor":11,"turns":3},{"damage":0,"enemies":"Lagavulin","floor":14,"turns":5},{"damage":62,"enemies":"The Guardian","floor":16,"turns":13}],"seed_played":"-3852857436510276931","potions_obtained":[{"floor":5,"key":"EssenceOfSteel"},{"floor":6,"key":"PowerPotion"},{"floor":10,"key":"SneckoOil"}],"is_trial":false,"path_per_floor":["M","M","M","?","M","E","?","R","T","E","M","T","R","E","R","B"],"character_chosen":"IRONCLAD","items_purchased":[],"campfire_rested":1,"item_purchase_floors":[],"current_hp_per_floor":[72,72,72,39,34,19,7,28,38,22,27,27,27,35,35,0],"gold":352,"neow_bonus":"REMOVE_TWO","is_prod":false,"is_daily":false,"chose_seed":false,"campfire_upgraded":2,"win_rate":0,"timestamp":1556395838,"path_taken":["M","M","M","?","M","E","?","R","T","E","M","?","R","E","R","BOSS"],"build_version":"2019-04-23","purchased_purges":0,"victory":false,"max_hp_per_floor":[72,72,72,72,72,72,72,72,82,82,82,82,82,82,82,82],"card_choices":[{"not_picked":["Pommel Strike","Warcry"],"picked":"Clothesline","floor":1},{"not_picked":["Second Wind","Evolve"],"picked":"Twin Strike","floor":2},{"not_picked":["Warcry","Inflame"],"picked":"Perfected Strike","floor":3},{"not_picked":["Burning Pact","Clothesline","Rampage"],"picked":"SKIP","floor":5},{"not_picked":["Evolve","Second Wind"],"picked":"Impervious","floor":6},{"not_picked":["Body Slam","Cleave"],"picked":"True Grit+1","floor":7},{"not_picked":["Reckless Charge","Hemokinesis"],"picked":"Iron Wave","floor":10},{"not_picked":["Pummel","Iron Wave"],"picked":"Warcry+1","floor":11},{"not_picked":["Cleave","Armaments+1"],"picked":"Battle Trance+1","floor":14}],"player_experience":5516695,"relics_obtained":[{"floor":6,"key":"Toxic Egg 2"},{"floor":7,"key":"Bottled Lightning"},{"floor":9,"key":"Pear"},{"floor":10,"key":"Smiling Mask"},{"floor":12,"key":"Blood Vial"},{"floor":14,"key":"Boot"}],"event_choices":[{"damage_healed":0,"gold_gain":0,"player_choice":"Success","damage_taken":33,"relics_obtained":["Ancient Tea Set"],"max_hp_gain":0,"max_hp_loss":0,"event_name":"Scrap Ooze","floor":4,"gold_loss":0},{"damage_healed":0,"gold_gain":30,"player_choice":"Searched \u00273\u0027 times","damage_taken":0,"max_hp_gain":0,"max_hp_loss":0,"event_name":"Dead Adventurer","floor":7,"gold_loss":0}],"is_beta":true,"boss_relics":[],"items_purged_floors":[],"is_endless":false,"potions_floor_spawned":[5,6,10],"killed_by":"The Guardian","ascension_level":1}