{"gold_per_floor":[110,130,140,140,63,63,98,98,98,129,149,71,71,19,19,115,115,136,136,136,157,177,177,218,242,297,297],"floor_reached":27,"playtime":1683,"items_purged":[],"score":482,"play_id":"55e40ef6-0f4f-4d62-a705-dfee0345f21a","local_time":"20181111205049","is_ascension_mode":true,"campfire_choices":[{"data":"Predator","floor":6,"key":"SMITH"},{"data":"Noxious Fumes","floor":8,"key":"SMITH"},{"data":"Caltrops","floor":15,"key":"SMITH"},{"floor":23,"key":"RECALL"}],"neow_cost":"NONE","seed_source_timestamp":1254915479198499,"circlet_count":0,"master_deck":["AscendersBane","Defend_G","Defend_G","Defend_G+1","Defend_G+1","Defend_G","Strike_G","Strike_G","Strike_G","Strike_G","Strike_G","Survivor","Neutralize+1","Dagger Spray","PiercingWail","Predator+1","Footwork","Noxious Fumes+1","Deadly Poison","Backflip","Caltrops+1","PiercingWail","After Image","Crippling Poison","Dodge and Roll"],"relics":["Ring of the Snake","Golden Idol","Ice Cream","Torii","Boot","Coffee Dripper","Dodecahedron","Snake Skull"],"potions_floor_usage":[7,24],"damage_taken":[{"damage":0,"enemies":"Cultist","floor":1,"turns":4},{"damage":10,"enemies":"Jaw Worm","floor":2,"turns":7},{"damage":0,"enemies":"2 Louse","floor":3,"turns":3},{"damage":8,"enemies":"3 Sentries","floor":7,"turns":8},{"damage":2,"enemies":"Lagavulin","floor":10,"turns":7},{"damage":2,"enemies":"Blue Slaver","floor":11,"turns":6},{"damage":3,"enemies":"Hexaghost","floor":16,"turns":9},{"damage":14,"enemies":"Chosen","floor":18,"turns":6},{"damage":13,"enemies":"Spheric Guardian","floor":21,"turns":6},{"damage":1,"enemies":"Centurion and Healer","floor":22,"turns":7},{"damage":15,"enemies":"Gremlin Leader","floor":24,"turns":8},{"damage":10,"enemies":"Chosen and Byrds","floor":25,"turns":5},{"damage":2,"enemies":"Book of Stabbing","floor":27,"turns":3}],"seed_played":"-7208506922946849128","potions_obtained":[{"floor":2,"key":"SkillPotion"},{"floor":7,"key":"Energy Potion"},{"floor":10,"key":"SkillPotion"},{"floor":11,"key":"SpeedPotion"},{"floor":16,"key":"Dexterity Potion"},{"floor":24,"key":"Explosive Potion"}],"is_trial":false,"path_per_floor":["M","M","M","?","$","R","E","R","T","E","M","$","?","$","R","B",null,"M","?","?","M","M","R","E","M","T","E"],"character_chosen":"THE_SILENT","items_purchased":["Footwork","Caltrops","PiercingWail"],"campfire_rested":0,"item_purchase_floors":[5,12,14],"current_hp_per_floor":[59,49,49,49,49,49,41,41,41,39,37,37,19,19,19,16,49,35,47,41,28,27,27,12,2,2,0],"gold":297,"neow_bonus":"UPGRADE_CARD","is_prod":false,"is_daily":false,"chose_seed":false,"campfire_upgraded":3,"win_rate":0,"timestamp":1541987449,"path_taken":["M","M","M","?","?","R","E","R","T","E","M","$","?","?","R","BOSS","M","?","?","M","?","R","E","M","T","E"],"build_version":"2018-11-08","purchased_purges":0,"victory":false,"max_hp_per_floor":[66,66,66,60,60,60,60,60,60,60,60,60,60,60,60,60,60,60,60,60,60,60,60,60,60,60,60],"card_choices":[{"not_picked":["Quick Slash","PiercingWail"],"picked":"Dagger Spray","floor":1},{"not_picked":["Reflex","Slice"],"picked":"PiercingWail","floor":2},{"not_picked":["Backflip","Bouncing Flask"],"picked":"Predator","floor":3},{"not_picked":["Outmaneuver","Catalyst"],"picked":"Noxious Fumes","floor":7},{"not_picked":["Reflex","Concentrate"],"picked":"Deadly Poison","floor":10},{"not_picked":["Finisher","Dash"],"picked":"Backflip","floor":11},{"not_picked":["Die Die Die","Doppelganger"],"picked":"After Image","floor":16},{"not_picked":["Distraction","PiercingWail","Sucker Punch"],"picked":"SKIP","floor":18},{"not_picked":["Sucker Punch","Choke","Distraction+1"],"picked":"SKIP","floor":21},{"not_picked":["Deadly Poison","Flying Knee","Sucker Punch"],"picked":"SKIP","floor":22},{"not_picked":["Accuracy","Escape Plan"],"picked":"Crippling Poison","floor":24},{"not_picked":["Reflex","PiercingWail"],"picked":"Dodge and Roll","floor":25}],"player_experience":946282,"relics_obtained":[{"floor":7,"key":"Ice Cream"},{"floor":9,"key":"Torii"},{"floor":10,"key":"Boot"},{"floor":24,"key":"Dodecahedron"},{"floor":26,"key":"Snake Skull"}],"event_choices":[{"damage_healed":0,"gold_gain":0,"player_choice":"Lose Max HP","damage_taken":0,"relics_obtained":["Golden Idol"],"max_hp_gain":0,"max_hp_loss":6,"event_name":"Golden Idol","floor":4,"gold_loss":0},{"damage_healed":0,"gold_gain":0,"player_choice":"Entered Light","damage_taken":18,"max_hp_gain":0,"max_hp_loss":0,"event_name":"Shining Light","floor":13,"gold_loss":0,"cards_upgraded":["Defend_G","Defend_G"]},{"damage_healed":12,"gold_gain":0,"player_choice":"Heal","damage_taken":0,"max_hp_gain":0,"max_hp_loss":0,"event_name":"The Library","floor":19,"gold_loss":0},{"damage_healed":0,"gold_gain":0,"player_choice":"","damage_taken":6,"max_hp_gain":0,"max_hp_loss":0,"event_name":"Knowing Skull","floor":20,"potions_obtained":[],"gold_loss":0,"cards_obtained":[]}],"is_beta":true,"boss_relics":[{"not_picked":["Pandora\u0027s Box","Lizard Tail"],"picked":"Coffee Dripper"}],"items_purged_floors":[],"is_endless":false,"potions_floor_spawned":[2,7,10,11,16,21,24],"killed_by":"Book of Stabbing","ascension_level":20}