{"gold_per_floor":[109,119,129,144,163,163,181,181,181,181,199,199,216,233,233,233],"floor_reached":16,"playtime":5967,"items_purged":[],"score":98,"play_id":"a5863ab1-b944-4aaa-88e3-3115a580963d","local_time":"20190508143905","is_ascension_mode":false,"campfire_choices":[{"data":"Deflect","floor":6.0,"key":"SMITH"},{"floor":8.0,"key":"REST"},{"data":"Flying Knee","floor":12.0,"key":"SMITH"},{"data":"Infinite Blades","floor":15,"key":"SMITH"}],"neow_cost":"NONE","seed_source_timestamp":16336702996632,"circlet_count":0,"master_deck":["Defend_G","Defend_G","Defend_G","Defend_G","Defend_G","Strike_G","Strike_G","Strike_G","Strike_G","Strike_G","Survivor","Neutralize","Deflect+1","Finisher","Sucker Punch","Choke","Flying Knee+1","Quick Slash","A Thousand Cuts","Regret","Infinite Blades+1","Slice","Well Laid Plans"],"special_seed":0,"relics":["Ring of the Snake","Letter Opener"],"potions_floor_usage":[16],"damage_taken":[{"damage":7.0,"enemies":"2 Louse","floor":1.0,"turns":3.0},{"damage":0.0,"enemies":"Cultist","floor":2.0,"turns":4.0},{"damage":0.0,"enemies":"Small Slimes","floor":3.0,"turns":4.0},{"damage":23.0,"enemies":"Exordium Thugs","floor":4.0,"turns":8.0},{"damage":11.0,"enemies":"Lots of Slimes","floor":5.0,"turns":7.0},{"damage":0.0,"enemies":"Looter","floor":7.0,"turns":3.0},{"damage":12.0,"enemies":"2 Fungi Beasts","floor":11.0,"turns":4.0},{"damage":3.0,"enemies":"Exordium Wildlife","floor":13.0,"turns":3.0},{"damage":1,"enemies":"Large Slime","floor":14,"turns":5},{"damage":43,"enemies":"The Guardian","floor":16,"turns":11}],"seed_played":"7920457521338035315","potions_obtained":[{"floor":2.0,"key":"Dexterity Potion"},{"floor":3.0,"key":"Explosive Potion"},{"floor":5.0,"key":"Weak Potion"}],"is_trial":false,"path_per_floor":["M","M","M","M","M","R","M","R","T","?","M","R","M","M","R","B"],"character_chosen":"THE_SILENT","items_purchased":[],"campfire_rested":1,"item_purchase_floors":[],"current_hp_per_floor":[70,70,70,47,36,36,36,59,59,59,47,47,44,43,43,0],"gold":233,"neow_bonus":"TEN_PERCENT_HP_BONUS","is_prod":false,"is_daily":false,"chose_seed":false,"campfire_upgraded":3,"win_rate":0.0,"timestamp":1557306545,"path_taken":["M","M","M","M","M","R","M","R","T","?","M","R","M","M","R","BOSS"],"build_version":"2019-01-23","purchased_purges":0,"victory":false,"max_hp_per_floor":[77,77,77,77,77,77,77,77,77,77,77,77,77,77,77,77],"card_choices":[{"not_picked":["Distraction","Tactician"],"picked":"Deflect","floor":1.0},{"not_picked":["Dagger Spray","Footwork"],"picked":"Finisher","floor":2.0},{"not_picked":["Flechettes","Dodge and Roll"],"picked":"Sucker Punch","floor":3.0},{"not_picked":["Acrobatics","Sucker Punch"],"picked":"Choke","floor":4.0},{"not_picked":["Dodge and Roll","Finisher"],"picked":"Flying Knee","floor":5.0},{"not_picked":["Expertise","Calculated Gamble"],"picked":"Quick Slash","floor":7.0},{"not_picked":["Flechettes","Quick Slash"],"picked":"Infinite Blades","floor":11.0},{"not_picked":["Infinite Blades","Noxious Fumes"],"picked":"Slice","floor":13.0},{"not_picked":["Sucker Punch","Skewer"],"picked":"Well Laid Plans","floor":14}],"player_experience":501,"relics_obtained":[{"floor":9.0,"key":"Letter Opener"}],"event_choices":[{"damage_healed":0.0,"max_hp_gain":0.0,"max_hp_loss":0.0,"gold_gain":0.0,"event_name":"Match and Keep!","player_choice":"2 cards matched","floor":10.0,"gold_loss":0.0,"damage_taken":0.0,"cards_obtained":["A Thousand Cuts","Regret"]}],"is_beta":false,"boss_relics":[],"items_purged_floors":[],"is_endless":false,"potions_floor_spawned":[2,3,5,7],"killed_by":"The Guardian","ascension_level":0}