{"gold_per_floor":[121,133,145,157,184,221,233,280,292,304,334,363,387,399,411,423],"floor_reached":16,"playtime":600,"items_purged":[],"score":176,"play_id":"6eb3f613-5368-4a5f-b4fe-d2bf5a906b24","local_time":"20190331151318","is_ascension_mode":true,"campfire_choices":[{"floor":7,"key":"REST"},{"data":"Sucker Punch","floor":10,"key":"SMITH"},{"floor":15,"key":"REST"}],"neow_cost":"NONE","seed_source_timestamp":918651819125743,"circlet_count":0,"master_deck":["AscendersBane","Defend_G","Defend_G","Defend_G","Defend_G","Defend_G","Strike_G","Strike_G","Strike_G","Strike_G","Survivor","Neutralize+1","Riddle With Holes+1","Sucker Punch+1","Quick Slash","Backflip","Prepared"],"relics":["Ring of the Snake","MawBank","Shuriken","Anchor","Molten Egg 2","CultistMask"],"potions_floor_usage":[8],"damage_taken":[{"damage":1,"enemies":"2 Louse","floor":1,"turns":3},{"damage":0,"enemies":"Cultist","floor":5,"turns":4},{"damage":30,"enemies":"Gremlin Nob","floor":6,"turns":5},{"damage":12,"enemies":"Lagavulin","floor":8,"turns":5},{"damage":0,"enemies":"Jaw Worm","floor":11,"turns":5},{"damage":12,"enemies":"Lots of Slimes","floor":12,"turns":5},{"damage":0,"enemies":"Large Slime","floor":13,"turns":5},{"damage":48,"enemies":"Hexaghost","floor":16,"turns":11}],"seed_played":"3010654462154301652","potions_obtained":[{"floor":6,"key":"PowerPotion"},{"floor":8,"key":"Weak Potion"},{"floor":12,"key":"Energy Potion"}],"is_trial":false,"path_per_floor":["M","?","?","?","M","E","R","E","T","R","M","M","M","?","R","B"],"character_chosen":"THE_SILENT","items_purchased":[],"campfire_rested":2,"item_purchase_floors":[],"current_hp_per_floor":[62,55,55,55,55,25,46,34,34,34,34,22,22,22,43,0],"gold":423,"neow_bonus":"RANDOM_COMMON_RELIC","is_prod":false,"is_daily":false,"chose_seed":false,"campfire_upgraded":1,"win_rate":0,"timestamp":1554055998,"path_taken":["M","?","?","?","?","E","R","E","T","R","?","M","M","?","R","BOSS"],"build_version":"2019-01-23","purchased_purges":0,"victory":false,"max_hp_per_floor":[70,70,70,70,70,70,70,70,70,70,70,70,70,70,70,70],"card_choices":[{"not_picked":["PiercingWail","Dagger Throw"],"picked":"Riddle With Holes","floor":1},{"not_picked":["Quick Slash","Dagger Throw"],"picked":"Sucker Punch","floor":5},{"not_picked":["Choke","Quick Slash","Acrobatics"],"picked":"SKIP","floor":6},{"not_picked":["Poisoned Stab","Dagger Throw"],"picked":"Quick Slash","floor":8},{"not_picked":["Quick Slash+1","A Thousand Cuts"],"picked":"Backflip","floor":11},{"not_picked":["Underhanded Strike+1","Dagger Throw+1","Poisoned Stab+1"],"picked":"SKIP","floor":12},{"not_picked":["Bane+1","Prepared","Distraction"],"picked":"SKIP","floor":13},{"not_picked":["Bane+1","Distraction"],"picked":"Prepared","floor":13}],"player_experience":1023713,"relics_obtained":[{"floor":6,"key":"Shuriken"},{"floor":8,"key":"Anchor"},{"floor":9,"key":"Molten Egg 2"}],"event_choices":[{"cards_removed":["Strike_G"],"damage_healed":0,"gold_gain":0,"player_choice":"Card Removal","damage_taken":7,"max_hp_gain":0,"max_hp_loss":0,"event_name":"Golden Wing","floor":2,"gold_loss":0},{"damage_healed":0,"gold_gain":0,"player_choice":"Grow","damage_taken":0,"max_hp_gain":0,"max_hp_loss":0,"event_name":"Living Wall","floor":3,"gold_loss":0,"cards_upgraded":["Riddle With Holes"]},{"damage_healed":0,"gold_gain":0,"player_choice":"Upgraded","damage_taken":0,"max_hp_gain":0,"max_hp_loss":0,"event_name":"Upgrade Shrine","floor":4,"gold_loss":0,"cards_upgraded":["Neutralize"]},{"damage_healed":0,"gold_gain":0,"player_choice":"Trade","damage_taken":0,"relics_obtained":["CultistMask"],"max_hp_gain":0,"max_hp_loss":0,"event_name":"FaceTrader","floor":14,"gold_loss":0}],"is_beta":false,"boss_relics":[],"items_purged_floors":[],"is_endless":false,"potions_floor_spawned":[6,8,12,13],"killed_by":"Hexaghost","ascension_level":12}