{"gold_per_floor":[15,33,33,44,119,119,146,146,146,165,165,184,204,79,79,176,176,190,206,218,317,317,348,348],"floor_reached":24,"playtime":6654,"items_purged":["Regret"],"score":338,"play_id":"9ac50c7d-c077-44b1-bacc-70d58e635960","local_time":"20190314225541","is_ascension_mode":true,"campfire_choices":[{"data":"Glacier","floor":6,"key":"SMITH"},{"floor":11,"key":"REST"},{"floor":15,"key":"REST"}],"neow_cost":"NO_GOLD","seed_source_timestamp":157449315438381,"circlet_count":0,"master_deck":["AscendersBane","Strike_B","Strike_B","Strike_B+1","Strike_B","Defend_B","Defend_B","Defend_B","Defend_B","Zap+1","Dualcast","Ball Lightning","Sweeping Beam","Glacier+1","Sweeping Beam","Darkness","White Noise","Self Repair","Leap","Electrodynamics","Self Repair","Cold Snap","Rip and Tear+1"],"relics":["Cracked Core","Emotion Chip","Sundial","PreservedInsect","Pear","Nuclear Battery","Du-Vu Doll"],"potions_floor_usage":[7,16,16,23,23,24],"damage_taken":[{"damage":7,"enemies":"2 Louse","floor":1,"turns":2},{"damage":0,"enemies":"Small Slimes","floor":2,"turns":3},{"damage":10,"enemies":"Jaw Worm","floor":4,"turns":3},{"damage":12,"enemies":"Lagavulin","floor":7,"turns":5},{"damage":16,"enemies":"Red Slaver","floor":10,"turns":2},{"damage":7,"enemies":"2 Fungi Beasts","floor":12,"turns":2},{"damage":11,"enemies":"Looter","floor":13,"turns":2},{"damage":12,"enemies":"The Guardian","floor":16,"turns":10},{"damage":11,"enemies":"Spheric Guardian","floor":18,"turns":3},{"damage":17,"enemies":"Shell Parasite","floor":19,"turns":6},{"damage":56,"enemies":"Snake Plant","floor":20,"turns":5},{"damage":53,"enemies":"Book of Stabbing","floor":23,"turns":5},{"damage":32,"enemies":"Centurion and Healer","floor":24,"turns":2}],"seed_played":"2787722192311031420","potions_obtained":[{"floor":1,"key":"Weak Potion"},{"floor":7,"key":"FocusPotion"},{"floor":10,"key":"Weak Potion"},{"floor":19,"key":"Regen Potion"},{"floor":20,"key":"Fire Potion"},{"floor":23,"key":"FearPotion"}],"is_trial":false,"path_per_floor":["M","M","?","M","?","R","E","?","T","M","R","M","M","$","R","B",null,"M","M","M","?","?","E","M"],"character_chosen":"DEFECT","items_purchased":["Leap"],"campfire_rested":2,"item_purchase_floors":[14],"current_hp_per_floor":[61,61,61,51,40,40,28,13,23,7,32,25,14,14,39,34,72,61,58,16,16,44,19,0],"gold":348,"neow_bonus":"ONE_RARE_RELIC","is_prod":false,"is_daily":false,"chose_seed":false,"campfire_upgraded":1,"win_rate":0,"timestamp":1552614941,"path_taken":["M","M","?","M","?","R","E","?","T","M","R","?","M","?","R","BOSS","M","M","M","?","?","E","M"],"build_version":"2019-01-23","purchased_purges":1,"victory":false,"max_hp_per_floor":[75,75,75,75,75,75,75,75,85,85,85,85,85,85,85,85,85,85,85,85,85,85,85,85],"card_choices":[{"not_picked":["Recycle","Rebound"],"picked":"Ball Lightning","floor":1},{"not_picked":["Coolheaded","Scrape"],"picked":"Sweeping Beam","floor":2},{"not_picked":["Melter","Heatsinks"],"picked":"Glacier","floor":4},{"not_picked":["Rebound","Steam"],"picked":"Sweeping Beam","floor":7},{"not_picked":["Static Discharge","Coolheaded"],"picked":"Darkness","floor":10},{"not_picked":["Recycle","Hologram"],"picked":"White Noise","floor":12},{"not_picked":["Go for the Eyes","Reprogram"],"picked":"Self Repair","floor":13},{"not_picked":["Buffer","Rainbow"],"picked":"Electrodynamics","floor":16},{"not_picked":["Streamline","Lockon"],"picked":"Self Repair","floor":18},{"not_picked":["Gash","Steam Power"],"picked":"Cold Snap","floor":19},{"not_picked":["Sweeping Beam","Ball Lightning","Scrape"],"picked":"SKIP","floor":20},{"not_picked":["Darkness","Ball Lightning"],"picked":"Rip and Tear+1","floor":23}],"player_experience":957152,"relics_obtained":[{"floor":7,"key":"PreservedInsect"},{"floor":9,"key":"Pear"},{"floor":23,"key":"Du-Vu Doll"}],"event_choices":[{"damage_healed":0,"gold_gain":0,"player_choice":"Box","damage_taken":0,"relics_obtained":["Sundial"],"max_hp_gain":0,"max_hp_loss":0,"event_name":"Big Fish","floor":3,"gold_loss":0,"cards_obtained":["Regret"]},{"damage_healed":0,"gold_gain":75,"player_choice":"Gather Gold","damage_taken":11,"max_hp_gain":0,"max_hp_loss":0,"event_name":"World of Goop","floor":5,"gold_loss":0},{"damage_healed":0,"gold_gain":0,"player_choice":"Entered Light","damage_taken":15,"max_hp_gain":0,"max_hp_loss":0,"event_name":"Shining Light","floor":8,"gold_loss":0,"cards_upgraded":["Strike_B","Zap"]},{"damage_healed":0,"gold_gain":99,"player_choice":"Stole From Cult","damage_taken":0,"max_hp_gain":0,"max_hp_loss":0,"event_name":"Nest","floor":21,"gold_loss":0},{"damage_healed":28,"gold_gain":0,"player_choice":"Heal","damage_taken":0,"max_hp_gain":0,"max_hp_loss":0,"event_name":"The Library","floor":22,"gold_loss":0}],"is_beta":false,"boss_relics":[{"not_picked":["Pandora\u0027s Box","Sozu"],"picked":"Nuclear Battery"}],"items_purged_floors":[14],"is_endless":false,"potions_floor_spawned":[1,7,10,12,13,19,20,23],"killed_by":"Centurion and Healer","ascension_level":11}