{"gold_per_floor":[115,134,146,157,157,184,184,217,217,227,237,271,271,11,11,115,115,132,146,146,158,177,203,203,235,235,37,37,56,82,94,94,190,190,209,209,229,280,294,294,326,226,226,242,277,277,277,296,296,296,296,296,51,77,77],"floor_reached":56,"playtime":4072,"items_purged":["Clumsy","Strike_B","Normality"],"score":1680,"play_id":"17515f61-298b-4c40-85f7-29fa3e1aae35","local_time":"20190414074124","is_ascension_mode":true,"campfire_choices":[{"data":"Machine Learning","floor":7,"key":"SMITH"},{"data":"Rainbow","floor":13,"key":"SMITH"},{"data":"Capacitor","floor":15,"key":"SMITH"},{"data":"Fission","floor":24,"key":"SMITH"},{"data":"Coolheaded","floor":28,"key":"SMITH"},{"data":"Coolheaded","floor":32,"key":"SMITH"},{"floor":40,"key":"RECALL"},{"data":"Jack Of All Trades","floor":49,"key":"SMITH"},{"data":"Zap","floor":52,"key":"SMITH"}],"neow_cost":"NONE","seed_source_timestamp":2894168301118325,"circlet_count":0,"master_deck":["Defend_B","Defend_B","Defend_B","Defend_B","Zap+1","Dualcast","Skim","Gash","Ball Lightning","Machine Learning+1","Capacitor+1","Finesse","Hologram","Rainbow+1","Steam","Reinforced Body","Electrodynamics+1","Fission+1","Genetic Algorithm+1","Reinforced Body","Heatsinks+1","Go for the Eyes+1","Glacier+1","Loop+1","Coolheaded+1","Redo+1","Coolheaded+1","Biased Cognition+1","Core Surge","Hologram+1","White Noise+1","Storm+1","Darkness+1","Chaos+1","Good Instincts","Jack Of All Trades+1","Capacitor+1","White Noise","Barrage+1"],"relics":["Coffee Dripper","DataDisk","Meat on the Bone","Frozen Egg 2","Bottled Flame","Symbiotic Virus","Cursed Key","Anchor","Pantograph","Potion Belt","Empty Cage","Mango","Cables","Singing Bowl","Blue Candle","Lantern"],"potions_floor_usage":[8,8,19,23,48,55,55,55,55],"damage_taken":[{"damage":0,"enemies":"Cultist","floor":1,"turns":4},{"damage":1,"enemies":"Jaw Worm","floor":2,"turns":4},{"damage":2,"enemies":"2 Louse","floor":3,"turns":2},{"damage":5,"enemies":"Looter","floor":4,"turns":3},{"damage":27,"enemies":"3 Sentries","floor":6,"turns":7},{"damage":6,"enemies":"Lagavulin","floor":8,"turns":7},{"damage":0,"enemies":"Exordium Wildlife","floor":10,"turns":3},{"damage":3,"enemies":"2 Fungi Beasts","floor":11,"turns":4},{"damage":7,"enemies":"3 Sentries","floor":12,"turns":7},{"damage":0,"enemies":"The Guardian","floor":16,"turns":10},{"damage":0,"enemies":"Spheric Guardian","floor":18,"turns":2},{"damage":0,"enemies":"Chosen","floor":19,"turns":3},{"damage":0,"enemies":"Snake Plant","floor":21,"turns":3},{"damage":0,"enemies":"3 Cultists","floor":22,"turns":3},{"damage":1,"enemies":"Book of Stabbing","floor":23,"turns":5},{"damage":0,"enemies":"Gremlin Leader","floor":25,"turns":7},{"damage":0,"enemies":"Snecko","floor":29,"turns":4},{"damage":0,"enemies":"Book of Stabbing","floor":30,"turns":4},{"damage":0,"enemies":"Snake Plant","floor":31,"turns":3},{"damage":0,"enemies":"Champ","floor":33,"turns":7},{"damage":0,"enemies":"Orb Walker","floor":35,"turns":4},{"damage":0,"enemies":"3 Shapes","floor":37,"turns":3},{"damage":14,"enemies":"2 Orb Walkers","floor":38,"turns":4},{"damage":0,"enemies":"Maw","floor":39,"turns":6},{"damage":0,"enemies":"Giant Head","floor":41,"turns":7},{"damage":0,"enemies":"Transient","floor":44,"turns":5},{"damage":0,"enemies":"Nemesis","floor":45,"turns":6},{"damage":0,"enemies":"3 Darklings","floor":48,"turns":4},{"damage":22,"enemies":"Time Eater","floor":50,"turns":9},{"damage":0,"enemies":"Shield and Spear","floor":54,"turns":4},{"damage":0,"enemies":"The Heart","floor":55,"turns":9}],"seed_played":"7576986878611151243","potions_obtained":[{"floor":1,"key":"Weak Potion"},{"floor":4,"key":"Regen Potion"},{"floor":10,"key":"GamblersBrew"},{"floor":18,"key":"GamblersBrew"},{"floor":22,"key":"Block Potion"},{"floor":25,"key":"LiquidBronze"},{"floor":29,"key":"Ancient Potion"},{"floor":39,"key":"Poison Potion"},{"floor":41,"key":"Block Potion"},{"floor":45,"key":"Regen Potion"},{"floor":48,"key":"AttackPotion"}],"is_trial":false,"path_per_floor":["M","M","M","M","?","E","R","E","T","M","M","E","R","$","R","B",null,"M","M","?","M","M","E","R","E","T","$","R","M","E","M","R","B",null,"M","?","M","?","M","R","E","$","T","M","E","?","?","M","R","B",null,"R","$","E","B",null],"character_chosen":"DEFECT","items_purchased":["Symbiotic Virus","Loop+1","Coolheaded","Block Potion","White Noise"],"campfire_rested":0,"item_purchase_floors":[14,27,27,53,53],"current_hp_per_floor":[75,74,72,67,67,40,40,49,49,49,46,39,39,39,39,39,75,75,75,75,75,75,74,74,74,74,74,74,74,74,74,74,75,75,75,71,71,71,71,71,71,71,71,73,75,67,67,67,67,69,91,91,91,91,91],"gold":77,"neow_bonus":"BOSS_RELIC","is_prod":false,"is_daily":false,"chose_seed":false,"campfire_upgraded":8,"win_rate":0,"timestamp":1555242084,"path_taken":["M","?","M","M","?","E","R","E","T","M","M","E","R","$","R","BOSS","M","?","?","M","?","E","R","E","T","$","R","M","E","M","R","BOSS","M","?","M","?","M","R","E","?","T","M","E","?","?","M","R","BOSS","R","$","E","BOSS"],"build_version":"2019-04-04","purchased_purges":3,"victory":true,"max_hp_per_floor":[75,75,75,75,75,75,75,75,75,75,75,75,75,75,75,75,75,75,75,75,75,75,75,75,75,75,75,75,75,75,75,75,75,75,75,71,71,85,85,85,85,85,85,87,89,91,91,91,91,91,91,91,91,91,91],"card_choices":[{"not_picked":["Beam Cell","Redo"],"picked":"Skim","floor":1},{"not_picked":["Stack","Reprogram"],"picked":"Gash","floor":2},{"not_picked":["Conserve Battery","Beam Cell"],"picked":"Ball Lightning","floor":3},{"not_picked":["Go for the Eyes","White Noise"],"picked":"Machine Learning","floor":4},{"not_picked":["Fission","Darkness"],"picked":"Hologram","floor":6},{"not_picked":["Storm","Recycle"],"picked":"Rainbow","floor":8},{"not_picked":["Reinforced Body","Blizzard"],"picked":"Steam","floor":10},{"not_picked":["Compile Driver","Hologram"],"picked":"Reinforced Body","floor":11},{"not_picked":["Creative AI+1","Melter"],"picked":"Electrodynamics+1","floor":12},{"not_picked":["Meteor Strike","Machine Learning+1"],"picked":"Fission","floor":16},{"not_picked":["Static Discharge+1","Cold Snap"],"picked":"Genetic Algorithm+1","floor":18},{"not_picked":["Reprogram","Steam"],"picked":"Reinforced Body","floor":19},{"not_picked":["Hologram","Stack","Gash+1"],"picked":"SKIP","floor":21},{"not_picked":["Barrage","Conserve Battery"],"picked":"Go for the Eyes+1","floor":22},{"not_picked":["Fusion+1","Rebound"],"picked":"Glacier+1","floor":23},{"not_picked":["Gash","Static Discharge+1","Ball Lightning"],"picked":"SKIP","floor":25},{"not_picked":["Heatsinks+1","Lockon"],"picked":"Redo+1","floor":29},{"not_picked":["Ball Lightning","Melter"],"picked":"Coolheaded","floor":30},{"not_picked":["Lockon","Chill"],"picked":"Biased Cognition+1","floor":31},{"not_picked":["Seek","Amplify"],"picked":"Core Surge","floor":33},{"not_picked":["Recycle+1","Coolheaded"],"picked":"Hologram+1","floor":35},{"not_picked":["Turbo","Cold Snap"],"picked":"White Noise+1","floor":37},{"not_picked":["Cold Snap+1","Gash+1"],"picked":"Storm+1","floor":38},{"not_picked":["Hologram+1","Melter"],"picked":"Darkness+1","floor":39},{"not_picked":["Steam+1","Coolheaded"],"picked":"Chaos+1","floor":41},{"not_picked":["Turbo","Stack","Hyperbeam"],"picked":"Singing Bowl","floor":44},{"not_picked":["Gash+1","Darkness","Rebound"],"picked":"Singing Bowl","floor":45},{"not_picked":["Madness","Bandage Up"],"picked":"Good Instincts","floor":46},{"not_picked":["Apotheosis","Swift Strike"],"picked":"Jack Of All Trades","floor":46},{"not_picked":["Flash of Steel","Panacea","Apotheosis"],"picked":"Singing Bowl","floor":46},{"not_picked":["Static Discharge+1","Beam Cell"],"picked":"Capacitor+1","floor":48},{"not_picked":["Rebound","Lockon"],"picked":"Barrage+1","floor":54}],"player_experience":5319444,"relics_obtained":[{"floor":6,"key":"DataDisk"},{"floor":8,"key":"Meat on the Bone"},{"floor":9,"key":"Frozen Egg 2"},{"floor":12,"key":"Bottled Flame"},{"floor":23,"key":"Anchor"},{"floor":25,"key":"Pantograph"},{"floor":30,"key":"Potion Belt"},{"floor":38,"key":"Mango"},{"floor":41,"key":"Cables"},{"floor":43,"key":"Singing Bowl"},{"floor":45,"key":"Blue Candle"},{"floor":54,"key":"Lantern"}],"event_choices":[{"damage_healed":0,"gold_gain":0,"player_choice":"2 cards matched","damage_taken":0,"max_hp_gain":0,"max_hp_loss":0,"event_name":"Match and Keep!","floor":5,"gold_loss":0,"cards_obtained":["Capacitor","Finesse"]},{"damage_healed":0,"gold_gain":0,"cards_transformed":["Strike_B"],"player_choice":"Transformed","damage_taken":0,"max_hp_gain":0,"max_hp_loss":0,"event_name":"Transmorgrifier","floor":20,"gold_loss":0,"cards_obtained":["Heatsinks"]},{"damage_healed":0,"gold_gain":0,"player_choice":"Max HP","damage_taken":0,"max_hp_gain":0,"max_hp_loss":4,"event_name":"Winding Halls","floor":36,"gold_loss":0},{"damage_healed":0,"gold_gain":0,"player_choice":"Fight","damage_taken":0,"max_hp_gain":0,"max_hp_loss":0,"event_name":"Mysterious Sphere","floor":38,"gold_loss":0},{"damage_healed":0,"gold_gain":0,"player_choice":"Memory 3","damage_taken":10,"max_hp_gain":0,"max_hp_loss":0,"event_name":"SensoryStone","floor":46,"gold_loss":0},{"damage_healed":0,"gold_gain":0,"player_choice":"Ignored","damage_taken":0,"max_hp_gain":0,"max_hp_loss":0,"event_name":"Tomb of Lord Red Mask","floor":47,"gold_loss":0}],"is_beta":true,"boss_relics":[{"not_picked":["Astrolabe","Sozu"],"picked":"Cursed Key"},{"not_picked":["Runic Dome","Eternal Feather"],"picked":"Empty Cage"}],"items_purged_floors":[27,42,53],"is_endless":false,"potions_floor_spawned":[1,4,10,18,22,25,29,39,41,45,48,54],"ascension_level":1}