{"gold_per_floor":[114,125,141,141,141,199,199,225,225,225,258,270,10,25,25,121,121,140,154,232,252,252,252,280,299,381,414,27,37,37,37,37,136,136,154,154,508,508,508,508,533,550,550,578,606,618,66,83,83,83,83,83,32,63,63],"floor_reached":56,"playtime":3346,"items_purged":["Strike_B","Strike_B","Writhe"],"score":1568,"play_id":"b347e565-9343-409a-999e-89f4de0d3ad2","local_time":"20190305223653","is_ascension_mode":true,"campfire_choices":[{"data":"Creative AI","floor":7,"key":"SMITH"},{"data":"Storm","floor":10,"key":"SMITH"},{"data":"Heatsinks","floor":15,"key":"SMITH"},{"data":"Defragment","floor":23,"key":"SMITH"},{"data":"Biased Cognition","floor":30,"key":"SMITH"},{"data":"Conserve Battery","floor":32,"key":"SMITH"},{"floor":40,"key":"RECALL"},{"data":"Chill","floor":46,"key":"SMITH"},{"data":"Defend_B","floor":49,"key":"SMITH"},{"data":"Defend_B","floor":52,"key":"SMITH"}],"neow_cost":"NONE","seed_source_timestamp":369706257989812,"circlet_count":0,"master_deck":["Strike_B","Defend_B+1","Defend_B+1","Defend_B","Defend_B","Zap+1","Dualcast","BootSequence","Streamline+1","Conserve Battery+1","Chill+1","Creative AI+1","Storm+1","Conserve Battery+1","Fusion+1","Leap+1","Steam Power+1","Heatsinks+1","Force Field+1","Electrodynamics","Glacier+1","Sweeping Beam+1","Defragment+1","Biased Cognition+1","Leap+1","Stack+1","Capacitor+1","Coolheaded+1","Fission+1","Cold Snap","Force Field+1","Amplify+1","Conserve Battery+1","Loop+1","Hello World+1","Conserve Battery+1","Coolheaded+1","Consume+1","Mayhem+1","Storm+1","Steam Power+1","Go for the Eyes+1"],"relics":["Cracked Core","Tiny Chest","Bird Faced Urn","Toxic Egg 2","Bag of Marbles","Runic Dome","Boot","Letter Opener","Frozen Egg 2","Unceasing Top","Ancient Tea Set","Busted Crown","Old Coin","Mercury Hourglass","Cables","MawBank","Anchor","Emotion Chip"],"potions_floor_usage":[6,14,21,24,55,55,55,55,55,55],"damage_taken":[{"damage":1,"enemies":"Jaw Worm","floor":1,"turns":3},{"damage":0,"enemies":"2 Louse","floor":2,"turns":2},{"damage":1,"enemies":"Cultist","floor":3,"turns":3},{"damage":3,"enemies":"Lagavulin","floor":6,"turns":6},{"damage":5,"enemies":"3 Sentries","floor":8,"turns":7},{"damage":16,"enemies":"Gremlin Nob","floor":11,"turns":3},{"damage":14,"enemies":"Exordium Wildlife","floor":12,"turns":5},{"damage":2,"enemies":"Gremlin Gang","floor":14,"turns":4},{"damage":0,"enemies":"Slime Boss","floor":16,"turns":9},{"damage":5,"enemies":"2 Thieves","floor":18,"turns":3},{"damage":0,"enemies":"Shell Parasite","floor":19,"turns":4},{"damage":0,"enemies":"Sentry and Sphere","floor":21,"turns":4},{"damage":0,"enemies":"Book of Stabbing","floor":24,"turns":6},{"damage":0,"enemies":"Cultist and Chosen","floor":25,"turns":3},{"damage":19,"enemies":"Slavers","floor":27,"turns":4},{"damage":0,"enemies":"Snecko","floor":29,"turns":4},{"damage":0,"enemies":"Champ","floor":33,"turns":12},{"damage":0,"enemies":"3 Shapes","floor":35,"turns":3},{"damage":3,"enemies":"2 Orb Walkers","floor":37,"turns":4},{"damage":0,"enemies":"Giant Head","floor":41,"turns":6},{"damage":4,"enemies":"3 Darklings","floor":42,"turns":3},{"damage":0,"enemies":"Transient","floor":44,"turns":5},{"damage":0,"enemies":"Jaw Worm Horde","floor":45,"turns":3},{"damage":0,"enemies":"Sphere and 2 Shapes","floor":48,"turns":2},{"damage":0,"enemies":"Donu and Deca","floor":50,"turns":4},{"damage":5,"enemies":"Shield and Spear","floor":54,"turns":3},{"damage":62,"enemies":"The Heart","floor":55,"turns":5}],"seed_played":"-1990059252111469057","potions_obtained":[{"floor":1,"key":"Strength Potion"},{"floor":3,"key":"SpeedPotion"},{"floor":6,"key":"FearPotion"},{"floor":14,"key":"Swift Potion"},{"floor":16,"key":"EssenceOfSteel"},{"floor":21,"key":"Regen Potion"},{"floor":24,"key":"FearPotion"},{"floor":33,"key":"EntropicBrew"},{"floor":48,"key":"Energy Potion"}],"is_trial":false,"path_per_floor":["M","M","M","?","?","E","R","E","T","R","E","M","$","M","R","B",null,"M","M","T","M","T","R","E","M","T","E","$","M","R","?","R","B",null,"M","?","?","?","T","R","E","M","T","M","M","R","$","M","R","B",null,"R","$","E","B",null],"character_chosen":"DEFECT","items_purchased":["Leap+1","Steam Power+1","Heatsinks","Capacitor+1","Coolheaded+1","Fission+1","Cold Snap","Mayhem+1","Anchor","Storm+1","Steam Power+1","Swift Potion"],"campfire_rested":0,"item_purchase_floors":[13,13,13,28,28,28,28,47,47,47,47,53],"current_hp_per_floor":[74,74,73,73,73,70,70,65,65,65,55,53,53,61,61,75,75,75,75,75,75,75,75,75,75,75,66,66,75,75,75,75,75,75,75,75,75,75,75,75,75,75,75,75,75,75,75,75,75,75,75,75,75,74,23],"gold":63,"neow_bonus":"UPGRADE_CARD","is_prod":false,"is_daily":false,"chose_seed":false,"campfire_upgraded":9,"win_rate":0,"timestamp":1551843413,"path_taken":["M","M","M","?","?","E","R","E","T","R","E","M","$","M","R","BOSS","M","M","?","M","?","R","E","?","T","E","$","M","R","?","R","BOSS","M","?","?","?","?","R","E","M","T","M","M","R","$","M","R","BOSS","R","$","E","BOSS"],"build_version":"2019-02-06","purchased_purges":3,"victory":true,"max_hp_per_floor":[75,75,75,75,75,75,75,75,75,75,75,75,75,75,75,75,75,75,75,75,75,75,75,75,75,75,75,75,75,75,75,75,75,75,75,75,75,75,75,75,75,75,75,75,75,75,75,75,75,75,75,75,75,75,75],"card_choices":[{"not_picked":["Redo","Coolheaded"],"picked":"BootSequence","floor":1},{"not_picked":["Redo","White Noise"],"picked":"Streamline","floor":2},{"not_picked":["Skim","Steam Power"],"picked":"Conserve Battery","floor":3},{"not_picked":["Cold Snap","Steam"],"picked":"Creative AI","floor":6},{"not_picked":["Compile Driver","Turbo"],"picked":"Storm","floor":8},{"not_picked":["Genetic Algorithm+1","Leap+1"],"picked":"Conserve Battery+1","floor":11},{"not_picked":["Rip and Tear","Beam Cell"],"picked":"Fusion+1","floor":12},{"not_picked":["Stack+1","Fusion+1"],"picked":"Force Field+1","floor":14},{"not_picked":["Seek+1","All For One"],"picked":"Electrodynamics","floor":16},{"not_picked":["Rebound+1","Hello World+1"],"picked":"Glacier+1","floor":18},{"not_picked":["Steam+1","Leap+1"],"picked":"Sweeping Beam+1","floor":19},{"not_picked":["Sweeping Beam","Doom and Gloom"],"picked":"Defragment","floor":21},{"not_picked":["Storm+1","Beam Cell"],"picked":"Biased Cognition","floor":24},{"not_picked":["Lockon","Hello World"],"picked":"Leap+1","floor":25},{"not_picked":["Leap+1","Streamline"],"picked":"Stack+1","floor":27},{"not_picked":["Recycle+1","Rebound"],"picked":"Force Field+1","floor":29},{"not_picked":["Machine Learning+1","Meteor Strike"],"picked":"Amplify+1","floor":33},{"not_picked":[],"picked":"Conserve Battery+1","floor":35},{"not_picked":[],"picked":"Loop+1","floor":37},{"not_picked":[],"picked":"Hello World+1","floor":41},{"not_picked":[],"picked":"Conserve Battery+1","floor":42},{"not_picked":[],"picked":"Coolheaded+1","floor":44},{"not_picked":[],"picked":"Consume+1","floor":45},{"not_picked":["Leap+1"],"picked":"SKIP","floor":48},{"not_picked":[],"picked":"Go for the Eyes+1","floor":54}],"player_experience":4819321,"relics_obtained":[{"floor":6,"key":"Tiny Chest"},{"floor":8,"key":"Bird Faced Urn"},{"floor":9,"key":"Toxic Egg 2"},{"floor":11,"key":"Bag of Marbles"},{"floor":22,"key":"Boot"},{"floor":24,"key":"Letter Opener"},{"floor":26,"key":"Frozen Egg 2"},{"floor":27,"key":"Unceasing Top"},{"floor":37,"key":"Old Coin"},{"floor":39,"key":"Mercury Hourglass"},{"floor":41,"key":"Cables"},{"floor":43,"key":"MawBank"},{"floor":54,"key":"Emotion Chip"}],"event_choices":[{"damage_healed":0,"gold_gain":0,"player_choice":"Grow","damage_taken":0,"max_hp_gain":0,"max_hp_loss":0,"event_name":"Living Wall","floor":4,"gold_loss":0,"cards_upgraded":["Streamline"]},{"damage_healed":0,"gold_gain":0,"player_choice":"1 cards matched","damage_taken":0,"max_hp_gain":0,"max_hp_loss":0,"event_name":"Match and Keep!","floor":5,"gold_loss":0,"cards_obtained":["Chill"]},{"damage_healed":0,"gold_gain":0,"player_choice":"Opened","damage_taken":0,"relics_obtained":["Ancient Tea Set"],"max_hp_gain":0,"max_hp_loss":0,"event_name":"The Mausoleum","floor":31,"gold_loss":0,"cards_obtained":["Writhe"]},{"damage_healed":0,"gold_gain":0,"player_choice":"Ignored","damage_taken":0,"max_hp_gain":0,"max_hp_loss":0,"event_name":"Tomb of Lord Red Mask","floor":36,"gold_loss":0},{"damage_healed":0,"gold_gain":0,"player_choice":"Fight","damage_taken":0,"max_hp_gain":0,"max_hp_loss":0,"event_name":"Mysterious Sphere","floor":37,"gold_loss":0},{"cards_removed":["Strike_B"],"damage_healed":0,"gold_gain":0,"player_choice":"Removed Attack","damage_taken":0,"max_hp_gain":0,"max_hp_loss":0,"event_name":"Falling","floor":38,"gold_loss":0}],"is_beta":true,"boss_relics":[{"not_picked":["Black Star","Astrolabe"],"picked":"Runic Dome"},{"not_picked":["Sozu","Pandora\u0027s Box"],"picked":"Busted Crown"}],"items_purged_floors":[13,28,47],"is_endless":false,"potions_floor_spawned":[1,3,6,14,16,21,24,33,42,45,48],"ascension_level":1}