{"gold_per_floor":[110,166,116,134,32,65,85,85,159,190,190,190,190,201,201,299,299,310,238,238,238,238,238,267,278,303,1,27,27,46,0,0,0],"floor_reached":33,"playtime":1272,"items_purged":[],"score":386,"play_id":"c2c30c01-a94f-4adf-a3bd-934ba8fd219f","local_time":"20190514110409","is_ascension_mode":true,"campfire_choices":[{"data":"Noxious Fumes","floor":8.0,"key":"SMITH"},{"floor":11.0,"key":"REST"},{"floor":13.0,"key":"REST"},{"data":"Noxious Fumes","floor":15.0,"key":"SMITH"},{"data":"Adrenaline","floor":23.0,"key":"SMITH"},{"data":"Adrenaline","floor":32,"key":"SMITH"}],"neow_cost":"NONE","seed_source_timestamp":0,"circlet_count":0,"master_deck":["Survivor","Neutralize","Cloak And Dagger+1","Bane+1","Riddle With Holes+1","Underhanded Strike","Prepared+1","Footwork","Acrobatics","Deadly Poison","Noxious Fumes+1","Backflip","Noxious Fumes+1","Adrenaline+1","Underhanded Strike","Adrenaline+1","Sucker Punch","Backstab","Accuracy","Noxious Fumes+1","Infinite Blades","Ghostly","Ghostly","Ghostly+1","Ghostly","Ghostly","Dagger Spray+1","Cloak And Dagger"],"special_seed":0,"relics":["Astrolabe","Anchor","Darkstone Periapt","Regal Pillow","Pen Nib","Pandora\u0027s Box","Bag of Preparation","Sundial","Orichalcum","Blood Vial","War Paint","Strawberry"],"potions_floor_usage":[33],"damage_taken":[{"damage":7.0,"enemies":"Small Slimes","floor":1.0,"turns":3.0},{"damage":1.0,"enemies":"2 Louse","floor":4.0,"turns":2.0},{"damage":25.0,"enemies":"Gremlin Nob","floor":6.0,"turns":5.0},{"damage":0.0,"enemies":"Jaw Worm","floor":7.0,"turns":2.0},{"damage":34.0,"enemies":"Lagavulin","floor":10.0,"turns":6.0},{"damage":9.0,"enemies":"3 Louse","floor":14.0,"turns":3.0},{"damage":2.0,"enemies":"Slime Boss","floor":16.0,"turns":6.0},{"damage":0.0,"enemies":"2 Thieves","floor":18.0,"turns":2.0},{"damage":6.0,"enemies":"Gremlin Leader","floor":24.0,"turns":6.0},{"damage":0.0,"enemies":"Chosen","floor":25.0,"turns":4.0},{"damage":0.0,"enemies":"Slavers","floor":28.0,"turns":4.0},{"damage":0.0,"enemies":"Snecko","floor":30.0,"turns":4.0},{"damage":55,"enemies":"Champ","floor":33,"turns":8}],"seed_played":"6536134428536847020","potions_obtained":[{"floor":6.0,"key":"Weak Potion"},{"floor":14.0,"key":"Energy Potion"},{"floor":24.0,"key":"AttackPotion"},{"floor":25.0,"key":"GamblersBrew"},{"floor":30.0,"key":"SkillPotion"}],"is_trial":false,"path_per_floor":["M","?","?","M","$","E","M","R","T","E","R","?","R","M","R","B",null,"M","$","?","?","?","R","E","M","T","$","E","$","M","?","R","B"],"character_chosen":"THE_SILENT","items_purchased":["Footwork","Acrobatics","Infinite Blades","Blood Vial","War Paint"],"campfire_rested":2,"item_purchase_floors":[5,5,19,27,27],"current_hp_per_floor":[63,63,63,62,62,37,37,37,37,3,39,14,50,41,41,39,70,70,70,70,70,35,35,29,29,29,29,38,38,40,40,40,0],"gold":0,"neow_bonus":"BOSS_RELIC","is_prod":false,"is_daily":false,"chose_seed":false,"campfire_upgraded":4,"win_rate":0,"timestamp":1557846249,"path_taken":["M","?","?","M","$","E","M","R","T","E","R","?","R","M","R","BOSS","M","$","?","?","?","R","E","M","T","$","E","?","M","?","R","BOSS"],"build_version":"2019-01-23","purchased_purges":0,"victory":false,"max_hp_per_floor":[70,70,70,70,70,70,70,70,70,70,70,70,70,70,70,70,70,70,70,70,70,35,35,35,35,35,35,42,42,42,42,42,42],"card_choices":[{"not_picked":["Eviscerate","Outmaneuver"],"picked":"Underhanded Strike","floor":1.0},{"not_picked":["Cloak And Dagger","Endless Agony"],"picked":"Prepared","floor":4.0},{"not_picked":["Deflect","Underhanded Strike"],"picked":"Deadly Poison","floor":6.0},{"not_picked":["Quick Slash","Concentrate"],"picked":"Noxious Fumes","floor":7.0},{"not_picked":["Accuracy","Predator"],"picked":"Backflip","floor":10.0},{"not_picked":["Poisoned Stab","Heel Hook"],"picked":"Noxious Fumes","floor":14.0},{"not_picked":["Unload","After Image"],"picked":"Adrenaline","floor":16.0},{"not_picked":["Deflect+1","Crippling Poison"],"picked":"Noxious Fumes+1","floor":18.0},{"not_picked":["Deadly Poison","Outmaneuver"],"picked":"Dagger Spray+1","floor":24.0},{"not_picked":["Sucker Punch","Riddle With Holes"],"picked":"Cloak And Dagger","floor":25.0},{"not_picked":["Dagger Spray","Dagger Throw","Blade Dance"],"picked":"SKIP","floor":28.0},{"not_picked":["Calculated Gamble","Prepared","Sucker Punch"],"picked":"SKIP","floor":30.0}],"player_experience":185442,"relics_obtained":[{"floor":6.0,"key":"Anchor"},{"floor":9.0,"key":"Darkstone Periapt"},{"floor":10.0,"key":"Regal Pillow"},{"floor":24.0,"key":"Sundial"},{"floor":26.0,"key":"Orichalcum"},{"floor":28.0,"key":"Strawberry"}],"event_choices":[{"damage_healed":0.0,"max_hp_gain":0.0,"max_hp_loss":0.0,"gold_gain":56.0,"event_name":"Golden Wing","player_choice":"Gained Gold","floor":2.0,"gold_loss":0.0,"damage_taken":0.0},{"cards_removed":["Defend_G"],"damage_healed":0.0,"max_hp_gain":0.0,"max_hp_loss":0.0,"gold_gain":0.0,"event_name":"The Cleric","player_choice":"Card Removal","floor":3.0,"gold_loss":50.0,"damage_taken":0.0},{"damage_healed":0.0,"max_hp_gain":0.0,"max_hp_loss":0.0,"gold_gain":0.0,"event_name":"Scrap Ooze","player_choice":"Success","floor":12.0,"gold_loss":0.0,"damage_taken":25.0,"relics_obtained":["Pen Nib"]},{"cards_removed":["Outmaneuver"],"damage_healed":0.0,"max_hp_gain":0.0,"max_hp_loss":0.0,"gold_gain":0.0,"event_name":"Back to Basics","player_choice":"Elegance","floor":20.0,"gold_loss":0.0,"damage_taken":0.0},{"damage_healed":0.0,"max_hp_gain":0.0,"max_hp_loss":0.0,"gold_gain":0.0,"event_name":"The Mausoleum","player_choice":"Opened","floor":21.0,"gold_loss":0.0,"damage_taken":0.0,"relics_obtained":["Bag of Preparation"]},{"damage_healed":0.0,"max_hp_gain":0.0,"max_hp_loss":35.0,"gold_gain":0.0,"event_name":"Ghosts","player_choice":"Became a Ghost","floor":22.0,"gold_loss":0.0,"damage_taken":0.0,"cards_obtained":["Ghostly","Ghostly","Ghostly","Ghostly","Ghostly"]},{"damage_healed":0.0,"max_hp_gain":0.0,"max_hp_loss":0.0,"gold_gain":0.0,"event_name":"Masked Bandits","player_choice":"Paid Fearfully","floor":31.0,"gold_loss":46.0,"damage_taken":0.0}],"is_beta":false,"boss_relics":[{"not_picked":["Runic Pyramid","Eternal Feather"],"picked":"Pandora\u0027s Box"}],"items_purged_floors":[],"is_endless":false,"potions_floor_spawned":[6,14,24,25,30],"killed_by":"Champ","ascension_level":3}