{"gold_per_floor":[118,118,136,148,164,164,223,223,250,250,250,282,215,240,240,342,342,331,77,77,131,131,179,179,179],"floor_reached":25,"playtime":956,"items_purged":["Strike_R"],"score":367,"play_id":"d2c2a2bb-0da3-4869-b6e2-7716a6a9a9b7","local_time":"20190311204909","is_ascension_mode":true,"campfire_choices":[{"data":"Uppercut","floor":6,"key":"SMITH"},{"data":"Whirlwind","floor":8,"key":"SMITH"},{"data":"Bash","floor":10,"key":"SMITH"},{"data":"Inflame","floor":15,"key":"SMITH"},{"floor":24,"key":"REST"}],"neow_cost":"NONE","seed_source_timestamp":650168674330800,"circlet_count":0,"master_deck":["AscendersBane","Strike_R","Strike_R","Strike_R","Strike_R","Defend_R","Defend_R","Defend_R","Defend_R","Bash+1","True Grit+1","Inflame+1","Uppercut+1","Headbutt","Whirlwind+1","Shrug It Off","Exhume","True Grit+1","HandOfGreed","Flame Barrier","RitualDagger"],"relics":["Burning Blood","Regal Pillow","Tiny Chest","Juzu Bracelet","Blood Vial","Ancient Tea Set","Red Skull","Black Star","Shovel","Boot","Bottled Flame"],"potions_floor_usage":[21,23],"damage_taken":[{"damage":5,"enemies":"Small Slimes","floor":1,"turns":5},{"damage":1,"enemies":"Cultist","floor":3,"turns":4},{"damage":0,"enemies":"Jaw Worm","floor":4,"turns":6},{"damage":6,"enemies":"Blue Slaver","floor":5,"turns":6},{"damage":28,"enemies":"Gremlin Nob","floor":7,"turns":4},{"damage":36,"enemies":"3 Sentries","floor":12,"turns":7},{"damage":18,"enemies":"Gremlin Nob","floor":14,"turns":4},{"damage":5,"enemies":"Hexaghost","floor":16,"turns":9},{"damage":26,"enemies":"2 Thieves","floor":18,"turns":5},{"damage":1,"enemies":"3 Byrds","floor":21,"turns":6},{"damage":60,"enemies":"Slavers","floor":23,"turns":9},{"damage":59,"enemies":"Book of Stabbing","floor":25,"turns":7}],"seed_played":"590867041906180140","potions_obtained":[{"floor":5,"key":"SkillPotion"},{"floor":7,"key":"PowerPotion"},{"floor":21,"key":"Fruit Juice"}],"is_trial":false,"path_per_floor":["M","?","M","M","M","R","E","R","T","R","?","E","?","E","R","B",null,"M","$","T","M","?","E","R","E"],"character_chosen":"IRONCLAD","items_purchased":["HandOfGreed"],"campfire_rested":1,"item_purchase_floors":[19],"current_hp_per_floor":[81,81,86,88,88,88,66,66,66,66,66,36,36,26,26,29,73,55,55,55,67,61,9,51,0],"gold":179,"neow_bonus":"TEN_PERCENT_HP_BONUS","is_prod":false,"is_daily":false,"chose_seed":false,"campfire_upgraded":4,"win_rate":0,"timestamp":1552333749,"path_taken":["M","?","M","?","M","R","E","R","T","R","?","E","?","E","R","BOSS","M","$","?","M","?","E","R","E"],"build_version":"2019-01-23","purchased_purges":1,"victory":false,"max_hp_per_floor":[88,88,88,88,88,88,88,88,88,88,88,88,88,88,88,88,88,88,88,88,93,93,93,93,93],"card_choices":[{"not_picked":["Warcry","Perfected Strike"],"picked":"True Grit","floor":1},{"not_picked":["Battle Trance","Armaments"],"picked":"Inflame","floor":3},{"not_picked":["Clothesline","Iron Wave"],"picked":"Uppercut","floor":4},{"not_picked":["Warcry","Sword Boomerang"],"picked":"Headbutt","floor":5},{"not_picked":["Clothesline","Anger"],"picked":"Whirlwind","floor":7},{"not_picked":["Evolve","Clothesline"],"picked":"Shrug It Off","floor":12},{"not_picked":["Clash","Carnage","Bloodletting"],"picked":"SKIP","floor":14},{"not_picked":["Dark Embrace","Offering"],"picked":"Exhume","floor":16},{"not_picked":["Headbutt","Entrench"],"picked":"True Grit+1","floor":18},{"not_picked":["Heavy Blade","Iron Wave+1"],"picked":"Flame Barrier","floor":21},{"not_picked":["Blood for Blood","Havoc+1","Thunderclap"],"picked":"SKIP","floor":23}],"player_experience":547736,"relics_obtained":[{"floor":2,"key":"Regal Pillow"},{"floor":7,"key":"Tiny Chest"},{"floor":9,"key":"Juzu Bracelet"},{"floor":12,"key":"Blood Vial"},{"floor":14,"key":"Red Skull"},{"floor":20,"key":"Shovel"},{"floor":23,"key":"Boot"},{"floor":23,"key":"Bottled Flame"}],"event_choices":[{"damage_healed":0,"gold_gain":0,"player_choice":"Relic","damage_taken":0,"max_hp_gain":0,"max_hp_loss":0,"event_name":"Wheel of Change","floor":2,"gold_loss":0},{"damage_healed":0,"gold_gain":0,"player_choice":"Upgraded","damage_taken":0,"max_hp_gain":0,"max_hp_loss":0,"event_name":"Upgrade Shrine","floor":11,"gold_loss":0,"cards_upgraded":["True Grit"]},{"damage_healed":0,"gold_gain":0,"player_choice":"Paid Gold","damage_taken":0,"relics_obtained":["Ancient Tea Set"],"max_hp_gain":0,"max_hp_loss":0,"event_name":"WeMeetAgain","floor":13,"gold_loss":67},{"damage_healed":0,"gold_gain":0,"player_choice":"Joined the Cult","damage_taken":6,"max_hp_gain":0,"max_hp_loss":0,"event_name":"Nest","floor":22,"gold_loss":0,"cards_obtained":["RitualDagger"]}],"is_beta":false,"boss_relics":[{"not_picked":["Eternal Feather","Tiny House"],"picked":"Black Star"}],"items_purged_floors":[19],"is_endless":false,"potions_floor_spawned":[5,7,12,14,21],"killed_by":"Book of Stabbing","ascension_level":11}