{"gold_per_floor":[211,286,298,298,309,336,11,11,11,11,11,11,25],"floor_reached":13,"playtime":570,"items_purged":[],"score":95,"play_id":"cf761623-0bf3-4f5f-b5ff-897393256c5f","local_time":"20190427161910","is_ascension_mode":true,"campfire_choices":[{"floor":8.0,"key":"REST"},{"floor":10.0,"key":"REST"}],"neow_cost":"NONE","seed_source_timestamp":0,"circlet_count":0,"master_deck":["Strike_R","Strike_R","Strike_R","Strike_R","Strike_R","Defend_R","Defend_R","Defend_R","Defend_R","Bash","Perfected Strike","Armaments","Infernal Blade","Heavy Blade"],"special_seed":0,"relics":["Burning Blood","Singing Bowl","Membership Card","Meat on the Bone","Ornamental Fan","Paper Frog"],"potions_floor_usage":[],"damage_taken":[{"damage":9.0,"enemies":"Cultist","floor":1.0,"turns":5.0},{"damage":5.0,"enemies":"2 Louse","floor":3.0,"turns":3.0},{"damage":13.0,"enemies":"Jaw Worm","floor":5.0,"turns":4.0},{"damage":45.0,"enemies":"3 Sentries","floor":6.0,"turns":10.0},{"damage":34.0,"enemies":"Lots of Slimes","floor":13.0,"turns":8.0}],"seed_played":"-5164888526030629403","potions_obtained":[{"floor":1.0,"key":"LiquidBronze"},{"floor":6.0,"key":"Poison Potion"}],"is_trial":false,"path_per_floor":["M","?","M","?","M","E","$","R","T","R","$","?","M"],"character_chosen":"IRONCLAD","items_purchased":["Membership Card","Meat on the Bone"],"campfire_rested":2,"item_purchase_floors":[7,7],"current_hp_per_floor":[77,66,67,67,60,21,21,45,45,69,69,69,53],"gold":25,"neow_bonus":"HUNDRED_GOLD","is_prod":false,"is_daily":false,"chose_seed":false,"campfire_upgraded":0,"win_rate":0,"timestamp":1556396350,"path_taken":["M","?","M","?","M","E","$","R","T","R","$","?","M"],"build_version":"2019-01-23","purchased_purges":0,"victory":false,"max_hp_per_floor":[80,80,80,80,80,80,80,80,80,80,80,80,80],"card_choices":[{"not_picked":["Seeing Red","Havoc"],"picked":"Perfected Strike","floor":1.0},{"not_picked":["Warcry","Corruption"],"picked":"Armaments","floor":3.0},{"not_picked":["Clothesline","Searing Blow"],"picked":"Infernal Blade","floor":5.0},{"not_picked":["Pummel","Evolve"],"picked":"Heavy Blade","floor":6.0}],"player_experience":119755,"relics_obtained":[{"floor":6.0,"key":"Singing Bowl"},{"floor":9.0,"key":"Ornamental Fan"},{"floor":12.0,"key":"Paper Frog"}],"event_choices":[{"damage_healed":0.0,"max_hp_gain":0.0,"max_hp_loss":0.0,"gold_gain":75.0,"event_name":"World of Goop","player_choice":"Gather Gold","floor":2.0,"gold_loss":0.0,"damage_taken":11.0},{"damage_healed":0.0,"max_hp_gain":0.0,"max_hp_loss":0.0,"gold_gain":0.0,"event_name":"Golden Idol","player_choice":"Ignored","floor":4.0,"gold_loss":0.0,"damage_taken":0.0},{"damage_healed":0.0,"max_hp_gain":0.0,"max_hp_loss":0.0,"gold_gain":0.0,"event_name":"Wheel of Change","player_choice":"Relic","floor":12.0,"gold_loss":0.0,"damage_taken":0.0}],"is_beta":false,"boss_relics":[],"items_purged_floors":[],"is_endless":false,"potions_floor_spawned":[1,6],"killed_by":"Lots of Slimes","ascension_level":3}