{"gold_per_floor":[19,19,32,51,63,63,90,101,172,201,201,211,269,280,280,383,383,402,162,176,97,115,115],"floor_reached":23,"playtime":663,"items_purged":[],"score":311,"play_id":"7bd5ba17-1f9b-41f0-9117-902a40693ca6","local_time":"20190204183231","is_ascension_mode":true,"campfire_choices":[{"data":"Catalyst","floor":6,"key":"SMITH"},{"floor":11,"key":"REST"},{"data":"Catalyst","floor":15,"key":"SMITH"}],"neow_cost":"NO_GOLD","seed_source_timestamp":495985546928410,"circlet_count":0,"master_deck":["Defend_G","Defend_G","Defend_G","Defend_G","Defend_G","Strike_G","Strike_G","Strike_G","Strike_G","Strike_G","Survivor","Neutralize","Corpse Explosion","Catalyst+1","Dash","Catalyst+1","Wraith Form v2","Bouncing Flask","Footwork","PiercingWail","Burst","Calculated Gamble","Deadly Poison","Catalyst"],"relics":["Ring of the Snake","Smiling Mask","Pantograph","Thread and Needle","Bronze Scales","Cursed Key","Darkstone Periapt"],"potions_floor_usage":[7,22,22,22],"damage_taken":[{"damage":6,"enemies":"Jaw Worm","floor":1,"turns":4},{"damage":5,"enemies":"Cultist","floor":3,"turns":6},{"damage":0,"enemies":"Small Slimes","floor":4,"turns":3},{"damage":0,"enemies":"2 Fungi Beasts","floor":5,"turns":2},{"damage":6,"enemies":"Gremlin Nob","floor":7,"turns":3},{"damage":0,"enemies":"3 Louse","floor":8,"turns":1},{"damage":17,"enemies":"3 Sentries","floor":10,"turns":4},{"damage":7,"enemies":"Exordium Thugs","floor":12,"turns":3},{"damage":4,"enemies":"Gremlin Nob","floor":13,"turns":3},{"damage":8,"enemies":"Gremlin Gang","floor":14,"turns":2},{"damage":17,"enemies":"Slime Boss","floor":16,"turns":4},{"damage":2,"enemies":"3 Byrds","floor":18,"turns":2},{"damage":0,"enemies":"Chosen","floor":20,"turns":3},{"damage":56,"enemies":"3 Cultists","floor":22,"turns":7},{"damage":9,"enemies":"Slavers","floor":23,"turns":1}],"seed_played":"-6270617517188280257","potions_obtained":[{"floor":2,"key":"FearPotion"},{"floor":2,"key":"SkillPotion"},{"floor":2,"key":"EssenceOfSteel"},{"floor":4,"key":"Strength Potion"},{"floor":8,"key":"Strength Potion"},{"floor":22,"key":"FearPotion"}],"is_trial":false,"path_per_floor":["M","?","M","M","M","R","E","M","T","E","R","M","?","M","R","B",null,"M","$","M","$","M","E"],"character_chosen":"THE_SILENT","items_purchased":["Darkstone Periapt","Catalyst"],"campfire_rested":1,"item_purchase_floors":[19,21],"current_hp_per_floor":[57,57,52,52,52,52,46,46,46,29,50,43,39,31,31,39,62,60,60,60,60,4,0],"gold":115,"neow_bonus":"THREE_RARE_CARDS","is_prod":false,"is_daily":false,"chose_seed":false,"campfire_upgraded":2,"win_rate":0,"timestamp":1549315951,"path_taken":["M","?","?","M","?","R","E","?","T","E","R","M","?","M","R","BOSS","M","$","M","$","M","E"],"build_version":"2019-01-23","purchased_purges":0,"victory":false,"max_hp_per_floor":[70,70,70,70,70,70,70,70,70,70,70,70,70,70,70,70,70,70,70,70,70,70,70],"card_choices":[{"not_picked":["Tools of the Trade","Storm of Steel"],"picked":"Corpse Explosion","floor":0},{"not_picked":["Backflip","Blade Dance"],"picked":"Catalyst","floor":1},{"not_picked":["Endless Agony","Underhanded Strike"],"picked":"Dash","floor":3},{"not_picked":["Bouncing Flask","Deadly Poison"],"picked":"Catalyst","floor":4},{"not_picked":["Accuracy","Cloak And Dagger"],"picked":"Wraith Form v2","floor":5},{"not_picked":["Deflect","Malaise","Eviscerate"],"picked":"SKIP","floor":7},{"not_picked":["Deflect","PiercingWail"],"picked":"Bouncing Flask","floor":8},{"not_picked":["Terror","Acrobatics","Dodge and Roll"],"picked":"SKIP","floor":10},{"not_picked":["Cloak And Dagger","Prepared","Choke"],"picked":"SKIP","floor":12},{"not_picked":["Deflect","Quick Slash"],"picked":"Footwork","floor":13},{"not_picked":["Riddle With Holes","Backflip"],"picked":"PiercingWail","floor":14},{"not_picked":["Doppelganger","Grand Finale"],"picked":"Burst","floor":16},{"not_picked":["Flying Knee","Distraction"],"picked":"Calculated Gamble","floor":18},{"not_picked":["Prepared","Sucker Punch"],"picked":"Deadly Poison","floor":20},{"not_picked":["Prepared","Bane","Blade Dance"],"picked":"SKIP","floor":22}],"player_experience":714579,"relics_obtained":[{"floor":7,"key":"Smiling Mask"},{"floor":9,"key":"Pantograph"},{"floor":10,"key":"Thread and Needle"}],"event_choices":[{"damage_healed":0,"gold_gain":0,"player_choice":"Got Potions","damage_taken":0,"max_hp_gain":0,"max_hp_loss":0,"event_name":"Lab","floor":2,"gold_loss":0},{"damage_healed":0,"gold_gain":0,"player_choice":"Searched \u00272\u0027 times","damage_taken":0,"relics_obtained":["Bronze Scales"],"max_hp_gain":0,"max_hp_loss":0,"event_name":"Dead Adventurer","floor":13,"gold_loss":0}],"is_beta":false,"boss_relics":[{"not_picked":["Philosopher\u0027s Stone","Velvet Choker"],"picked":"Cursed Key"}],"items_purged_floors":[],"is_endless":false,"potions_floor_spawned":[3,4,5,8,12,16,22],"killed_by":"Slavers","ascension_level":7}