{"gold_per_floor":[112,112,126,137,151,180,180,190,190,115,115,115,190,210,210,312,312,324,334,186,186,199,199,299,103,103,103,132,8,8,8,8,103,103,121,141,153,95,95,128,128,159,185,185,185,196,76,123,123,123,123,123,123,154,154],"floor_reached":56,"playtime":2758,"items_purged":["Strike_R","Strike_R","Writhe","Parasite"],"score":1246,"play_id":"fd472485-85c7-4e18-a14f-4b17b4697b0f","local_time":"20190326233810","is_ascension_mode":false,"campfire_choices":[{"data":"Feed","floor":7,"key":"SMITH"},{"data":"Inflame","floor":12,"key":"SMITH"},{"data":"Clothesline","floor":15,"key":"SMITH"},{"data":"Combust","floor":23,"key":"SMITH"},{"data":"Bash","floor":27,"key":"SMITH"},{"data":"Bludgeon","floor":30,"key":"SMITH"},{"data":"Disarm","floor":32,"key":"SMITH"},{"data":"Limit Break","floor":41,"key":"SMITH"},{"floor":45,"key":"RECALL"},{"data":"Burning Pact","floor":49,"key":"SMITH"},{"data":"Shrug It Off","floor":52,"key":"SMITH"}],"neow_cost":"NONE","seed_source_timestamp":478846746343234,"circlet_count":0,"master_deck":["Defend_R","Defend_R","Bash+1","Twin Strike","Feed+1","Combust+1","Clothesline+1","Burning Pact+1","Inflame+1","Iron Wave+1","Shrug It Off+1","Shrug It Off","Corruption+1","Disarm+1","Bludgeon+1","Impervious","Havoc+1","Combust+1","Clothesline+1","Battle Trance+1","Feel No Pain+1","Metallicize+1","Feel No Pain+1","Magnetism+1","Limit Break+1","Heavy Blade+1","Metallicize+1"],"relics":["Burning Blood","Meat on the Bone","Snecko Eye","Shuriken","WingedGreaves","Frozen Egg 2","Singing Bowl","The Courier","Astrolabe","Molten Egg 2","Anchor","Blood Vial","Strawberry","Pen Nib"],"potions_floor_usage":[6,6,8,14,16,24,24,42,46,54,55],"damage_taken":[{"damage":5,"enemies":"Jaw Worm","floor":1,"turns":5},{"damage":1,"enemies":"Cultist","floor":3,"turns":3},{"damage":0,"enemies":"Small Slimes","floor":4,"turns":3},{"damage":5,"enemies":"2 Fungi Beasts","floor":5,"turns":4},{"damage":12,"enemies":"Gremlin Nob","floor":6,"turns":3},{"damage":7,"enemies":"Blue Slaver","floor":8,"turns":2},{"damage":16,"enemies":"Large Slime","floor":14,"turns":6},{"damage":57,"enemies":"The Guardian","floor":16,"turns":11},{"damage":7,"enemies":"Chosen","floor":18,"turns":3},{"damage":8,"enemies":"3 Byrds","floor":19,"turns":3},{"damage":3,"enemies":"3 Cultists","floor":22,"turns":4},{"damage":1,"enemies":"Colosseum Slavers","floor":24,"turns":3},{"damage":27,"enemies":"Colosseum Nobs","floor":24,"turns":4},{"damage":8,"enemies":"Slavers","floor":28,"turns":4},{"damage":49,"enemies":"Collector","floor":33,"turns":8},{"damage":10,"enemies":"3 Shapes","floor":35,"turns":4},{"damage":0,"enemies":"Orb Walker","floor":36,"turns":1},{"damage":3,"enemies":"Maw","floor":37,"turns":6},{"damage":9,"enemies":"Giant Head","floor":40,"turns":6},{"damage":32,"enemies":"Reptomancer","floor":42,"turns":5},{"damage":4,"enemies":"Writhing Mass","floor":46,"turns":4},{"damage":16,"enemies":"Time Eater","floor":50,"turns":8},{"damage":37,"enemies":"Shield and Spear","floor":54,"turns":7},{"damage":81,"enemies":"The Heart","floor":55,"turns":10}],"seed_played":"739909523163836592","potions_obtained":[{"floor":0,"key":"PowerPotion"},{"floor":0,"key":"Energy Potion"},{"floor":0,"key":"AttackPotion"},{"floor":6,"key":"Swift Potion"},{"floor":14,"key":"SkillPotion"},{"floor":16,"key":"SkillPotion"},{"floor":22,"key":"Explosive Potion"},{"floor":28,"key":"SneckoOil"},{"floor":33,"key":"Poison Potion"},{"floor":36,"key":"LiquidBronze"},{"floor":37,"key":"SpeedPotion"},{"floor":42,"key":"EssenceOfSteel"},{"floor":46,"key":"GamblersBrew"}],"is_trial":false,"path_per_floor":["M","?","M","M","M","E","R","M","T","$","?","R","?","M","R","B",null,"M","M","$","?","M","R","?","$","T","R","E","$","R","?","R","B",null,"M","M","M","$","?","E","R","E","T","?","R","M","$","T","R","B",null,"R","$","E","B",null],"character_chosen":"IRONCLAD","items_purchased":["Shrug It Off","Corruption+1","Bludgeon","Feel No Pain+1"],"campfire_rested":0,"item_purchase_floors":[20,25,29,38],"current_hp_per_floor":[80,80,80,83,86,83,83,86,86,86,79,79,68,62,62,27,101,104,106,106,106,113,113,96,96,96,96,98,98,98,98,98,67,121,121,129,133,133,127,128,128,104,104,104,104,108,108,115,115,107,147,147,147,120,59],"gold":154,"neow_bonus":"THREE_SMALL_POTIONS","is_prod":false,"is_daily":false,"chose_seed":false,"campfire_upgraded":10,"win_rate":0,"timestamp":1553643490,"path_taken":["M","?","M","?","M","E","R","M","T","$","?","R","?","M","R","BOSS","M","M","$","?","M","R","?","$","T","R","E","$","R","?","R","BOSS","M","M","M","$","?","E","R","E","T","?","R","?","$","?","R","BOSS","R","$","E","BOSS"],"build_version":"2019-03-15","purchased_purges":4,"victory":true,"max_hp_per_floor":[80,80,80,83,86,89,89,93,93,93,93,93,93,97,97,101,101,105,109,109,109,113,113,117,117,117,117,121,121,121,121,121,121,121,125,129,133,133,137,141,141,143,143,143,143,143,140,147,147,147,147,147,147,151,151],"card_choices":[{"not_picked":["Sword Boomerang","Perfected Strike"],"picked":"Twin Strike","floor":1},{"not_picked":["Thunderclap","Shockwave"],"picked":"Feed","floor":3},{"not_picked":["Shockwave","Body Slam"],"picked":"Combust","floor":4},{"not_picked":["Thunderclap","Searing Blow"],"picked":"Clothesline","floor":5},{"not_picked":["Dual Wield","True Grit"],"picked":"Burning Pact","floor":6},{"not_picked":["Pummel","Fiend Fire"],"picked":"Inflame","floor":8},{"not_picked":["Flex","Intimidate","Sword Boomerang"],"picked":"SKIP","floor":14},{"not_picked":["Sword Boomerang","Feel No Pain+1"],"picked":"Iron Wave+1","floor":18},{"not_picked":["Pummel","Armaments+1","Clash"],"picked":"SKIP","floor":19},{"not_picked":["True Grit","Iron Wave","Cleave"],"picked":"SKIP","floor":22},{"not_picked":["Twin Strike","Seeing Red"],"picked":"Shrug It Off","floor":24},{"not_picked":["Clash+1","Combust+1"],"picked":"Disarm","floor":28},{"not_picked":["Brutality+1","Berserk+1"],"picked":"Impervious","floor":33},{"not_picked":["Pummel+1","Heavy Blade"],"picked":"Battle Trance+1","floor":35},{"not_picked":["Rage+1","Flex"],"picked":"Feel No Pain+1","floor":36},{"not_picked":["Flex+1","Whirlwind+1"],"picked":"Metallicize+1","floor":37},{"not_picked":["Dark Shackles","Jack Of All Trades"],"picked":"Magnetism+1","floor":39},{"not_picked":["Panacea","Magnetism+1","Dark Shackles"],"picked":"Singing Bowl","floor":39},{"not_picked":["Panache+1","Dark Shackles","Dramatic Entrance"],"picked":"Singing Bowl","floor":39},{"not_picked":["Heavy Blade","Flex"],"picked":"Limit Break","floor":40},{"not_picked":["Headbutt+1","Corruption+1","Reckless Charge+1"],"picked":"Singing Bowl","floor":42},{"not_picked":["Combust+1","Bloodletting"],"picked":"Heavy Blade+1","floor":46},{"not_picked":["Anger+1","Combust+1"],"picked":"Metallicize+1","floor":54}],"player_experience":1155909,"relics_obtained":[{"floor":6,"key":"Meat on the Bone"},{"floor":24,"key":"WingedGreaves"},{"floor":24,"key":"Frozen Egg 2"},{"floor":26,"key":"Singing Bowl"},{"floor":28,"key":"The Courier"},{"floor":40,"key":"Molten Egg 2"},{"floor":42,"key":"Anchor"},{"floor":43,"key":"Blood Vial"},{"floor":48,"key":"Strawberry"},{"floor":54,"key":"Pen Nib"}],"event_choices":[{"damage_healed":0,"gold_gain":0,"player_choice":"Bought 0 Potions","damage_taken":0,"max_hp_gain":0,"max_hp_loss":0,"event_name":"The Woman in Blue","floor":2,"gold_loss":0},{"cards_removed":["Strike_R"],"damage_healed":0,"gold_gain":0,"player_choice":"Card Removal","damage_taken":7,"max_hp_gain":0,"max_hp_loss":0,"event_name":"Golden Wing","floor":11,"gold_loss":0},{"damage_healed":0,"gold_gain":75,"player_choice":"Gather Gold","damage_taken":11,"max_hp_gain":0,"max_hp_loss":0,"event_name":"World of Goop","floor":13,"gold_loss":0},{"damage_healed":0,"gold_gain":0,"player_choice":"Opened","damage_taken":0,"relics_obtained":["Shuriken"],"max_hp_gain":0,"max_hp_loss":0,"event_name":"The Mausoleum","floor":21,"gold_loss":0,"cards_obtained":["Writhe"]},{"damage_healed":0,"gold_gain":0,"player_choice":"Fight","damage_taken":0,"max_hp_gain":0,"max_hp_loss":0,"event_name":"Colosseum","floor":24,"gold_loss":0},{"damage_healed":0,"gold_gain":0,"player_choice":"Fought Nobs","damage_taken":0,"max_hp_gain":0,"max_hp_loss":0,"event_name":"Colosseum","floor":24,"gold_loss":0},{"damage_healed":0,"gold_gain":0,"player_choice":"Ignored","damage_taken":0,"max_hp_gain":0,"max_hp_loss":0,"event_name":"Vampires","floor":31,"gold_loss":0},{"damage_healed":0,"gold_gain":0,"player_choice":"Memory 3","damage_taken":10,"max_hp_gain":0,"max_hp_loss":0,"event_name":"SensoryStone","floor":39,"gold_loss":0},{"cards_removed":["Defend_R"],"damage_healed":0,"gold_gain":0,"player_choice":"Purged","damage_taken":0,"max_hp_gain":0,"max_hp_loss":0,"event_name":"Purifier","floor":44,"gold_loss":0}],"is_beta":true,"boss_relics":[{"not_picked":["White Beast Statue","Black Star"],"picked":"Snecko Eye"},{"not_picked":["Philosopher\u0027s Stone","Orrery"],"picked":"Astrolabe"}],"items_purged_floors":[10,20,25,47],"is_endless":false,"potions_floor_spawned":[4,6,14,16,22,28,33,36,37,42,46],"ascension_level":0}