{"path_per_floor":["M","T","$","?","M","R","M","R","T","E","?","M","E","M","R","B",null,"M","M","?","?","?","E","R","E","T","M","$","?","M","M","R","B",null,"M","?","?","M","?","R","E","M","T","?","?","M","?","M","R","B"],"character_chosen":"DEFECT","items_purchased":["Beam Cell","Chill","Sunder"],"gold_per_floor":[112,136,3,3,15,15,28,28,28,60,60,72,99,115,115,219,219,185,197,197,224,224,259,259,286,286,296,228,228,242,253,253,349,649,659,659,659,671,671,671,700,710,710,710,710,721,721,733,733,733],"floor_reached":51,"campfire_rested":3,"playtime":6115,"item_purchase_floors":[3,3,28],"current_hp_per_floor":[82,82,82,82,82,82,82,82,82,62,82,82,81,82,82,71,82,71,57,57,36,36,30,54,50,50,58,58,42,56,27,51,62,82,56,56,48,55,55,79,17,20,20,72,72,72,72,52,52,28],"items_purged":[],"gold":733,"score":793,"play_id":"cba0f56c-013e-45f1-9bde-1bcd28535843","local_time":"20180606004406","is_prod":false,"is_daily":false,"chose_seed":false,"is_ascension_mode":true,"campfire_upgraded":4,"win_rate":0,"timestamp":1528256646,"campfire_choices":[{"data":"Zap","floor":6,"key":"SMITH"},{"data":"Sweeping Beam","floor":8,"key":"SMITH"},{"data":"Defragment","floor":15,"key":"SMITH"},{"floor":24,"key":"REST"},{"floor":32,"key":"REST"},{"floor":40,"key":"REST"},{"data":"Rainbow","floor":49,"key":"SMITH"}],"path_taken":["M","?","$","?","?","R","M","R","T","E","?","M","E","M","R","BOSS","M","M","?","?","?","E","R","E","T","M","$","?","M","M","R","BOSS","M","?","?","M","?","R","E","M","T","?","?","M","?","M","R","BOSS"],"build_version":"2018-05-31","seed_source_timestamp":91400137034722,"purchased_purges":0,"victory":true,"master_deck":["Defend_B","Defend_B","Defend_B+1","Defend_B+1","Zap+1","Dualcast","BootSequence","Beam Cell","Chill+1","Go for the Eyes","Sweeping Beam+1","Turbo","Steam","Defragment+1","Reinforced Body","Amplify","Blizzard+1","Cold Snap","Bite","Bite","Bite","Bite","Rip and Tear+1","Defragment+1","Redo","Coolheaded","Conserve Battery","Sunder+1","Sweeping Beam","Redo","Meteor Strike","Rainbow+1","Capacitor+1","Defragment+1","Leap+1","Chill+1","Go for the Eyes+1"],"max_hp_per_floor":[82,82,82,82,82,82,82,82,82,82,82,82,82,82,82,82,82,82,82,82,82,82,82,82,82,82,82,82,82,82,82,82,82,82,82,82,82,82,82,82,82,82,82,72,72,72,72,72,72,72],"relics":["Cracked Core","Strawberry","Pen Nib","Juzu Bracelet","War Paint","Philosopher\u0027s Stone","Red Mask","Gremlin Horn","Omamori","Letter Opener","Enchiridion","Calling Bell","Bag of Marbles","Pantograph","Old Coin","Whetstone","Ancient Tea Set"],"card_choices":[{"not_picked":["Leap","Consume"],"picked":"BootSequence","floor":1},{"not_picked":["Chaos","Undo"],"picked":"Go for the Eyes","floor":5},{"not_picked":["Self Repair","Beam Cell"],"picked":"Sweeping Beam","floor":7},{"not_picked":["Streamline","Aggregate"],"picked":"Turbo","floor":10},{"not_picked":["Auto Shields","Hello World"],"picked":"Steam","floor":12},{"not_picked":["Meteor Strike","Stack"],"picked":"Defragment","floor":13},{"not_picked":["Hello World","Auto Shields"],"picked":"Reinforced Body","floor":14},{"not_picked":["Buffer","Multi-Cast"],"picked":"Amplify","floor":16},{"not_picked":["Steam","Ball Lightning+1"],"picked":"Blizzard","floor":18},{"not_picked":["Streamline","Static Discharge"],"picked":"Cold Snap","floor":19},{"not_picked":["Steam","Conserve Battery"],"picked":"Rip and Tear+1","floor":21},{"not_picked":["Steam","Thunder Strike"],"picked":"Redo","floor":23},{"not_picked":["Hologram","Heatsinks"],"picked":"Coolheaded","floor":25},{"not_picked":["Redo","Rebound"],"picked":"Conserve Battery","floor":27},{"not_picked":["Undo","Go for the Eyes"],"picked":"Sweeping Beam","floor":30},{"not_picked":["Cold Snap","Fusion"],"picked":"Redo","floor":31},{"not_picked":["Creative AI","All For One"],"picked":"Meteor Strike","floor":33},{"not_picked":["Sweeping Beam","Barrage"],"picked":"Rainbow","floor":35},{"not_picked":["Barrage+1","Conserve Battery+1"],"picked":"Capacitor+1","floor":38},{"not_picked":["Stack","Coolheaded+1"],"picked":"Defragment+1","floor":41},{"not_picked":["Hologram+1","Barrage"],"picked":"Leap+1","floor":42},{"not_picked":["Rip and Tear","Barrage+1"],"picked":"Chill+1","floor":46},{"not_picked":["Reprogram","Cold Snap+1"],"picked":"Go for the Eyes+1","floor":48}],"player_experience":274301,"potions_floor_usage":[10,18,19,23,33,33,42,42,46],"damage_taken":[{"damage":0,"enemies":"Cultist","floor":1,"turns":4},{"damage":0,"enemies":"Small Slimes","floor":5,"turns":3},{"damage":0,"enemies":"Jaw Worm","floor":7,"turns":3},{"damage":20,"enemies":"Lagavulin","floor":10,"turns":7},{"damage":0,"enemies":"Red Slaver","floor":12,"turns":3},{"damage":1,"enemies":"3 Sentries","floor":13,"turns":7},{"damage":0,"enemies":"Blue Slaver","floor":14,"turns":3},{"damage":11,"enemies":"Slime Boss","floor":16,"turns":10},{"damage":11,"enemies":"2 Thieves","floor":18,"turns":5},{"damage":16,"enemies":"Spheric Guardian","floor":19,"turns":4},{"damage":35,"enemies":"Masked Bandits","floor":21,"turns":6},{"damage":16,"enemies":"Slavers","floor":23,"turns":6},{"damage":18,"enemies":"Book of Stabbing","floor":25,"turns":6},{"damage":6,"enemies":"Centurion and Healer","floor":27,"turns":6},{"damage":3,"enemies":"Slaver and Parasite","floor":30,"turns":6},{"damage":37,"enemies":"Snake Plant","floor":31,"turns":5},{"damage":3,"enemies":"Champ","floor":33,"turns":13},{"damage":30,"enemies":"3 Darklings","floor":35,"turns":4},{"damage":0,"enemies":"Orb Walker","floor":38,"turns":2},{"damage":72,"enemies":"Nemesis","floor":41,"turns":9},{"damage":3,"enemies":"3 Darklings","floor":42,"turns":3},{"damage":0,"enemies":"4 Shapes","floor":46,"turns":1},{"damage":24,"enemies":"Maw","floor":48,"turns":10},{"damage":56,"enemies":"Awakened One","floor":50,"turns":15}],"relics_obtained":[{"floor":2,"key":"Blood Vial"},{"floor":9,"key":"Pen Nib"},{"floor":10,"key":"Juzu Bracelet"},{"floor":13,"key":"War Paint"},{"floor":21,"key":"Red Mask"},{"floor":23,"key":"Gremlin Horn"},{"floor":25,"key":"Omamori"},{"floor":26,"key":"Letter Opener"},{"floor":29,"key":"Enchiridion"},{"floor":34,"key":"Bag of Marbles"},{"floor":34,"key":"Pantograph"},{"floor":34,"key":"Old Coin"},{"floor":41,"key":"Whetstone"},{"floor":43,"key":"Ancient Tea Set"}],"event_choices":[{"event_name":"Living Wall","player_choice":"Grow","floor":4,"damage_taken":0},{"event_name":"Wheel of Change","player_choice":"Full Heal","floor":11,"damage_taken":0},{"event_name":"Vampires","player_choice":"Became a vampire (Vial)","floor":20,"damage_taken":0},{"event_name":"Masked Bandits","player_choice":"Fought over 197 gold","floor":21,"damage_taken":0},{"event_name":"Duplicator","player_choice":"One dupe","floor":22,"damage_taken":0},{"event_name":"Cursed Tome","player_choice":"Obtained Book","floor":29,"damage_taken":0},{"event_name":"The Woman in Blue","player_choice":"Bought 0 Potions","floor":36,"damage_taken":0},{"event_name":"Wheel of Change","player_choice":"Damage","floor":37,"damage_taken":0},{"event_name":"Tomb of Lord Red Mask","player_choice":"Ignored","floor":39,"damage_taken":0},{"event_name":"The Moai Head","player_choice":"Heal","floor":44,"damage_taken":0},{"event_name":"Purifier","player_choice":"One Purge","floor":45,"damage_taken":0}],"boss_relics":[{"not_picked":["Cursed Key","Runic Pyramid"],"picked":"Philosopher\u0027s Stone"},{"not_picked":["White Beast Statue","Black Star"],"picked":"Calling Bell"}],"items_purged_floors":[],"potions_floor_spawned":[7,12,13,18,25,30,31,33,35,42,48],"seed_played":"2060650264241858515","ascension_level":2,"potions_obtained":[{"floor":7,"key":"AttackPotion"},{"floor":12,"key":"LiquidBronze"},{"floor":13,"key":"SkillPotion"},{"floor":18,"key":"AttackPotion"},{"floor":25,"key":"FearPotion"},{"floor":30,"key":"Ancient Potion"},{"floor":31,"key":"Explosive Potion"},{"floor":33,"key":"Explosive Potion"},{"floor":35,"key":"Explosive Potion"},{"floor":42,"key":"SpeedPotion"},{"floor":48,"key":"Energy Potion"}],"is_trial":false}