{"gold_per_floor":[216,216,232,242,259,284,284,303,351,351,386,386,37,37,37,108,108,108,108,108,36,36,36,36,36,36,36,36,36,36,36,36,36,36,36,36,36,36,36,36],"floor_reached":40,"playtime":3443,"items_purged":["Strike_R"],"score":836,"play_id":"d1243d34-6445-460b-ba58-ad2aad5dfe10","local_time":"20190103181103","is_ascension_mode":true,"campfire_choices":[{"data":"Bash","floor":7,"key":"SMITH"},{"data":"Battle Trance","floor":10,"key":"SMITH"},{"floor":15,"key":"REST"},{"data":"Fiend Fire","floor":23,"key":"SMITH"},{"data":"Havoc","floor":25,"key":"SMITH"},{"data":"Spot Weakness","floor":30,"key":"SMITH"},{"data":"Clothesline","floor":32,"key":"SMITH"}],"neow_cost":"NONE","seed_source_timestamp":1294656175977602,"circlet_count":0,"master_deck":["AscendersBane","Strike_R","Strike_R","Strike_R+1","Strike_R","Defend_R","Defend_R+1","Defend_R","Defend_R","Bash+1","Thunderclap","Headbutt","Anger","Shrug It Off","Battle Trance+1","Spot Weakness+1","Fiend Fire+1","Armaments","Clothesline+1","Havoc+1","Heavy Blade+1","Offering","Iron Wave+1","Disarm"],"relics":["Burning Blood","Matryoshka","Art of War","Ancient Tea Set","Anchor","Paper Frog","Ectoplasm","Meat on the Bone","Omamori","Happy Flower","White Beast Statue","Ice Cream"],"potions_floor_usage":[5,6,11,16,16,18,33,38,38,40,40],"damage_taken":[{"damage":10,"enemies":"2 Louse","floor":1,"turns":3},{"damage":7,"enemies":"Cultist","floor":3,"turns":4},{"damage":8,"enemies":"Jaw Worm","floor":4,"turns":5},{"damage":4,"enemies":"2 Fungi Beasts","floor":5,"turns":4},{"damage":23,"enemies":"Lagavulin","floor":6,"turns":7},{"damage":9,"enemies":"Exordium Wildlife","floor":8,"turns":5},{"damage":34,"enemies":"3 Sentries","floor":11,"turns":8},{"damage":12,"enemies":"Slime Boss","floor":16,"turns":7},{"damage":0,"enemies":"2 Thieves","floor":18,"turns":1},{"damage":22,"enemies":"Spheric Guardian","floor":19,"turns":4},{"damage":8,"enemies":"Centurion and Healer","floor":20,"turns":5},{"damage":21,"enemies":"Snake Plant","floor":22,"turns":4},{"damage":13,"enemies":"Shelled Parasite and Fungi","floor":24,"turns":4},{"damage":36,"enemies":"Book of Stabbing","floor":27,"turns":4},{"damage":0,"enemies":"Centurion and Healer","floor":28,"turns":4},{"damage":21,"enemies":"Champ","floor":33,"turns":9},{"damage":12,"enemies":"3 Shapes","floor":35,"turns":12},{"damage":0,"enemies":"Orb Walker","floor":37,"turns":3},{"damage":32,"enemies":"Maw","floor":38,"turns":6},{"damage":18,"enemies":"Mind Bloom Boss Battle","floor":39,"turns":6},{"damage":73,"enemies":"Nemesis","floor":40,"turns":6}],"seed_played":"-7870908034486459331","potions_obtained":[{"floor":2,"key":"EntropicBrew"},{"floor":2,"key":"Block Potion"},{"floor":5,"key":"EssenceOfSteel"},{"floor":16,"key":"SmokeBomb"},{"floor":24,"key":"Weak Potion"},{"floor":27,"key":"EssenceOfSteel"},{"floor":33,"key":"Explosive Potion"},{"floor":35,"key":"Fire Potion"},{"floor":38,"key":"AttackPotion"},{"floor":39,"key":"SkillPotion"}],"is_trial":false,"path_per_floor":["M","?","M","M","M","E","R","M","T","R","E","?","$","?","R","B",null,"M","M","M","?","M","R","M","R","T","E","M","?","R","?","R","B",null,"M","?","M","M","?","E"],"character_chosen":"IRONCLAD","items_purchased":["Paper Frog"],"campfire_rested":1,"item_purchase_floors":[13],"current_hp_per_floor":[64,64,63,61,63,46,46,43,43,43,15,40,40,17,39,33,65,71,55,53,53,50,50,55,55,55,37,55,55,55,55,55,52,69,63,63,69,55,55,0],"gold":36,"neow_bonus":"HUNDRED_GOLD","is_prod":false,"is_daily":false,"chose_seed":false,"campfire_upgraded":6,"win_rate":0,"timestamp":1546557063,"path_taken":["M","?","M","?","M","E","R","M","T","R","E","?","$","?","R","BOSS","M","M","M","?","?","R","M","R","T","E","M","?","R","?","R","BOSS","M","?","M","?","?","E"],"build_version":"2019-01-02","purchased_purges":1,"victory":false,"max_hp_per_floor":[75,75,75,75,75,75,75,75,75,75,75,75,75,75,75,75,75,75,75,75,75,75,75,75,75,75,75,75,75,75,75,75,75,75,75,75,75,75,75,75],"card_choices":[{"not_picked":["Flex","Pommel Strike"],"picked":"Thunderclap","floor":1},{"not_picked":["Searing Blow","Body Slam"],"picked":"Headbutt","floor":3},{"not_picked":["Ghostly Armor","Perfected Strike","Sword Boomerang"],"picked":"SKIP","floor":4},{"not_picked":["Body Slam","Dual Wield"],"picked":"Anger","floor":5},{"not_picked":["Anger","Demon Form"],"picked":"Shrug It Off","floor":6},{"not_picked":["Cleave","Sentinel"],"picked":"Battle Trance","floor":8},{"not_picked":["Wild Strike","Iron Wave"],"picked":"Spot Weakness","floor":11},{"not_picked":["Limit Break","Impervious"],"picked":"Fiend Fire","floor":16},{"not_picked":["Rupture","Headbutt"],"picked":"Armaments","floor":19},{"not_picked":["Searing Blow","Headbutt"],"picked":"Clothesline","floor":20},{"not_picked":["Cleave","Twin Strike","Perfected Strike"],"picked":"SKIP","floor":22},{"not_picked":["Cleave","Iron Wave"],"picked":"Havoc","floor":24},{"not_picked":["Shockwave","Spot Weakness+1"],"picked":"Heavy Blade+1","floor":27},{"not_picked":["Wild Strike","Entrench"],"picked":"Offering","floor":28},{"not_picked":["Headbutt","Warcry","Heavy Blade+1"],"picked":"SKIP","floor":35},{"not_picked":["Warcry","Hemokinesis+1"],"picked":"Iron Wave+1","floor":37},{"not_picked":["Anger","Clash+1","Rupture+1"],"picked":"SKIP","floor":38},{"not_picked":["Blood for Blood","Combust"],"picked":"Disarm","floor":39}],"player_experience":1088407,"relics_obtained":[{"floor":6,"key":"Matryoshka"},{"floor":9,"key":"Art of War"},{"floor":9,"key":"Ancient Tea Set"},{"floor":11,"key":"Anchor"},{"floor":26,"key":"Omamori"},{"floor":27,"key":"Happy Flower"},{"floor":39,"key":"Ice Cream"}],"event_choices":[{"damage_healed":0,"gold_gain":0,"player_choice":"Got Potions","damage_taken":0,"max_hp_gain":0,"max_hp_loss":0,"event_name":"Lab","floor":2,"gold_loss":0},{"damage_healed":25,"gold_gain":0,"player_choice":"Banana","damage_taken":0,"max_hp_gain":0,"max_hp_loss":0,"event_name":"Big Fish","floor":12,"gold_loss":0},{"damage_healed":0,"gold_gain":0,"player_choice":"Entered Light","damage_taken":23,"max_hp_gain":0,"max_hp_loss":0,"event_name":"Shining Light","floor":14,"gold_loss":0,"cards_upgraded":["Strike_R","Defend_R"]},{"damage_healed":0,"gold_gain":0,"player_choice":"Paid Gold","damage_taken":0,"relics_obtained":["Meat on the Bone"],"max_hp_gain":0,"max_hp_loss":0,"event_name":"WeMeetAgain","floor":21,"gold_loss":72},{"damage_healed":0,"gold_gain":50,"player_choice":"Stole From Cult","damage_taken":0,"max_hp_gain":0,"max_hp_loss":0,"event_name":"Nest","floor":29,"gold_loss":0},{"damage_healed":0,"gold_gain":0,"player_choice":"Smashed Altar","damage_taken":0,"max_hp_gain":0,"max_hp_loss":0,"event_name":"Forgotten Altar","floor":31,"gold_loss":0,"cards_obtained":["Decay"]},{"damage_healed":0,"gold_gain":0,"player_choice":"0 cards matched","damage_taken":0,"max_hp_gain":0,"max_hp_loss":0,"event_name":"Match and Keep!","floor":36,"gold_loss":0,"cards_obtained":[]},{"damage_healed":0,"gold_gain":0,"player_choice":"Fight","damage_taken":0,"max_hp_gain":0,"max_hp_loss":0,"event_name":"MindBloom","floor":39,"gold_loss":0}],"is_beta":true,"boss_relics":[{"not_picked":["Runic Cube","Coffee Dripper"],"picked":"Ectoplasm"},{"not_picked":["Philosopher\u0027s Stone","Mark of Pain"],"picked":"White Beast Statue"}],"items_purged_floors":[13],"is_endless":false,"potions_floor_spawned":[3,5,16,18,24,27,33,35,37,38,39],"killed_by":"Nemesis","ascension_level":20}