{"gold_per_floor":[162,162,173,184,21,21,56,56,56,74,74,74,86,99,99,99],"floor_reached":16,"playtime":436,"items_purged":["Dualcast"],"score":148,"play_id":"5dbc1331-9cea-4b14-89ee-1d8af38c62b6","local_time":"20190228184123","is_ascension_mode":true,"campfire_choices":[{"data":"Genetic Algorithm","floor":6,"key":"SMITH"},{"floor":8,"key":"REST"},{"data":"Self Repair","floor":11,"key":"SMITH"},{"data":"Steam Power","floor":15,"key":"SMITH"}],"neow_cost":"NONE","seed_source_timestamp":1228019489920192,"circlet_count":0,"master_deck":["Strike_B","Strike_B","Strike_B","Defend_B","Defend_B","Defend_B","Defend_B","Zap+1","Turbo","Genetic Algorithm+1","Gash","Leap","Gash","Self Repair+1","Gash","Steam Power+1"],"relics":["Tiny House","Turnip","Nunchaku","Centennial Puzzle"],"potions_floor_usage":[7],"damage_taken":[{"damage":3,"enemies":"2 Louse","floor":1,"turns":4},{"damage":5,"enemies":"Cultist","floor":3,"turns":4},{"damage":0,"enemies":"Small Slimes","floor":4,"turns":3},{"damage":63,"enemies":"Gremlin Nob","floor":7,"turns":6},{"damage":2,"enemies":"Looter","floor":10,"turns":4},{"damage":1,"enemies":"Red Slaver","floor":13,"turns":3},{"damage":7,"enemies":"Large Slime","floor":14,"turns":5},{"damage":59,"enemies":"The Guardian","floor":16,"turns":9}],"seed_played":"8511959710302273487","potions_obtained":[{"floor":0,"key":"FairyPotion"},{"floor":1,"key":"AttackPotion"},{"floor":4,"key":"FearPotion"},{"floor":7,"key":"LiquidBronze"}],"is_trial":false,"path_per_floor":["M","?","M","M","$","R","E","R","T","M","R","T","M","M","R","B"],"character_chosen":"DEFECT","items_purchased":["Gash","Self Repair"],"campfire_rested":1,"item_purchase_floors":[5,5],"current_hp_per_floor":[70,70,65,65,65,65,9,33,33,38,38,38,47,50,50,0],"gold":99,"neow_bonus":"BOSS_RELIC","is_prod":false,"is_daily":false,"chose_seed":false,"campfire_upgraded":3,"win_rate":0,"timestamp":1551390083,"path_taken":["M","?","M","?","$","R","E","R","T","M","R","?","?","M","R","BOSS"],"build_version":"2019-01-23","purchased_purges":1,"victory":false,"max_hp_per_floor":[80,80,80,80,80,80,80,80,80,80,80,80,80,80,80,80],"card_choices":[{"not_picked":["Aggregate","Compile Driver"],"picked":"Turbo","floor":0},{"not_picked":["Chaos","Sweeping Beam"],"picked":"Genetic Algorithm","floor":1},{"not_picked":["Sweeping Beam","Cold Snap"],"picked":"Gash","floor":3},{"not_picked":["Hello World","Static Discharge"],"picked":"Leap","floor":4},{"not_picked":["Meteor Strike","Loop","Rainbow"],"picked":"SKIP","floor":7},{"not_picked":["Stack","Turbo"],"picked":"Gash","floor":10},{"not_picked":["Compile Driver","Tempest"],"picked":"Steam Power","floor":13},{"not_picked":["Turbo","Redo","Static Discharge"],"picked":"SKIP","floor":14}],"player_experience":863942,"relics_obtained":[{"floor":7,"key":"Turnip"},{"floor":9,"key":"Nunchaku"},{"floor":12,"key":"Centennial Puzzle"}],"event_choices":[{"cards_removed":["Strike_B"],"damage_healed":0,"gold_gain":0,"player_choice":"Purged","damage_taken":0,"max_hp_gain":0,"max_hp_loss":0,"event_name":"Purifier","floor":2,"gold_loss":0}],"is_beta":false,"boss_relics":[],"items_purged_floors":[5],"is_endless":false,"potions_floor_spawned":[1,4,7,13],"killed_by":"The Guardian","ascension_level":9}