{"gold_per_floor":[116,291,305,305,17,47,47,77,100,100,120,120,131,142,142,245,245,265,265,190,289,45,73,91,91,391,391,391,419,432,445,445,548,548,560,575,71,81,95,123,140,167,193,213,213,233,233,250,250,250],"floor_reached":50,"playtime":2108,"items_purged":["Doubt","Strike_R","Strike_R"],"score":654,"play_id":"1c9447f2-0cd1-409a-8f09-c0ca7932a317","local_time":"20190131183835","is_ascension_mode":false,"campfire_choices":[{"data":"Armaments","floor":7,"key":"SMITH"},{"data":"Battle Trance","floor":10,"key":"SMITH"},{"data":"Combust","floor":12,"key":"SMITH"},{"data":"Fiend Fire","floor":15,"key":"SMITH"},{"data":"Juggernaut","floor":27,"key":"SMITH"},{"data":"Flame Barrier","floor":32,"key":"SMITH"},{"floor":47,"key":"REST"},{"floor":49,"key":"RECALL"}],"neow_cost":"NONE","seed_source_timestamp":250177118647852,"circlet_count":0,"master_deck":["Strike_R+1","Strike_R+1","Defend_R","Defend_R+1","Defend_R+1","Bash","Battle Trance+1","Perfected Strike","Armaments+1","Fiend Fire+1","Combust+1","Iron Wave","Flame Barrier+1","Spot Weakness","Immolate","Juggernaut+1","Juggernaut+1","Uppercut+1","Offering","Metallicize+1","Dual Wield","Shrug It Off","Iron Wave+1","Iron Wave+1","Iron Wave+1","Good Instincts"],"relics":["Burning Blood","Whetstone","Strawberry","Pantograph","Potion Belt","War Paint","Snecko Eye","PreservedInsect","Bronze Scales","Old Coin","Centennial Puzzle","Philosopher\u0027s Stone","Bag of Preparation","Bag of Marbles","Anchor","Oddly Smooth Stone"],"potions_floor_usage":[8,16,29,33,33,33,39,40,50],"damage_taken":[{"damage":3,"enemies":"Small Slimes","floor":1,"turns":3},{"damage":5,"enemies":"Jaw Worm","floor":3,"turns":5},{"damage":23,"enemies":"Lagavulin","floor":6,"turns":7},{"damage":6,"enemies":"Gremlin Nob","floor":8,"turns":3},{"damage":0,"enemies":"2 Louse","floor":11,"turns":2},{"damage":2,"enemies":"Gremlin Gang","floor":13,"turns":2},{"damage":7,"enemies":"Lots of Slimes","floor":14,"turns":2},{"damage":13,"enemies":"The Guardian","floor":16,"turns":13},{"damage":2,"enemies":"Chosen","floor":18,"turns":3},{"damage":0,"enemies":"Book of Stabbing","floor":23,"turns":2},{"damage":0,"enemies":"Spheric Guardian","floor":24,"turns":1},{"damage":15,"enemies":"Slavers","floor":29,"turns":2},{"damage":13,"enemies":"Snake Plant","floor":30,"turns":2},{"damage":8,"enemies":"Snecko","floor":31,"turns":3},{"damage":44,"enemies":"Automaton","floor":33,"turns":8},{"damage":41,"enemies":"3 Darklings","floor":35,"turns":3},{"damage":6,"enemies":"3 Shapes","floor":36,"turns":3},{"damage":12,"enemies":"Spire Growth","floor":38,"turns":4},{"damage":16,"enemies":"Jaw Worm Horde","floor":39,"turns":3},{"damage":2,"enemies":"Nemesis","floor":40,"turns":3},{"damage":11,"enemies":"3 Darklings","floor":41,"turns":3},{"damage":25,"enemies":"Giant Head","floor":42,"turns":6},{"damage":14,"enemies":"Writhing Mass","floor":44,"turns":3},{"damage":6,"enemies":"Jaw Worm Horde","floor":46,"turns":1},{"damage":3,"enemies":"4 Shapes","floor":48,"turns":3},{"damage":75,"enemies":"Awakened One","floor":50,"turns":9}],"seed_played":"-7483062766793715877","potions_obtained":[{"floor":1,"key":"Block Potion"},{"floor":3,"key":"LiquidBronze"},{"floor":6,"key":"Poison Potion"},{"floor":11,"key":"Swift Potion"},{"floor":16,"key":"SteroidPotion"},{"floor":18,"key":"SkillPotion"},{"floor":24,"key":"Regen Potion"},{"floor":29,"key":"SteroidPotion"},{"floor":35,"key":"GamblersBrew"},{"floor":39,"key":"Strength Potion"},{"floor":41,"key":"Explosive Potion"},{"floor":46,"key":"Weak Potion"}],"is_trial":false,"path_per_floor":["M","?","M","?","$","E","R","E","T","R","M","R","M","M","R","B",null,"M","?","?","?","$","E","M","$","T","R","?","E","M","M","R","B",null,"M","M","$","M","M","E","M","E","T","M","?","M","R","M","R","B"],"character_chosen":"IRONCLAD","items_purchased":["Armaments","Fiend Fire","PreservedInsect","Bag of Preparation","Bag of Marbles","Dual Wield"],"campfire_rested":1,"item_purchase_floors":[5,5,22,37,37,37],"current_hp_per_floor":[80,80,80,75,75,58,58,58,58,58,64,64,68,67,67,80,87,87,87,87,87,87,87,87,87,87,87,87,78,71,69,69,49,87,52,52,52,46,45,49,44,25,25,17,17,17,43,46,46,0],"gold":250,"neow_bonus":"RANDOM_COMMON_RELIC","is_prod":false,"is_daily":false,"chose_seed":false,"campfire_upgraded":6,"win_rate":0,"timestamp":1548959915,"path_taken":["M","?","M","?","$","E","R","E","T","R","M","R","M","M","R","BOSS","M","?","?","?","$","E","M","$","T","R","?","E","M","M","R","BOSS","M","?","$","M","?","E","M","E","T","M","?","M","R","M","R","BOSS"],"build_version":"2019-01-23","purchased_purges":3,"victory":false,"max_hp_per_floor":[80,80,80,87,87,87,87,87,87,87,87,87,87,87,87,87,87,87,87,87,87,87,87,87,87,87,87,87,87,87,87,87,87,87,87,87,87,87,87,87,87,87,87,87,87,87,87,87,87,87],"card_choices":[{"not_picked":["True Grit","Warcry"],"picked":"Battle Trance","floor":1},{"not_picked":["Spot Weakness","Rupture"],"picked":"Perfected Strike","floor":3},{"not_picked":["Hemokinesis","Clash"],"picked":"Combust","floor":6},{"not_picked":["Cleave","Havoc","Evolve"],"picked":"SKIP","floor":8},{"not_picked":["True Grit","Clothesline"],"picked":"Iron Wave","floor":11},{"not_picked":["Cleave","Entrench"],"picked":"Flame Barrier","floor":13},{"not_picked":["Iron Wave","Shrug It Off"],"picked":"Spot Weakness","floor":14},{"not_picked":["Double Tap","Exhume"],"picked":"Immolate","floor":16},{"not_picked":["Sword Boomerang","Burning Pact","Body Slam+1"],"picked":"SKIP","floor":18},{"not_picked":["Corruption","Warcry+1"],"picked":"Juggernaut","floor":23},{"not_picked":["True Grit","Armaments","Intimidate"],"picked":"SKIP","floor":24},{"not_picked":["Clothesline","Second Wind"],"picked":"Uppercut+1","floor":29},{"not_picked":["True Grit","Wild Strike+1","Headbutt"],"picked":"SKIP","floor":30},{"not_picked":["Thunderclap","Sword Boomerang+1","Feed"],"picked":"SKIP","floor":31},{"not_picked":["Juggernaut","Limit Break"],"picked":"Offering","floor":33},{"not_picked":["Heavy Blade+1","Power Through","Iron Wave"],"picked":"SKIP","floor":35},{"not_picked":["Shrug It Off+1","Sentinel"],"picked":"Metallicize+1","floor":36},{"not_picked":["Headbutt","Intimidate"],"picked":"Shrug It Off","floor":38},{"not_picked":["Clash+1","Headbutt+1"],"picked":"Iron Wave+1","floor":39},{"not_picked":["Juggernaut","Shrug It Off","Blood for Blood+1"],"picked":"SKIP","floor":40},{"not_picked":["Headbutt+1","Rupture+1"],"picked":"Iron Wave+1","floor":41},{"not_picked":["Clothesline","Anger"],"picked":"Iron Wave+1","floor":42},{"not_picked":["Sever Soul+1","Twin Strike+1","Thunderclap+1"],"picked":"SKIP","floor":44},{"not_picked":["True Grit","Heavy Blade","Clothesline"],"picked":"SKIP","floor":46},{"not_picked":["Headbutt+1","Whirlwind","Anger"],"picked":"SKIP","floor":48}],"player_experience":796682,"relics_obtained":[{"floor":6,"key":"Pantograph"},{"floor":8,"key":"Potion Belt"},{"floor":9,"key":"War Paint"},{"floor":23,"key":"Bronze Scales"},{"floor":26,"key":"Old Coin"},{"floor":29,"key":"Centennial Puzzle"},{"floor":40,"key":"Anchor"},{"floor":42,"key":"Oddly Smooth Stone"}],"event_choices":[{"damage_healed":0,"gold_gain":175,"player_choice":"AGREE","damage_taken":0,"max_hp_gain":0,"max_hp_loss":0,"event_name":"Liars Game","floor":2,"gold_loss":0,"cards_obtained":["Doubt"]},{"damage_healed":0,"gold_gain":0,"player_choice":"Success","damage_taken":12,"relics_obtained":["Strawberry"],"max_hp_gain":0,"max_hp_loss":0,"event_name":"Scrap Ooze","floor":4,"gold_loss":0},{"cards_removed":["Strike_R"],"damage_healed":0,"gold_gain":0,"player_choice":"Elegance","damage_taken":0,"max_hp_gain":0,"max_hp_loss":0,"event_name":"Back to Basics","floor":19,"gold_loss":0},{"cards_removed":["Defend_R"],"damage_healed":0,"gold_gain":0,"player_choice":"Gave Gold","damage_taken":0,"max_hp_gain":0,"max_hp_loss":0,"event_name":"Beggar","floor":20,"gold_loss":75},{"damage_healed":0,"gold_gain":99,"player_choice":"Stole From Cult","damage_taken":0,"max_hp_gain":0,"max_hp_loss":0,"event_name":"Nest","floor":21,"gold_loss":0},{"damage_healed":0,"gold_gain":0,"player_choice":"Copied","damage_taken":0,"max_hp_gain":0,"max_hp_loss":0,"event_name":"Duplicator","floor":28,"gold_loss":0,"cards_obtained":["Juggernaut"]},{"damage_healed":0,"gold_gain":0,"player_choice":"1 cards matched","damage_taken":0,"max_hp_gain":0,"max_hp_loss":0,"event_name":"Match and Keep!","floor":45,"gold_loss":0,"cards_obtained":["Good Instincts"]}],"is_beta":true,"boss_relics":[{"not_picked":["Empty Cage","Runic Cube"],"picked":"Snecko Eye"},{"not_picked":["Runic Pyramid","Black Blood"],"picked":"Philosopher\u0027s Stone"}],"items_purged_floors":[5,22,37],"is_endless":false,"potions_floor_spawned":[1,3,6,11,16,18,24,29,35,39,41,46],"killed_by":"Awakened One","ascension_level":0}