{"gold_per_floor":[109,126,136,155,174,201,201,201,228,260,100,128,128,146,146,247,247,257,51,51,51,71,71,91,107,161,161,173,173,205,205,205,308,308,321,199,215,315,42,74,88,88,88,102,102,122,155,175,175,175,175,175,18,47,47],"floor_reached":56,"playtime":2923,"items_purged":["Strike_B","Strike_B","Defend_B"],"score":1324,"play_id":"5c07e0a4-858d-42fb-9fa8-00a50330c85a","local_time":"20190402130722","is_ascension_mode":false,"campfire_choices":[{"data":"Consume","floor":8,"key":"SMITH"},{"floor":13,"key":"REST"},{"data":"Defend_B","floor":15,"key":"PURGE"},{"data":"Defragment","floor":23,"key":"SMITH"},{"data":"Strike_B","floor":27,"key":"PURGE"},{"data":"Strike_B","floor":29,"key":"PURGE"},{"data":"Defend_B","floor":32,"key":"PURGE"},{"data":"Loop","floor":42,"key":"SMITH"},{"data":"Capacitor","floor":45,"key":"SMITH"},{"floor":49,"key":"RECALL"},{"data":"Coolheaded","floor":52,"key":"SMITH"}],"neow_cost":"TEN_PERCENT_HP_LOSS","seed_source_timestamp":1042042899183956,"circlet_count":0,"master_deck":["Defend_B","Zap+1","Dualcast","Hologram","Ball Lightning","Consume+1","Cold Snap","Genetic Algorithm","Rebound+1","Conserve Battery","Defragment+1","Conserve Battery","Coolheaded+1","Electrodynamics","Glacier","Sweeping Beam+1","Core Surge","Chaos+1","Capacitor+1","Coolheaded","Coolheaded+1","Loop+1","Compile Driver","Capacitor+1","Glacier+1"],"relics":["Cracked Core","Peace Pipe","Anchor","Regal Pillow","Vajra","Ancient Tea Set","Black Star","Runic Capacitor","Smiling Mask","Oddly Smooth Stone","Art of War","Snecko Eye","FossilizedHelix","Orichalcum","Whetstone","Bottled Flame","Pear","Mercury Hourglass","Happy Flower","Blood Vial","Ice Cream"],"potions_floor_usage":[10,14,33,47,55,55],"damage_taken":[{"damage":1,"enemies":"Cultist","floor":1,"turns":4},{"damage":0,"enemies":"2 Louse","floor":2,"turns":3},{"damage":2,"enemies":"Small Slimes","floor":3,"turns":3},{"damage":6,"enemies":"Exordium Wildlife","floor":4,"turns":3},{"damage":5,"enemies":"Blue Slaver","floor":5,"turns":4},{"damage":21,"enemies":"3 Sentries","floor":6,"turns":8},{"damage":17,"enemies":"Gremlin Nob","floor":10,"turns":4},{"damage":8,"enemies":"3 Sentries","floor":12,"turns":8},{"damage":0,"enemies":"Looter","floor":14,"turns":3},{"damage":0,"enemies":"The Guardian","floor":16,"turns":12},{"damage":18,"enemies":"2 Thieves","floor":18,"turns":4},{"damage":0,"enemies":"Chosen","floor":22,"turns":4},{"damage":8,"enemies":"Shelled Parasite and Fungi","floor":24,"turns":6},{"damage":3,"enemies":"Snecko","floor":25,"turns":5},{"damage":5,"enemies":"Centurion and Healer","floor":28,"turns":5},{"damage":3,"enemies":"Slavers","floor":30,"turns":4},{"damage":19,"enemies":"Collector","floor":33,"turns":7},{"damage":0,"enemies":"Orb Walker","floor":35,"turns":4},{"damage":0,"enemies":"3 Shapes","floor":37,"turns":3},{"damage":0,"enemies":"Mind Bloom Boss Battle","floor":38,"turns":5},{"damage":0,"enemies":"Giant Head","floor":40,"turns":8},{"damage":0,"enemies":"Spire Growth","floor":41,"turns":6},{"damage":0,"enemies":"3 Darklings","floor":44,"turns":2},{"damage":0,"enemies":"Jaw Worm Horde","floor":46,"turns":4},{"damage":2,"enemies":"Reptomancer","floor":47,"turns":5},{"damage":3,"enemies":"Writhing Mass","floor":48,"turns":4},{"damage":17,"enemies":"Awakened One","floor":50,"turns":11},{"damage":22,"enemies":"Shield and Spear","floor":54,"turns":4},{"damage":0,"enemies":"The Heart","floor":55,"turns":10}],"seed_played":"-4036764274024143185","potions_obtained":[{"floor":1,"key":"GamblersBrew"},{"floor":5,"key":"Swift Potion"},{"floor":12,"key":"SpeedPotion"},{"floor":14,"key":"Fruit Juice"},{"floor":18,"key":"AttackPotion"},{"floor":22,"key":"FocusPotion"},{"floor":30,"key":"FocusPotion"},{"floor":35,"key":"SkillPotion"},{"floor":47,"key":"Swift Potion"}],"is_trial":false,"path_per_floor":["M","M","M","M","M","E","?","R","T","E","$","E","R","M","R","B",null,"M","$","?","?","M","R","M","M","T","R","M","R","E","?","R","B",null,"M","$","M","?","$","E","M","R","T","M","R","M","E","M","R","B",null,"R","$","E","B",null],"character_chosen":"DEFECT","items_purchased":["Defragment","Conserve Battery","Runic Capacitor","Capacitor","Orichalcum","Loop","Happy Flower"],"campfire_rested":1,"item_purchase_floors":[11,11,19,36,39,39,53],"current_hp_per_floor":[67,67,65,59,54,33,33,33,33,16,16,8,43,48,48,48,73,55,55,73,73,73,73,65,62,62,62,57,57,54,54,54,35,73,73,73,73,73,73,73,73,73,73,73,73,73,81,78,78,61,83,83,83,61,63],"gold":47,"neow_bonus":"ONE_RARE_RELIC","is_prod":false,"is_daily":false,"chose_seed":false,"campfire_upgraded":5,"win_rate":0,"timestamp":1554206842,"path_taken":["M","?","M","?","M","E","?","R","T","E","$","E","R","M","R","BOSS","M","$","?","?","M","R","?","M","T","R","M","R","E","?","R","BOSS","M","$","M","?","$","E","M","R","T","M","R","M","E","M","R","BOSS","R","$","E","BOSS"],"build_version":"2019-03-15","purchased_purges":3,"victory":true,"max_hp_per_floor":[68,68,68,68,68,68,68,68,68,68,68,68,68,73,73,73,73,73,73,73,73,73,73,73,73,73,73,73,73,73,73,73,73,73,73,73,73,73,73,73,73,73,73,73,73,73,83,83,83,83,83,83,83,83,83],"card_choices":[{"not_picked":["Beam Cell","Coolheaded"],"picked":"Hologram","floor":1},{"not_picked":["Turbo","Conserve Battery"],"picked":"Ball Lightning","floor":2},{"not_picked":["Rebound","Conserve Battery"],"picked":"Consume","floor":3},{"not_picked":["Conserve Battery","Streamline"],"picked":"Cold Snap","floor":4},{"not_picked":["Turbo","Streamline"],"picked":"Genetic Algorithm","floor":5},{"not_picked":["Multi-Cast","Fusion"],"picked":"Rebound","floor":6},{"not_picked":["Barrage","Consume"],"picked":"Conserve Battery","floor":10},{"not_picked":["Rebound","Heatsinks"],"picked":"Coolheaded","floor":12},{"not_picked":["Lockon","All For One","Recycle"],"picked":"SKIP","floor":14},{"not_picked":["Core Surge","All For One"],"picked":"Electrodynamics","floor":16},{"not_picked":["Reprogram","Hologram","Cold Snap"],"picked":"SKIP","floor":18},{"not_picked":["Doom and Gloom","Barrage"],"picked":"Glacier","floor":22},{"not_picked":["Aggregate+1","Steam+1","Storm"],"picked":"SKIP","floor":24},{"not_picked":["Aggregate","Turbo","Gash"],"picked":"SKIP","floor":25},{"not_picked":["Beam Cell","BootSequence"],"picked":"Sweeping Beam","floor":28},{"not_picked":["Reinforced Body","Lockon","Sweeping Beam"],"picked":"SKIP","floor":30},{"not_picked":["Hyperbeam","Reboot"],"picked":"Core Surge","floor":33},{"not_picked":["Recycle+1","Turbo"],"picked":"Chaos+1","floor":35},{"not_picked":["Barrage","Leap"],"picked":"Coolheaded","floor":37},{"not_picked":["Streamline","Double Energy+1"],"picked":"Coolheaded+1","floor":38},{"not_picked":["Turbo","White Noise+1"],"picked":"Compile Driver","floor":40},{"not_picked":["Stack","Skim","Darkness"],"picked":"SKIP","floor":41},{"not_picked":["Beam Cell+1","Heatsinks","Genetic Algorithm"],"picked":"SKIP","floor":44},{"not_picked":["Coolheaded","Beam Cell+1","Go for the Eyes"],"picked":"SKIP","floor":46},{"not_picked":["Steam+1","Darkness+1"],"picked":"Capacitor+1","floor":47},{"not_picked":["Steam+1","Gash","White Noise+1"],"picked":"SKIP","floor":48},{"not_picked":["Redo","Amplify"],"picked":"Glacier+1","floor":54}],"player_experience":1197367,"relics_obtained":[{"floor":6,"key":"Anchor"},{"floor":9,"key":"Regal Pillow"},{"floor":10,"key":"Vajra"},{"floor":12,"key":"Ancient Tea Set"},{"floor":26,"key":"Smiling Mask"},{"floor":30,"key":"Oddly Smooth Stone"},{"floor":30,"key":"Art of War"},{"floor":38,"key":"FossilizedHelix"},{"floor":40,"key":"Whetstone"},{"floor":40,"key":"Bottled Flame"},{"floor":47,"key":"Pear"},{"floor":47,"key":"Mercury Hourglass"},{"floor":54,"key":"Blood Vial"},{"floor":54,"key":"Ice Cream"}],"event_choices":[{"damage_healed":0,"gold_gain":0,"player_choice":"Upgraded","damage_taken":0,"max_hp_gain":0,"max_hp_loss":0,"event_name":"Upgrade Shrine","floor":7,"gold_loss":0,"cards_upgraded":["Zap"]},{"damage_healed":24,"gold_gain":0,"player_choice":"Heal","damage_taken":0,"max_hp_gain":0,"max_hp_loss":0,"event_name":"The Library","floor":20,"gold_loss":0},{"damage_healed":0,"gold_gain":0,"player_choice":"Ignored","damage_taken":0,"max_hp_gain":0,"max_hp_loss":0,"event_name":"Beggar","floor":21,"gold_loss":0},{"damage_healed":0,"gold_gain":0,"player_choice":"Ignored","damage_taken":0,"max_hp_gain":0,"max_hp_loss":0,"event_name":"Ghosts","floor":31,"gold_loss":0},{"damage_healed":0,"gold_gain":0,"player_choice":"Fight","damage_taken":0,"max_hp_gain":0,"max_hp_loss":0,"event_name":"MindBloom","floor":38,"gold_loss":0}],"is_beta":true,"boss_relics":[{"not_picked":["Coffee Dripper","Calling Bell"],"picked":"Black Star"},{"not_picked":["Runic Pyramid","Orrery"],"picked":"Snecko Eye"}],"items_purged_floors":[11,36,39],"is_endless":false,"potions_floor_spawned":[1,5,12,14,18,22,28,30,35,40,44,47,48,54],"ascension_level":0}