{"gold_per_floor":[109,124,124,29,49,49,76,251,251,269,282,282,301,223,223,326,326,341,353,366,465,479,479,510,510,510,510],"floor_reached":27,"playtime":774,"items_purged":[],"score":329,"play_id":"d2bdab3a-593c-463d-bbfb-3959ed2840f7","local_time":"20190121000043","is_ascension_mode":true,"campfire_choices":[{"data":"Self Repair","floor":6,"key":"SMITH"},{"data":"Defragment","floor":12,"key":"SMITH"},{"floor":15,"key":"REST"},{"floor":23,"key":"REST"}],"neow_cost":"TEN_PERCENT_HP_LOSS","seed_source_timestamp":648388156839256,"circlet_count":0,"master_deck":["Strike_B","Strike_B","Strike_B","Strike_B","Defend_B","Defend_B","Defend_B","Defend_B","Zap","Dualcast","Ball Lightning","Self Repair+1","Leap","Heatsinks","Turbo","Defragment+1","Doubt","Coolheaded","Doom and Gloom","Ball Lightning","Self Repair","Storm","Creative AI","Turbo","Storm","Chaos+1","Leap+1","Barrage+1","Cold Snap+1","Self Repair"],"relics":["Cracked Core","Torii","Orichalcum","Dream Catcher","Shuriken","Fusion Hammer","Molten Egg 2"],"potions_floor_usage":[11,18,24,24],"damage_taken":[{"damage":0,"enemies":"Cultist","floor":1,"turns":3},{"damage":7,"enemies":"2 Louse","floor":2,"turns":2},{"damage":2,"enemies":"Jaw Worm","floor":5,"turns":3},{"damage":20,"enemies":"Gremlin Nob","floor":7,"turns":4},{"damage":15,"enemies":"Large Slime","floor":10,"turns":4},{"damage":7,"enemies":"Exordium Wildlife","floor":11,"turns":4},{"damage":14,"enemies":"Lots of Slimes","floor":13,"turns":3},{"damage":13,"enemies":"Slime Boss","floor":16,"turns":8},{"damage":18,"enemies":"2 Thieves","floor":18,"turns":3},{"damage":18,"enemies":"3 Byrds","floor":19,"turns":4},{"damage":24,"enemies":"Snecko","floor":20,"turns":4},{"damage":23,"enemies":"Centurion and Healer","floor":22,"turns":5},{"damage":12,"enemies":"Book of Stabbing","floor":24,"turns":4},{"damage":69,"enemies":"Slavers","floor":27,"turns":4}],"seed_played":"-3161095822891839709","potions_obtained":[{"floor":5,"key":"Fire Potion"},{"floor":7,"key":"EssenceOfSteel"},{"floor":13,"key":"Explosive Potion"},{"floor":18,"key":"PowerPotion"}],"is_trial":false,"path_per_floor":["M","M","?","$","M","R","E","?","T","M","M","R","M","$","R","B",null,"M","M","M","?","M","R","E","?","T","E"],"character_chosen":"DEFECT","items_purchased":["Leap","Heatsinks","Self Repair"],"campfire_rested":2,"item_purchase_floors":[4,4,14],"current_hp_per_floor":[68,61,43,43,48,48,38,38,38,33,36,36,22,22,42,46,63,62,61,44,44,38,58,53,53,53,0],"gold":510,"neow_bonus":"ONE_RARE_RELIC","is_prod":false,"is_daily":false,"chose_seed":false,"campfire_upgraded":2,"win_rate":0,"timestamp":1548039643,"path_taken":["M","?","?","?","M","R","E","?","T","M","?","R","M","$","R","BOSS","M","M","?","?","M","R","E","?","T","E"],"build_version":"2019-01-17v2","purchased_purges":0,"victory":false,"max_hp_per_floor":[68,68,68,68,68,68,68,68,68,68,68,68,68,68,68,68,68,68,68,68,68,68,68,68,68,68,68],"card_choices":[{"not_picked":["Rebound","Stack"],"picked":"Ball Lightning","floor":1},{"not_picked":["Skim","Barrage"],"picked":"Self Repair","floor":2},{"not_picked":["Cold Snap","Gash"],"picked":"Turbo","floor":5},{"not_picked":["Leap","Steam"],"picked":"Defragment","floor":7},{"not_picked":["Consume","Compile Driver"],"picked":"Coolheaded","floor":10},{"not_picked":["Leap","Chaos"],"picked":"Doom and Gloom","floor":11},{"not_picked":["Rebound","Blizzard"],"picked":"Ball Lightning","floor":13},{"not_picked":["Reprogram","Aggregate"],"picked":"Storm","floor":15},{"not_picked":["Core Surge","Hyperbeam"],"picked":"Creative AI","floor":16},{"not_picked":["Steam+1","Darkness"],"picked":"Turbo","floor":18},{"not_picked":["Stack+1","Beam Cell"],"picked":"Storm","floor":19},{"not_picked":["Streamline","Steam"],"picked":"Chaos+1","floor":20},{"not_picked":["Beam Cell","Hologram"],"picked":"Leap+1","floor":22},{"not_picked":["Reprogram","Aggregate"],"picked":"Barrage+1","floor":23},{"not_picked":["Hologram","Rebound+1"],"picked":"Cold Snap+1","floor":24}],"player_experience":665144,"relics_obtained":[{"floor":7,"key":"Dream Catcher"},{"floor":9,"key":"Shuriken"},{"floor":24,"key":"Molten Egg 2"}],"event_choices":[{"damage_healed":0,"gold_gain":0,"player_choice":"Success","damage_taken":18,"relics_obtained":["Orichalcum"],"max_hp_gain":0,"max_hp_loss":0,"event_name":"Scrap Ooze","floor":3,"gold_loss":0},{"damage_healed":0,"gold_gain":175,"player_choice":"AGREE","damage_taken":0,"max_hp_gain":0,"max_hp_loss":0,"event_name":"Liars Game","floor":8,"gold_loss":0,"cards_obtained":["Doubt"]},{"damage_healed":0,"gold_gain":99,"player_choice":"Stole From Cult","damage_taken":0,"max_hp_gain":0,"max_hp_loss":0,"event_name":"Nest","floor":21,"gold_loss":0},{"damage_healed":0,"gold_gain":0,"player_choice":"Read","damage_taken":0,"max_hp_gain":0,"max_hp_loss":0,"event_name":"The Library","floor":25,"gold_loss":0,"cards_obtained":["Self Repair"]}],"is_beta":false,"boss_relics":[{"not_picked":["Tiny House","Calling Bell"],"picked":"Fusion Hammer"}],"items_purged_floors":[],"is_endless":false,"potions_floor_spawned":[5,7,13,18],"killed_by":"Slavers","ascension_level":8}