{"gold_per_floor":[111,127,138,153,153,180,180],"floor_reached":7,"playtime":281,"items_purged":[],"score":101,"play_id":"cd103de0-a372-4ac6-911b-292b2d2db5d2","local_time":"20190510132215","is_ascension_mode":true,"campfire_choices":[],"neow_cost":"CURSE","seed_source_timestamp":227067359295500,"circlet_count":0,"master_deck":["AscendersBane","Strike_R","Strike_R","Strike_R","Strike_R","Strike_R","Defend_R","Defend_R","Defend_R","Defend_R","Bash","Uppercut","Anger","Inflame","Inflame"],"relics":["Burning Blood","Champion Belt","Dodecahedron"],"potions_floor_usage":[6,7],"damage_taken":[{"damage":4,"enemies":"Cultist","floor":1,"turns":3},{"damage":11,"enemies":"Jaw Worm","floor":2,"turns":5},{"damage":4,"enemies":"Small Slimes","floor":3,"turns":3},{"damage":15,"enemies":"Exordium Thugs","floor":4,"turns":5},{"damage":24,"enemies":"Gremlin Nob","floor":6,"turns":4},{"damage":38,"enemies":"The Mushroom Lair","floor":7,"turns":3}],"seed_played":"-5562357945393604997","potions_obtained":[{"floor":1,"key":"PowerPotion"},{"floor":4,"key":"SteroidPotion"},{"floor":6,"key":"Swift Potion"}],"is_trial":false,"path_per_floor":["M","M","M","M","?","E","?"],"character_chosen":"IRONCLAD","items_purchased":[],"campfire_rested":0,"item_purchase_floors":[],"current_hp_per_floor":[70,65,67,58,51,33,0],"gold":180,"neow_bonus":"ONE_RARE_RELIC","is_prod":false,"is_daily":false,"chose_seed":false,"campfire_upgraded":0,"win_rate":0,"timestamp":1557487335,"path_taken":["M","M","?","M","?","E","?"],"build_version":"2019-01-23","purchased_purges":0,"victory":false,"max_hp_per_floor":[75,75,75,75,75,75,75],"card_choices":[{"not_picked":["Evolve","Clothesline"],"picked":"Uppercut","floor":1},{"not_picked":["Searing Blow","Burning Pact"],"picked":"Anger","floor":2},{"not_picked":["Ghostly Armor","Seeing Red"],"picked":"Inflame","floor":3},{"not_picked":["Power Through","Infernal Blade","Seeing Red"],"picked":"SKIP","floor":4},{"not_picked":["Corruption","Carnage"],"picked":"Inflame","floor":6}],"player_experience":671407,"relics_obtained":[{"floor":6,"key":"Dodecahedron"}],"event_choices":[{"cards_removed":["Writhe"],"damage_healed":0,"gold_gain":0,"player_choice":"Card Removal","damage_taken":7,"max_hp_gain":0,"max_hp_loss":0,"event_name":"Golden Wing","floor":5,"gold_loss":0},{"damage_healed":0,"gold_gain":0,"player_choice":"Fought Mushrooms","damage_taken":0,"max_hp_gain":0,"max_hp_loss":0,"event_name":"Mushrooms","floor":7,"gold_loss":0}],"is_beta":false,"boss_relics":[],"items_purged_floors":[],"is_endless":false,"potions_floor_spawned":[1,4,6],"killed_by":"The Mushroom Lair","ascension_level":18}