{"gold_per_floor":[118,128,52,52,52,85,85,116,116,116,154,169,169],"floor_reached":13,"playtime":382,"items_purged":[],"score":208,"play_id":"e5bfcc25-8a34-4c39-b6fa-65597d027e98","local_time":"20190414180755","is_ascension_mode":true,"campfire_choices":[{"data":"Catalyst","floor":7,"key":"SMITH"}],"neow_cost":"NONE","seed_source_timestamp":274818703871711,"circlet_count":0,"master_deck":["AscendersBane","Defend_G","Defend_G","Defend_G","Defend_G","Defend_G","Strike_G","Strike_G","Strike_G","Strike_G","Strike_G","Survivor","Neutralize","Outmaneuver","Catalyst+1","Deadly Poison","Sucker Punch","All Out Attack","Noxious Fumes","Bane","Dash"],"relics":["Ring of the Snake","NeowsBlessing","Golden Idol","Letter Opener","Unceasing Top","Bottled Lightning","The Courier"],"potions_floor_usage":[8,11,11,12],"damage_taken":[{"damage":0,"enemies":"Cultist","floor":1,"turns":1},{"damage":0,"enemies":"Small Slimes","floor":2,"turns":2},{"damage":0,"enemies":"3 Sentries","floor":6,"turns":1},{"damage":20,"enemies":"Lagavulin","floor":8,"turns":5},{"damage":25,"enemies":"3 Sentries","floor":11,"turns":8},{"damage":0,"enemies":"2 Louse","floor":12,"turns":2},{"damage":13,"enemies":"Large Slime","floor":13,"turns":1}],"seed_played":"7226544394958234383","potions_obtained":[{"floor":2,"key":"Poison Potion"},{"floor":6,"key":"Fire Potion"},{"floor":8,"key":"LiquidBronze"},{"floor":11,"key":"SpeedPotion"}],"is_trial":false,"path_per_floor":["M","M","$","?","?","E","R","E","T","?","E","M","M"],"character_chosen":"THE_SILENT","items_purchased":["Deadly Poison","Sucker Punch"],"campfire_rested":0,"item_purchase_floors":[3,3],"current_hp_per_floor":[63,63,63,63,46,46,46,26,26,26,1,1,0],"gold":169,"neow_bonus":"THREE_ENEMY_KILL","is_prod":false,"is_daily":false,"chose_seed":false,"campfire_upgraded":1,"win_rate":0,"timestamp":1555276075,"path_taken":["M","M","$","?","?","E","R","E","T","?","E","M","M"],"build_version":"2019-01-23","purchased_purges":0,"victory":false,"max_hp_per_floor":[70,70,70,70,70,70,70,70,70,70,70,70,70],"card_choices":[{"not_picked":["Dagger Throw","Bane"],"picked":"Outmaneuver","floor":1},{"not_picked":["Eviscerate","Concentrate"],"picked":"Catalyst","floor":2},{"not_picked":["Terror","Accuracy"],"picked":"All Out Attack","floor":6},{"not_picked":["Dagger Spray","Acrobatics"],"picked":"Noxious Fumes","floor":8},{"not_picked":["Eviscerate","All Out Attack"],"picked":"Bane","floor":11},{"not_picked":["Eviscerate","Dagger Throw"],"picked":"Dash","floor":12}],"player_experience":1111765,"relics_obtained":[{"floor":6,"key":"Letter Opener"},{"floor":8,"key":"Unceasing Top"},{"floor":9,"key":"Bottled Lightning"},{"floor":11,"key":"The Courier"}],"event_choices":[{"damage_healed":0,"gold_gain":0,"player_choice":"Ignored","damage_taken":0,"max_hp_gain":0,"max_hp_loss":0,"event_name":"Liars Game","floor":4,"gold_loss":0},{"damage_healed":0,"gold_gain":0,"player_choice":"Take Damage","damage_taken":17,"relics_obtained":["Golden Idol"],"max_hp_gain":0,"max_hp_loss":0,"event_name":"Golden Idol","floor":5,"gold_loss":0},{"damage_healed":0,"gold_gain":0,"player_choice":"Fled","damage_taken":0,"max_hp_gain":0,"max_hp_loss":0,"event_name":"Scrap Ooze","floor":10,"gold_loss":0}],"is_beta":false,"boss_relics":[],"items_purged_floors":[],"is_endless":false,"potions_floor_spawned":[2,6,8,11],"killed_by":"Large Slime","ascension_level":13}