{"gold_per_floor":[119,119,130,147,97,97,125,125,173,184,214,239,239,35,35,138,138,157,167,181,181,81,81,93,93,140,140,150,169,199,218,218,316,316,335,345,68,0,13,39,39,109,109,129,161,177,177,193,193,193,193,193,79,106,106],"floor_reached":56,"playtime":2901,"items_purged":["Strike_R","Strike_R","Defend_R"],"score":1219,"play_id":"0204787b-1319-4620-9829-baf61e94a61b","local_time":"20190502224601","is_ascension_mode":false,"campfire_choices":[{"data":"Bash","floor":6,"key":"SMITH"},{"data":"Cleave","floor":8,"key":"SMITH"},{"data":"Inflame","floor":15,"key":"SMITH"},{"data":"Limit Break","floor":23,"key":"SMITH"},{"data":"True Grit","floor":25,"key":"SMITH"},{"data":"Body Slam","floor":27,"key":"SMITH"},{"data":"Heavy Blade","floor":32,"key":"SMITH"},{"data":"Impervious","floor":41,"key":"SMITH"},{"data":"Disarm","floor":47,"key":"SMITH"},{"floor":49,"key":"RECALL"},{"data":"Shrug It Off","floor":52,"key":"SMITH"}],"neow_cost":"PERCENT_DAMAGE","seed_source_timestamp":385289933654365,"circlet_count":0,"master_deck":["Defend_R","Defend_R","Bash+1","Cleave+1","Headbutt","Impervious+1","Heavy Blade+1","Inflame+1","Body Slam+1","Inflame","Limit Break+1","True Grit+1","Warcry","Dropkick","Whirlwind","Shrug It Off+1","Reaper","Metallicize+1","True Grit+1","Disarm+1","Battle Trance","Evolve","Barricade"],"relics":["Burning Blood","Lantern","Pantograph","Pen Nib","Self Forming Clay","Bottled Tornado","Runic Pyramid","Omamori","Tiny Chest","Cursed Key","Bag of Preparation","Red Mask","Regal Pillow","Potion Belt","Shuriken"],"potions_floor_usage":[7,16,16,16,19,28,40,48,55,55,55,55,55],"damage_taken":[{"damage":0,"enemies":"2 Louse","floor":1,"turns":2},{"damage":6,"enemies":"Jaw Worm","floor":3,"turns":4},{"damage":1,"enemies":"Cultist","floor":4,"turns":3},{"damage":17,"enemies":"3 Sentries","floor":7,"turns":6},{"damage":0,"enemies":"3 Louse","floor":10,"turns":2},{"damage":14,"enemies":"Gremlin Nob","floor":12,"turns":3},{"damage":30,"enemies":"Hexaghost","floor":16,"turns":6},{"damage":10,"enemies":"Shell Parasite","floor":18,"turns":3},{"damage":11,"enemies":"2 Thieves","floor":19,"turns":4},{"damage":3,"enemies":"Centurion and Healer","floor":20,"turns":4},{"damage":27,"enemies":"Shelled Parasite and Fungi","floor":24,"turns":5},{"damage":1,"enemies":"Cultist and Chosen","floor":28,"turns":4},{"damage":1,"enemies":"Chosen and Byrds","floor":29,"turns":5},{"damage":3,"enemies":"Centurion and Healer","floor":31,"turns":4},{"damage":6,"enemies":"Collector","floor":33,"turns":8},{"damage":0,"enemies":"Orb Walker","floor":35,"turns":3},{"damage":3,"enemies":"3 Shapes","floor":36,"turns":3},{"damage":15,"enemies":"Spire Growth","floor":39,"turns":3},{"damage":9,"enemies":"Giant Head","floor":40,"turns":5},{"damage":0,"enemies":"Transient","floor":44,"turns":5},{"damage":0,"enemies":"Nemesis","floor":45,"turns":3},{"damage":11,"enemies":"Writhing Mass","floor":46,"turns":4},{"damage":0,"enemies":"Jaw Worm Horde","floor":48,"turns":2},{"damage":35,"enemies":"Awakened One","floor":50,"turns":9},{"damage":28,"enemies":"Shield and Spear","floor":54,"turns":7},{"damage":95,"enemies":"The Heart","floor":55,"turns":8}],"seed_played":"8311646719072044533","potions_obtained":[{"floor":3,"key":"EntropicBrew"},{"floor":4,"key":"Fire Potion"},{"floor":10,"key":"Dexterity Potion"},{"floor":18,"key":"Block Potion"},{"floor":24,"key":"Fire Potion"},{"floor":33,"key":"Fruit Juice"},{"floor":39,"key":"Explosive Potion"},{"floor":40,"key":"Block Potion"},{"floor":45,"key":"Fire Potion"},{"floor":46,"key":"SkillPotion"},{"floor":48,"key":"Regen Potion"}],"is_trial":false,"path_per_floor":["M","?","M","M","?","R","E","R","T","M","?","E","?","$","R","B",null,"M","M","M","?","$","R","M","R","T","R","M","M","?","M","R","B",null,"M","M","$","?","M","E","R","T","T","M","E","M","R","M","R","B",null,"R","$","E","B",null],"character_chosen":"IRONCLAD","items_purchased":["Body Slam","Inflame","Bag of Preparation","Battle Trance","Evolve"],"campfire_rested":0,"item_purchase_floors":[14,14,37,53,53],"current_hp_per_floor":[62,55,55,60,60,60,49,49,49,55,55,47,40,40,40,41,80,76,71,74,74,74,74,53,53,53,53,58,63,63,80,80,80,80,80,80,80,80,80,82,82,82,82,85,85,85,85,85,85,80,85,85,85,85,85],"gold":106,"neow_bonus":"REMOVE_TWO","is_prod":false,"is_daily":false,"chose_seed":false,"campfire_upgraded":10,"win_rate":0,"timestamp":1556833561,"path_taken":["M","?","M","M","?","R","E","R","T","M","?","E","?","$","R","BOSS","M","M","M","?","$","R","M","R","T","R","M","M","?","M","R","BOSS","M","M","$","?","M","E","R","?","T","M","E","?","R","M","R","BOSS","R","$","E","BOSS"],"build_version":"2019-04-23","purchased_purges":3,"victory":true,"max_hp_per_floor":[80,80,80,80,80,80,80,80,80,80,80,80,80,80,80,80,80,80,80,80,80,80,80,80,80,80,80,80,80,80,80,80,80,80,80,80,80,80,80,85,85,85,85,85,85,85,85,85,85,85,85,85,85,85,85],"card_choices":[{"not_picked":["Heavy Blade","Pommel Strike"],"picked":"Cleave","floor":1},{"not_picked":["Clothesline","Heavy Blade"],"picked":"Headbutt","floor":3},{"not_picked":["Battle Trance","Ghostly Armor"],"picked":"Impervious","floor":4},{"not_picked":["Headbutt","Thunderclap"],"picked":"Heavy Blade","floor":7},{"not_picked":["Shrug It Off","Iron Wave"],"picked":"Inflame","floor":10},{"not_picked":["Anger","Body Slam","Sever Soul"],"picked":"SKIP","floor":12},{"not_picked":["Fiend Fire","Brutality"],"picked":"Limit Break","floor":16},{"not_picked":["Twin Strike","Perfected Strike"],"picked":"True Grit","floor":18},{"not_picked":["Headbutt","Clothesline"],"picked":"Warcry","floor":19},{"not_picked":["Havoc","Clothesline+1"],"picked":"Dropkick","floor":20},{"not_picked":["Pommel Strike","Flex"],"picked":"Whirlwind","floor":24},{"not_picked":["Warcry+1","Perfected Strike"],"picked":"Shrug It Off","floor":28},{"not_picked":["Perfected Strike","Cleave"],"picked":"Reaper","floor":29},{"not_picked":["Wild Strike","Sword Boomerang","Flex+1"],"picked":"SKIP","floor":31},{"not_picked":["Infernal Blade+1","Intimidate","Headbutt+1"],"picked":"SKIP","floor":35},{"not_picked":["Power Through","Rampage","Blood for Blood"],"picked":"SKIP","floor":36},{"not_picked":["Power Through","Rampage","Blood for Blood"],"picked":"SKIP","floor":36},{"not_picked":["Power Through","Intimidate","Rage"],"picked":"SKIP","floor":39},{"not_picked":["Headbutt","True Grit+1"],"picked":"Metallicize+1","floor":40},{"not_picked":["Havoc","Perfected Strike","Heavy Blade+1"],"picked":"SKIP","floor":44},{"not_picked":["Iron Wave+1","Sword Boomerang+1"],"picked":"True Grit+1","floor":45},{"not_picked":["Spot Weakness+1","Twin Strike"],"picked":"Disarm","floor":46},{"not_picked":["Whirlwind+1","Second Wind+1","Heavy Blade+1"],"picked":"SKIP","floor":48},{"not_picked":["Flame Barrier","Rupture+1"],"picked":"Barricade","floor":54}],"player_experience":1282069,"relics_obtained":[{"floor":7,"key":"Pantograph"},{"floor":9,"key":"Pen Nib"},{"floor":12,"key":"Bottled Tornado"},{"floor":26,"key":"Omamori"},{"floor":40,"key":"Regal Pillow"},{"floor":45,"key":"Potion Belt"},{"floor":54,"key":"Shuriken"}],"event_choices":[{"damage_healed":0,"gold_gain":0,"player_choice":"Success","damage_taken":7,"relics_obtained":["Lantern"],"max_hp_gain":0,"max_hp_loss":0,"event_name":"Scrap Ooze","floor":2,"gold_loss":0},{"cards_removed":["Strike_R"],"damage_healed":0,"gold_gain":0,"player_choice":"Card Removal","damage_taken":0,"max_hp_gain":0,"max_hp_loss":0,"event_name":"The Cleric","floor":5,"gold_loss":50},{"damage_healed":0,"gold_gain":30,"player_choice":"Searched \u00273\u0027 times","damage_taken":0,"relics_obtained":["Self Forming Clay"],"max_hp_gain":0,"max_hp_loss":0,"event_name":"Dead Adventurer","floor":11,"gold_loss":0},{"cards_removed":["Strike_R"],"damage_healed":0,"gold_gain":0,"player_choice":"Card Removal","damage_taken":7,"max_hp_gain":0,"max_hp_loss":0,"event_name":"Golden Wing","floor":13,"gold_loss":0},{"damage_healed":0,"gold_gain":0,"player_choice":"Opened","damage_taken":0,"relics_obtained":["Tiny Chest"],"max_hp_gain":0,"max_hp_loss":0,"event_name":"The Mausoleum","floor":30,"gold_loss":0,"cards_obtained":["Writhe"]},{"damage_healed":0,"gold_gain":0,"player_choice":"Paid","damage_taken":0,"relics_obtained":["Red Mask"],"max_hp_gain":0,"max_hp_loss":0,"event_name":"Tomb of Lord Red Mask","floor":38,"gold_loss":68}],"is_beta":true,"boss_relics":[{"not_picked":["Sozu","Calling Bell"],"picked":"Runic Pyramid"},{"not_picked":["Astrolabe","Snecko Eye"],"picked":"Cursed Key"}],"items_purged_floors":[14,22,37],"is_endless":false,"potions_floor_spawned":[3,4,10,18,24,33,39,40,45,46,48],"ascension_level":0}