{"gold_per_floor":[109,122,133,133,153,184,184,208,208,6,20,20,37,68,68,173,173,190,289,289,311,323,335],"floor_reached":23,"playtime":582,"items_purged":[],"score":305,"play_id":"9adc9091-167a-4952-af59-c1675b2662c3","local_time":"20190209202450","is_ascension_mode":true,"campfire_choices":[{"data":"Inflame","floor":7,"key":"SMITH"},{"floor":15,"key":"REST"}],"neow_cost":"NONE","seed_source_timestamp":353687358070564,"circlet_count":0,"master_deck":["Strike_R","Strike_R+1","Strike_R","Strike_R+1","Strike_R","Defend_R+1","Defend_R","Defend_R+1","Defend_R+1","Bash","Perfected Strike+1","Armaments","Rampage","Shrug It Off","Inflame+1","Inflame","Iron Wave","Shockwave","Heavy Blade","Limit Break","Heavy Blade+1","Anger"],"relics":["Burning Blood","War Paint","Whetstone","Odd Mushroom","Letter Opener","Brimstone","Shovel","Sozu","MawBank","Toxic Egg 2"],"potions_floor_usage":[6,6,8,8,14,16,16],"damage_taken":[{"damage":0,"enemies":"2 Louse","floor":1,"turns":3},{"damage":3,"enemies":"Jaw Worm","floor":2,"turns":4},{"damage":0,"enemies":"Small Slimes","floor":3,"turns":3},{"damage":13,"enemies":"Blue Slaver","floor":5,"turns":2},{"damage":16,"enemies":"Gremlin Nob","floor":6,"turns":3},{"damage":18,"enemies":"The Mushroom Lair","floor":8,"turns":5},{"damage":13,"enemies":"3 Louse","floor":11,"turns":3},{"damage":32,"enemies":"Exordium Thugs","floor":13,"turns":5},{"damage":9,"enemies":"3 Sentries","floor":14,"turns":5},{"damage":20,"enemies":"The Guardian","floor":16,"turns":6},{"damage":4,"enemies":"Shell Parasite","floor":18,"turns":3},{"damage":48,"enemies":"3 Byrds","floor":21,"turns":4},{"damage":34,"enemies":"Slavers","floor":23,"turns":2}],"seed_played":"677077266297536010","potions_obtained":[{"floor":2,"key":"Poison Potion"},{"floor":5,"key":"EntropicBrew"},{"floor":6,"key":"EssenceOfSteel"},{"floor":13,"key":"FearPotion"},{"floor":14,"key":"SkillPotion"}],"is_trial":false,"path_per_floor":["M","M","M","?","M","E","R","?","T","$","M","?","M","E","R","B",null,"M","?","?","M","T","E"],"character_chosen":"IRONCLAD","items_purchased":["Brimstone"],"campfire_rested":1,"item_purchase_floors":[10],"current_hp_per_floor":[78,80,80,64,57,47,47,51,51,51,44,44,18,15,39,25,66,68,68,68,26,26,0],"gold":335,"neow_bonus":"RANDOM_COMMON_RELIC","is_prod":false,"is_daily":false,"chose_seed":false,"campfire_upgraded":1,"win_rate":0,"timestamp":1549754690,"path_taken":["M","M","M","?","M","E","R","?","T","$","M","?","M","E","R","BOSS","M","?","?","M","?","E"],"build_version":"2019-01-23","purchased_purges":0,"victory":false,"max_hp_per_floor":[80,80,80,80,80,80,80,80,80,80,80,80,80,80,80,80,80,80,80,80,80,80,80],"card_choices":[{"not_picked":["True Grit","Body Slam"],"picked":"Perfected Strike","floor":1},{"not_picked":["Twin Strike","Clash"],"picked":"Armaments","floor":2},{"not_picked":["True Grit","Anger"],"picked":"Rampage","floor":3},{"not_picked":["Clash","Heavy Blade"],"picked":"Shrug It Off","floor":5},{"not_picked":["Fire Breathing","Whirlwind"],"picked":"Inflame","floor":6},{"not_picked":["Juggernaut","Pommel Strike"],"picked":"Inflame","floor":8},{"not_picked":["Sentinel","Twin Strike"],"picked":"Iron Wave","floor":11},{"not_picked":["Seeing Red","Sword Boomerang"],"picked":"Shockwave","floor":13},{"not_picked":["True Grit","Searing Blow"],"picked":"Heavy Blade","floor":14},{"not_picked":["Dark Embrace","Brutality"],"picked":"Limit Break","floor":16},{"not_picked":["Entrench","Iron Wave"],"picked":"Heavy Blade+1","floor":18},{"not_picked":["Spot Weakness","Pommel Strike"],"picked":"Anger","floor":21}],"player_experience":741485,"relics_obtained":[{"floor":6,"key":"Whetstone"},{"floor":8,"key":"Odd Mushroom"},{"floor":9,"key":"Letter Opener"},{"floor":14,"key":"Shovel"},{"floor":22,"key":"Toxic Egg 2"}],"event_choices":[{"damage_healed":0,"gold_gain":0,"player_choice":"Entered Light","damage_taken":16,"max_hp_gain":0,"max_hp_loss":0,"event_name":"Shining Light","floor":4,"gold_loss":0,"cards_upgraded":["Defend_R","Perfected Strike"]},{"damage_healed":0,"gold_gain":0,"player_choice":"Fought Mushrooms","damage_taken":0,"max_hp_gain":0,"max_hp_loss":0,"event_name":"Mushrooms","floor":8,"gold_loss":0},{"damage_healed":0,"gold_gain":0,"player_choice":"Ignored","damage_taken":0,"max_hp_gain":0,"max_hp_loss":0,"event_name":"Golden Wing","floor":12,"gold_loss":0},{"damage_healed":0,"gold_gain":99,"player_choice":"Stole From Cult","damage_taken":0,"max_hp_gain":0,"max_hp_loss":0,"event_name":"Nest","floor":19,"gold_loss":0},{"damage_healed":0,"gold_gain":0,"player_choice":"Opened","damage_taken":0,"relics_obtained":["MawBank"],"max_hp_gain":0,"max_hp_loss":0,"event_name":"The Mausoleum","floor":20,"gold_loss":0}],"is_beta":false,"boss_relics":[{"not_picked":["White Beast Statue","Empty Cage"],"picked":"Sozu"}],"items_purged_floors":[],"is_endless":false,"potions_floor_spawned":[2,5,6,13,14,18],"killed_by":"Slavers","ascension_level":7}