{"gold_per_floor":[116,174,174,189,189,189,215,215,238,188,221,236,0,18,18,122,122,122,122,74,74,74,74,74,74,74,74,74,74,74,74,74,74,74,74,74,74,74,0,0],"floor_reached":40,"playtime":1386,"items_purged":[],"score":519,"play_id":"9face2be-ac07-48f1-b245-984df71672cc","local_time":"20190510145214","is_ascension_mode":true,"campfire_choices":[{"data":"Zap","floor":6,"key":"SMITH"},{"floor":8,"key":"REST"},{"floor":15,"key":"REST"},{"floor":23,"key":"RECALL"},{"floor":29,"key":"REST"},{"floor":32,"key":"REST"}],"neow_cost":"NONE","seed_source_timestamp":398412677485000,"circlet_count":0,"master_deck":["Strike_B+1","Strike_B","Strike_B","Strike_B","Defend_B","Defend_B","Defend_B","Defend_B","Zap+1","Dualcast","Reboot","Streamline+1","Turbo","Glacier","Ball Lightning","Cold Snap","Gash","Conserve Battery","Cold Snap","Conserve Battery","Electrodynamics+1","Double Energy","Gash","White Noise+1","Barrage","Doom and Gloom","Defragment","Core Surge","Double Energy+1","BootSequence+1"],"relics":["Cracked Core","Whetstone","Happy Flower","Pocketwatch","Pen Nib","Ectoplasm","Gremlin Horn","Mercury Hourglass","Fusion Hammer","Ice Cream","Pear","Red Mask"],"potions_floor_usage":[33,33,40,40],"damage_taken":[{"damage":0,"enemies":"2 Louse","floor":1,"turns":1},{"damage":1,"enemies":"Cultist","floor":4,"turns":3},{"damage":32,"enemies":"Gremlin Nob","floor":7,"turns":4},{"damage":36,"enemies":"3 Sentries","floor":11,"turns":10},{"damage":0,"enemies":"Small Slimes","floor":12,"turns":2},{"damage":4,"enemies":"Red Slaver","floor":14,"turns":2},{"damage":18,"enemies":"The Guardian","floor":16,"turns":9},{"damage":3,"enemies":"Shell Parasite","floor":18,"turns":4},{"damage":0,"enemies":"3 Byrds","floor":21,"turns":3},{"damage":24,"enemies":"Gremlin Leader","floor":27,"turns":5},{"damage":24,"enemies":"Snake Plant","floor":28,"turns":5},{"damage":4,"enemies":"Cultist and Chosen","floor":30,"turns":4},{"damage":41,"enemies":"Automaton","floor":33,"turns":7},{"damage":13,"enemies":"3 Darklings","floor":35,"turns":3},{"damage":44,"enemies":"2 Orb Walkers","floor":36,"turns":5},{"damage":71,"enemies":"Giant Head","floor":40,"turns":7}],"seed_played":"3243718643619342756","potions_obtained":[{"floor":4,"key":"GamblersBrew"},{"floor":7,"key":"Regen Potion"},{"floor":11,"key":"FocusPotion"},{"floor":25,"key":"Energy Potion"},{"floor":27,"key":"AttackPotion"},{"floor":33,"key":"Fruit Juice"},{"floor":35,"key":"Strength Potion"},{"floor":36,"key":"SkillPotion"}],"is_trial":false,"path_per_floor":["M","?","?","M","?","R","E","R","T","$","E","M","$","M","R","B",null,"M","?","$","M","T","R","?","?","T","E","M","R","M","?","R","B",null,"M","?","$","T","?","E"],"character_chosen":"DEFECT","items_purchased":["Ball Lightning","Conserve Battery","Pen Nib","Cold Snap","Gash"],"campfire_rested":4,"item_purchase_floors":[10,13,13,13,20],"current_hp_per_floor":[75,75,80,79,79,79,47,71,71,71,35,35,35,31,55,37,80,77,77,77,77,77,77,77,77,77,53,29,53,49,41,65,24,80,67,23,23,33,33,0],"gold":0,"neow_bonus":"ONE_RANDOM_RARE_CARD","is_prod":false,"is_daily":false,"chose_seed":false,"campfire_upgraded":1,"win_rate":0,"timestamp":1557514334,"path_taken":["M","?","?","M","?","R","E","R","T","$","E","M","$","?","R","BOSS","M","?","$","?","?","R","?","?","T","E","?","R","M","?","R","BOSS","M","?","?","?","?","E"],"build_version":"2019-01-23","purchased_purges":0,"victory":false,"max_hp_per_floor":[75,75,80,80,80,80,80,80,80,80,80,80,80,80,80,80,80,80,80,80,80,80,80,80,80,80,80,80,80,80,80,80,80,80,80,80,80,90,90,95],"card_choices":[{"not_picked":["Redo","Self Repair"],"picked":"Streamline","floor":1},{"not_picked":["Go for the Eyes","Streamline"],"picked":"Turbo","floor":4},{"not_picked":["Rebound","Coolheaded"],"picked":"Glacier","floor":7},{"not_picked":["Storm","Melter"],"picked":"Cold Snap","floor":11},{"not_picked":["Sweeping Beam","Sunder"],"picked":"Gash","floor":12},{"not_picked":["Sunder","Reprogram"],"picked":"Conserve Battery","floor":14},{"not_picked":["Buffer","Amplify"],"picked":"Electrodynamics","floor":16},{"not_picked":["Ball Lightning","Steam"],"picked":"Double Energy","floor":18},{"not_picked":["Reinforced Body","Coolheaded"],"picked":"White Noise+1","floor":21},{"not_picked":["BootSequence","Reboot"],"picked":"Barrage","floor":27},{"not_picked":["Scrape+1","Stack"],"picked":"Doom and Gloom","floor":28},{"not_picked":["Beam Cell+1","Sweeping Beam"],"picked":"Defragment","floor":30},{"not_picked":["Thunder Strike","Seek"],"picked":"Core Surge","floor":33},{"not_picked":["Turbo+1","Coolheaded"],"picked":"Double Energy+1","floor":35},{"not_picked":["Beam Cell","Fusion"],"picked":"BootSequence+1","floor":36}],"player_experience":173068,"relics_obtained":[{"floor":7,"key":"Whetstone"},{"floor":9,"key":"Happy Flower"},{"floor":11,"key":"Pocketwatch"},{"floor":22,"key":"Gremlin Horn"},{"floor":27,"key":"Mercury Hourglass"},{"floor":36,"key":"Ice Cream"},{"floor":38,"key":"Pear"}],"event_choices":[{"damage_healed":0,"gold_gain":58,"player_choice":"Gained Gold","damage_taken":0,"max_hp_gain":0,"max_hp_loss":0,"event_name":"Golden Wing","floor":2,"gold_loss":0},{"damage_healed":0,"gold_gain":0,"player_choice":"Donut","damage_taken":0,"max_hp_gain":5,"max_hp_loss":0,"event_name":"Big Fish","floor":3,"gold_loss":0},{"damage_healed":0,"gold_gain":0,"player_choice":"Ignored","damage_taken":0,"max_hp_gain":0,"max_hp_loss":0,"event_name":"Purifier","floor":5,"gold_loss":0},{"damage_healed":0,"gold_gain":0,"player_choice":"Forge","damage_taken":0,"max_hp_gain":0,"max_hp_loss":0,"event_name":"Accursed Blacksmith","floor":19,"gold_loss":0,"cards_upgraded":["Electrodynamics"]},{"damage_healed":0,"gold_gain":0,"player_choice":"Ignored","damage_taken":0,"max_hp_gain":0,"max_hp_loss":0,"event_name":"Vampires","floor":24,"gold_loss":0},{"damage_healed":0,"gold_gain":0,"player_choice":"Got Potions","damage_taken":0,"max_hp_gain":0,"max_hp_loss":0,"event_name":"Lab","floor":25,"gold_loss":0},{"damage_healed":0,"gold_gain":0,"player_choice":"","damage_taken":8,"max_hp_gain":0,"max_hp_loss":0,"event_name":"Knowing Skull","floor":31,"potions_obtained":[],"gold_loss":0,"cards_obtained":[]},{"damage_healed":0,"gold_gain":0,"player_choice":"Fight","damage_taken":0,"max_hp_gain":0,"max_hp_loss":0,"event_name":"Mysterious Sphere","floor":36,"gold_loss":0},{"damage_healed":0,"gold_gain":0,"player_choice":"Paid","damage_taken":0,"relics_obtained":["Red Mask"],"max_hp_gain":0,"max_hp_loss":0,"event_name":"Tomb of Lord Red Mask","floor":39,"gold_loss":74}],"is_beta":false,"boss_relics":[{"not_picked":["Snecko Eye","Calling Bell"],"picked":"Ectoplasm"},{"not_picked":["Empty Cage","White Beast Statue"],"picked":"Fusion Hammer"}],"items_purged_floors":[],"is_endless":false,"potions_floor_spawned":[4,7,11,27,33,35,36],"killed_by":"Giant Head","ascension_level":3}