{"gold_per_floor":[109,71,83,53,69,69,80,80,80,107,107,117,117,145,145,240,240,250,203,216,113,125,125,151,169,244,244,256,256,256,270,270,270],"floor_reached":33,"playtime":1021,"items_purged":[],"score":385,"play_id":"64b6a85f-9647-4a12-b4e8-cf34412adb89","local_time":"20181229232230","is_ascension_mode":true,"campfire_choices":[{"data":"Carnage","floor":6,"key":"SMITH"},{"data":"Burning Pact","floor":8,"key":"SMITH"},{"floor":11,"key":"REST"},{"data":"Reaper","floor":13,"key":"SMITH"},{"data":"Carnage","floor":15,"key":"SMITH"},{"floor":23,"key":"REST"},{"floor":29,"key":"REST"},{"floor":32,"key":"REST"}],"neow_cost":"NONE","seed_source_timestamp":696022495495587,"circlet_count":0,"master_deck":["Strike_R","Strike_R","Strike_R","Strike_R","Strike_R","Defend_R","Defend_R","Defend_R+1","Defend_R+1","Bash","Pommel Strike","Burning Pact+1","Carnage+1","Havoc","Shrug It Off","Clash","Clash","Reaper+1","Carnage+1","Limit Break","Shrug It Off","Flex","Cleave","Spot Weakness","Shrug It Off","Rage","Clash","Clash","Fire Breathing","Pommel Strike+1"],"relics":["Burning Blood","Paper Frog","Pocketwatch","War Paint","Philosopher\u0027s Stone","Mummified Hand","Molten Egg 2","MutagenicStrength"],"potions_floor_usage":[10,16,18,24,27,28],"damage_taken":[{"damage":6,"enemies":"Cultist","floor":1,"turns":3},{"damage":4,"enemies":"2 Louse","floor":3,"turns":2},{"damage":5,"enemies":"Small Slimes","floor":5,"turns":3},{"damage":11,"enemies":"Blue Slaver","floor":7,"turns":4},{"damage":4,"enemies":"Gremlin Nob","floor":10,"turns":3},{"damage":7,"enemies":"Looter","floor":12,"turns":3},{"damage":31,"enemies":"3 Sentries","floor":14,"turns":9},{"damage":63,"enemies":"The Guardian","floor":16,"turns":9},{"damage":0,"enemies":"Shell Parasite","floor":18,"turns":2},{"damage":0,"enemies":"Spheric Guardian","floor":20,"turns":3},{"damage":33,"enemies":"Snake Plant","floor":22,"turns":3},{"damage":21,"enemies":"Gremlin Leader","floor":24,"turns":8},{"damage":50,"enemies":"Chosen and Byrds","floor":25,"turns":6},{"damage":20,"enemies":"Colosseum Slavers","floor":27,"turns":4},{"damage":6,"enemies":"Snecko","floor":28,"turns":5},{"damage":34,"enemies":"Shelled Parasite and Fungi","floor":31,"turns":4},{"damage":43,"enemies":"Automaton","floor":33,"turns":4}],"seed_played":"-4127622588330933989","potions_obtained":[{"floor":1,"key":"SneckoOil"},{"floor":4,"key":"Block Potion"},{"floor":4,"key":"SneckoOil"},{"floor":5,"key":"SteroidPotion"},{"floor":16,"key":"Fire Potion"},{"floor":24,"key":"SpeedPotion"},{"floor":25,"key":"EssenceOfSteel"}],"is_trial":false,"path_per_floor":["M","$","M","?","M","R","M","R","T","E","R","M","R","E","R","B",null,"M","$","M","$","M","R","E","M","T","?","M","R","?","M","R","B"],"character_chosen":"IRONCLAD","items_purchased":["Carnage","Flex","Spot Weakness","Shrug It Off"],"campfire_rested":4,"item_purchase_floors":[2,19,21,21],"current_hp_per_floor":[72,72,74,74,75,75,70,70,70,72,80,79,79,64,64,12,63,69,69,75,75,48,72,65,28,28,14,21,45,45,18,42,0],"gold":270,"neow_bonus":"THREE_CARDS","is_prod":false,"is_daily":false,"chose_seed":false,"campfire_upgraded":4,"win_rate":0,"timestamp":1546136550,"path_taken":["M","$","?","?","?","R","M","R","T","E","R","M","R","E","R","BOSS","M","$","M","$","M","R","E","M","T","?","M","R","?","M","R","BOSS"],"build_version":"2018-12-20","purchased_purges":0,"victory":false,"max_hp_per_floor":[80,80,80,80,80,80,80,80,80,80,80,80,80,80,80,80,80,80,80,80,80,80,80,80,80,80,80,80,80,80,80,80,80],"card_choices":[{"not_picked":["Anger","Power Through"],"picked":"Pommel Strike","floor":0},{"not_picked":["Combust","Sword Boomerang"],"picked":"Burning Pact","floor":1},{"not_picked":["Clothesline","Rupture"],"picked":"Havoc","floor":3},{"not_picked":["Searing Blow","Twin Strike"],"picked":"Shrug It Off","floor":5},{"not_picked":["Dual Wield","Rage"],"picked":"Clash","floor":7},{"not_picked":["Anger","Hemokinesis"],"picked":"Clash","floor":10},{"not_picked":["Infernal Blade","Armaments"],"picked":"Reaper","floor":12},{"not_picked":["Clothesline","Dark Embrace"],"picked":"Carnage","floor":14},{"not_picked":["Juggernaut","Impervious"],"picked":"Limit Break","floor":16},{"not_picked":["Clash","Cleave+1"],"picked":"Shrug It Off","floor":18},{"not_picked":["Warcry","Pommel Strike"],"picked":"Cleave","floor":20},{"not_picked":["Perfected Strike","Havoc"],"picked":"Rage","floor":22},{"not_picked":["Warcry","Wild Strike"],"picked":"Clash","floor":24},{"not_picked":["Armaments","Perfected Strike"],"picked":"Clash","floor":25},{"not_picked":["True Grit","Brutality"],"picked":"Fire Breathing","floor":28},{"not_picked":["True Grit","Second Wind"],"picked":"Pommel Strike+1","floor":31}],"player_experience":568433,"relics_obtained":[{"floor":9,"key":"Paper Frog"},{"floor":10,"key":"Pocketwatch"},{"floor":14,"key":"War Paint"},{"floor":24,"key":"Mummified Hand"},{"floor":26,"key":"Molten Egg 2"}],"event_choices":[{"damage_healed":0,"gold_gain":0,"player_choice":"Bought 2 Potions","damage_taken":0,"max_hp_gain":0,"max_hp_loss":0,"event_name":"The Woman in Blue","floor":4,"gold_loss":0},{"damage_healed":0,"gold_gain":0,"player_choice":"Fight","damage_taken":0,"max_hp_gain":0,"max_hp_loss":0,"event_name":"Colosseum","floor":27,"gold_loss":0},{"damage_healed":0,"gold_gain":0,"player_choice":"Fled From Nobs","damage_taken":0,"max_hp_gain":0,"max_hp_loss":0,"event_name":"Colosseum","floor":27,"gold_loss":0},{"damage_healed":0,"gold_gain":0,"player_choice":"Inject Mutagens","damage_taken":0,"relics_obtained":["MutagenicStrength"],"max_hp_gain":0,"max_hp_loss":0,"event_name":"Drug Dealer","floor":30,"gold_loss":0}],"is_beta":false,"boss_relics":[{"not_picked":["Coffee Dripper","Lizard Tail"],"picked":"Philosopher\u0027s Stone"}],"items_purged_floors":[],"is_endless":false,"potions_floor_spawned":[1,5,16,24,25,27],"killed_by":"Automaton","ascension_level":6}