{"gold_per_floor":[115,132,97,97,172,203,203,71,71,89,89,104,124,135,135,233,233,247,86,86],"floor_reached":20,"playtime":516,"items_purged":[],"score":226,"play_id":"121c0e37-d440-490c-aaf3-271b35340127","local_time":"20181230143700","is_ascension_mode":true,"campfire_choices":[{"floor":11,"key":"REST"},{"floor":15,"key":"REST"}],"neow_cost":"NONE","seed_source_timestamp":756693398957291,"circlet_count":0,"master_deck":["Strike_R+1","Strike_R","Strike_R","Strike_R","Strike_R+1","Defend_R","Defend_R","Defend_R","Bash+1","Body Slam+1","Flex","Anger+1","Berserk","Armaments","Rage","Body Slam","Thunderclap","Flex","Shrug It Off","Limit Break","Writhe","Clumsy","Injury","Flame Barrier+1","Exhume","Purity"],"relics":["Burning Blood","StoneCalendar","Whetstone","Calling Bell","Centennial Puzzle","Ornamental Fan","Torii"],"potions_floor_usage":[14,16,16,20],"damage_taken":[{"damage":16,"enemies":"Small Slimes","floor":1,"turns":4},{"damage":14,"enemies":"2 Louse","floor":2,"turns":3},{"damage":36,"enemies":"Gremlin Nob","floor":6,"turns":4},{"damage":7,"enemies":"Jaw Worm","floor":10,"turns":2},{"damage":14,"enemies":"Red Slaver","floor":12,"turns":2},{"damage":1,"enemies":"Looter","floor":13,"turns":2},{"damage":16,"enemies":"Blue Slaver","floor":14,"turns":3},{"damage":48,"enemies":"The Guardian","floor":16,"turns":9},{"damage":36,"enemies":"Chosen","floor":18,"turns":5},{"damage":34,"enemies":"Shell Parasite","floor":20,"turns":4}],"seed_played":"576137840970283567","potions_obtained":[{"floor":6,"key":"PowerPotion"},{"floor":13,"key":"GamblersBrew"},{"floor":14,"key":"SkillPotion"},{"floor":18,"key":"Block Potion"}],"is_trial":false,"path_per_floor":["M","M","?","?","?","E","?","$","T","M","R","M","M","M","R","B",null,"M","$","M"],"character_chosen":"IRONCLAD","items_purchased":["Armaments","Rage","Exhume","Purity"],"campfire_rested":2,"item_purchase_floors":[8,8,19,19],"current_hp_per_floor":[62,54,74,58,47,17,17,17,17,16,40,32,37,27,51,9,62,32,32,0],"gold":86,"neow_bonus":"TRANSFORM_CARD","is_prod":false,"is_daily":false,"chose_seed":false,"campfire_upgraded":0,"win_rate":0,"timestamp":1546191420,"path_taken":["M","M","?","?","?","E","?","$","T","M","R","M","M","?","R","BOSS","M","?","M"],"build_version":"2018-12-20","purchased_purges":0,"victory":false,"max_hp_per_floor":[80,80,80,80,80,80,80,80,80,80,80,80,80,80,80,80,80,80,80,80],"card_choices":[{"not_picked":["Warcry","Thunderclap"],"picked":"Flex","floor":1},{"not_picked":["Clothesline","Perfected Strike"],"picked":"Anger","floor":2},{"not_picked":["Heavy Blade","Twin Strike"],"picked":"Berserk","floor":6},{"not_picked":["Armaments","Warcry"],"picked":"Body Slam","floor":10},{"not_picked":["Rupture","Fire Breathing"],"picked":"Thunderclap","floor":12},{"not_picked":["Blood for Blood","Anger"],"picked":"Flex","floor":13},{"not_picked":["Evolve","Clash"],"picked":"Shrug It Off","floor":14},{"not_picked":["Brutality","Fiend Fire"],"picked":"Limit Break","floor":16},{"not_picked":["Pommel Strike","Rupture+1"],"picked":"Flame Barrier+1","floor":18}],"player_experience":578435,"relics_obtained":[{"floor":6,"key":"StoneCalendar"},{"floor":9,"key":"Whetstone"},{"floor":17,"key":"Centennial Puzzle"},{"floor":17,"key":"Ornamental Fan"},{"floor":17,"key":"Torii"}],"event_choices":[{"damage_healed":20,"gold_gain":0,"player_choice":"Healed","damage_taken":0,"max_hp_gain":0,"max_hp_loss":0,"event_name":"The Cleric","floor":3,"gold_loss":35},{"damage_healed":0,"gold_gain":0,"player_choice":"Entered Light","damage_taken":16,"max_hp_gain":0,"max_hp_loss":0,"event_name":"Shining Light","floor":4,"gold_loss":0,"cards_upgraded":["Strike_R","Anger"]},{"damage_healed":0,"gold_gain":75,"player_choice":"Gather Gold","damage_taken":11,"max_hp_gain":0,"max_hp_loss":0,"event_name":"World of Goop","floor":5,"gold_loss":0},{"damage_healed":0,"gold_gain":0,"player_choice":"Grow","damage_taken":0,"max_hp_gain":0,"max_hp_loss":0,"event_name":"Living Wall","floor":7,"gold_loss":0,"cards_upgraded":["Body Slam"]}],"is_beta":false,"boss_relics":[{"not_picked":["Snecko Eye","Coffee Dripper"],"picked":"Calling Bell"}],"items_purged_floors":[],"is_endless":false,"potions_floor_spawned":[6,13,14,18],"killed_by":"Shell Parasite","ascension_level":6}