{"gold_per_floor":[114,129,129,77,42,42,72,72,72,102,167,182,212,227,227,327,327,342,342,357,372,372,402,402,174,199,214,214,244,244,274,274,374,374,389,404,419,419,144,174,174,204,204,204,234,34,49,99,99,99],"floor_reached":50,"playtime":3657,"items_purged":["Parasite"],"score":654,"play_id":"95170585-c092-4757-bc2c-35d8894457cf","local_time":"20190329111640","daily_mods":["SealedDeck","Uncertain Future","Elite Swarm"],"is_ascension_mode":false,"campfire_choices":[{"data":"Deflect","floor":6.0,"key":"SMITH"},{"data":"Envenom","floor":8.0,"key":"SMITH"},{"floor":15.0,"key":"REST"},{"floor":24.0,"key":"REST"},{"data":"1","floor":28.0,"key":"LIFT"},{"floor":32.0,"key":"REST"},{"data":"Storm of Steel","floor":41.0,"key":"SMITH"},{"data":"Accuracy","floor":44.0,"key":"SMITH"},{"floor":49,"key":"REST"}],"neow_cost":"","seed_source_timestamp":0,"circlet_count":0,"master_deck":["Dagger Throw","PiercingWail+1","Dagger Spray","Underhanded Strike","Backstab","Accuracy+1","Dagger Throw","Backflip+1","Footwork","Blade Dance","Deflect+1","Envenom+1","Dagger Throw+1","After Image","Well Laid Plans","Die Die Die+1","Dagger Spray+1","Cloak And Dagger","Flying Knee+1","Adrenaline","Noxious Fumes+1","Underhanded Strike+1","Glass Knife+1","Die Die Die+1","Storm of Steel+1","Dodge and Roll+1","Blade Dance+1","Die Die Die+1","Envenom+1","Dodge and Roll+1"],"special_seed":17984,"relics":["Ring of the Snake","Meat on the Bone","Molten Egg 2","Blood Vial","Girya","Empty Cage","Frozen Egg 2","Vajra","Regal Pillow","Ginger","Letter Opener","Lizard Tail","SsserpentHead","Lee\u0027s Waffle","Unceasing Top","Boot","Kunai","StoneCalendar","Mummified Hand"],"potions_floor_usage":[],"damage_taken":[{"damage":0.0,"enemies":"2 Louse","floor":1.0,"turns":1.0},{"damage":0.0,"enemies":"Small Slimes","floor":2.0,"turns":2.0},{"damage":9.0,"enemies":"3 Sentries","floor":7.0,"turns":5.0},{"damage":27.0,"enemies":"Lagavulin","floor":10.0,"turns":4.0},{"damage":0.0,"enemies":"Cultist","floor":12.0,"turns":2.0},{"damage":18.0,"enemies":"3 Sentries","floor":13.0,"turns":4.0},{"damage":3.0,"enemies":"Blue Slaver","floor":14.0,"turns":3.0},{"damage":0.0,"enemies":"Slime Boss","floor":16.0,"turns":6.0},{"damage":10.0,"enemies":"Spheric Guardian","floor":18.0,"turns":3.0},{"damage":11.0,"enemies":"2 Thieves","floor":20.0,"turns":3.0},{"damage":6.0,"enemies":"3 Cultists","floor":21.0,"turns":3.0},{"damage":5.0,"enemies":"Slavers","floor":23.0,"turns":4.0},{"damage":6.0,"enemies":"Cultist and Chosen","floor":27.0,"turns":4.0},{"damage":27.0,"enemies":"Book of Stabbing","floor":29.0,"turns":4.0},{"damage":22.0,"enemies":"Slavers","floor":31.0,"turns":4.0},{"damage":30.0,"enemies":"Automaton","floor":33.0,"turns":6.0},{"damage":8.0,"enemies":"Orb Walker","floor":35.0,"turns":2.0},{"damage":0.0,"enemies":"3 Shapes","floor":36.0,"turns":1.0},{"damage":33.0,"enemies":"Writhing Mass","floor":37.0,"turns":5.0},{"damage":21.0,"enemies":"Reptomancer","floor":40.0,"turns":4.0},{"damage":7.0,"enemies":"Giant Head","floor":42.0,"turns":6.0},{"damage":36.0,"enemies":"Reptomancer","floor":45.0,"turns":4.0},{"damage":15,"enemies":"3 Darklings","floor":47,"turns":3},{"damage":125,"enemies":"Awakened One","floor":50,"turns":11}],"seed_played":"5108199104389933622","potions_obtained":[{"floor":1.0,"key":"GhostInAJar"},{"floor":2.0,"key":"Ancient Potion"},{"floor":12.0,"key":"SpeedPotion"},{"floor":14.0,"key":"SkillPotion"},{"floor":31.0,"key":"Swift Potion"},{"floor":36.0,"key":"GhostInAJar"},{"floor":37.0,"key":"Energy Potion"},{"floor":40.0,"key":"Ancient Potion"},{"floor":42.0,"key":"PowerPotion"}],"is_trial":false,"path_per_floor":["M","M","?","$","?","R","E","R","T","E","?","M","E","M","R","B",null,"M","?","M","M","?","E","R","$","T","M","R","E","?","E","R","B",null,"M","M","M","?","$","E","R","E","T","R","E","$","M","?","R","B"],"character_chosen":"THE_SILENT","items_purchased":["Deflect","Vajra","Noxious Fumes+1","Lee\u0027s Waffle","Mummified Hand"],"campfire_rested":4,"item_purchase_floors":[4,25,25,39,46],"current_hp_per_floor":[70,70,56,56,70,70,61,61,61,46,46,48,44,43,64,66,70,60,60,51,47,34,43,65,65,65,61,61,48,48,40,75,45,75,67,69,38,38,79,58,58,53,53,53,31,31,30,30,68,0],"gold":99,"neow_bonus":"","is_prod":false,"is_daily":true,"chose_seed":false,"campfire_upgraded":4,"win_rate":0,"timestamp":1553872600,"path_taken":["M","M","?","$","?","R","E","R","T","E","?","M","E","M","R","BOSS","M","?","M","M","?","E","R","$","T","M","R","E","?","E","R","BOSS","M","M","M","?","$","E","R","E","T","R","E","?","M","?","R","BOSS"],"build_version":"2019-01-23","purchased_purges":1,"victory":false,"max_hp_per_floor":[70,70,70,70,70,70,70,70,70,70,70,70,70,70,70,70,70,70,70,70,70,75,75,75,75,75,75,75,75,75,75,75,75,75,75,75,75,75,79,79,79,79,79,79,79,79,79,79,79,79],"card_choices":[{"not_picked":["Prepared","Bane"],"picked":"Footwork","floor":1.0},{"not_picked":["PiercingWail","Expertise"],"picked":"Blade Dance","floor":2.0},{"not_picked":["A Thousand Cuts","Unload"],"picked":"Envenom","floor":7.0},{"not_picked":["Grand Finale+1","Phantasmal Killer"],"picked":"Burst","floor":10.0},{"not_picked":["Dagger Spray+1","Dodge and Roll"],"picked":"Dagger Throw+1","floor":12.0},{"not_picked":["Die Die Die+1","A Thousand Cuts"],"picked":"After Image","floor":13.0},{"not_picked":["Poisoned Stab+1","Masterful Stab+1"],"picked":"Well Laid Plans","floor":14.0},{"not_picked":["Envenom","A Thousand Cuts"],"picked":"Die Die Die+1","floor":16.0},{"not_picked":["Tactician+1","All Out Attack+1"],"picked":"Dagger Spray+1","floor":18.0},{"not_picked":["Acrobatics","Crippling Poison"],"picked":"Cloak And Dagger","floor":20.0},{"not_picked":["Well Laid Plans","Riddle With Holes+1"],"picked":"Flying Knee+1","floor":21.0},{"not_picked":["Malaise","Glass Knife+1"],"picked":"Adrenaline","floor":23.0},{"not_picked":["Backflip","Sucker Punch+1"],"picked":"Underhanded Strike+1","floor":27.0},{"not_picked":["After Image+1","Wraith Form v2+1"],"picked":"Glass Knife+1","floor":29.0},{"not_picked":["Unload+1","Night Terror"],"picked":"Die Die Die+1","floor":31.0},{"not_picked":["Malaise","Burst"],"picked":"Storm of Steel","floor":33.0},{"not_picked":["Poisoned Stab+1","Sucker Punch+1"],"picked":"Caltrops+1","floor":35.0},{"not_picked":["Flechettes+1","Flying Knee+1"],"picked":"Dodge and Roll+1","floor":36.0},{"not_picked":["Bouncing Flask+1","Footwork+1"],"picked":"Blade Dance+1","floor":37.0},{"not_picked":["Burst","Bullet Time"],"picked":"Die Die Die+1","floor":40.0},{"not_picked":["After Image+1","Storm of Steel","Grand Finale+1"],"picked":"SKIP","floor":42.0},{"not_picked":["Corpse Explosion","Unload+1"],"picked":"Envenom+1","floor":45.0},{"not_picked":["Outmaneuver+1","Prepared+1"],"picked":"Dodge and Roll+1","floor":47}],"player_experience":57959,"relics_obtained":[{"floor":7.0,"key":"Meat on the Bone"},{"floor":9.0,"key":"Molten Egg 2"},{"floor":10.0,"key":"Blood Vial"},{"floor":13.0,"key":"Girya"},{"floor":23.0,"key":"Frozen Egg 2"},{"floor":26.0,"key":"Regal Pillow"},{"floor":29.0,"key":"Ginger"},{"floor":31.0,"key":"Letter Opener"},{"floor":40.0,"key":"Unceasing Top"},{"floor":42.0,"key":"Boot"},{"floor":43.0,"key":"Kunai"},{"floor":45.0,"key":"StoneCalendar"}],"event_choices":[{"damage_healed":0.0,"max_hp_gain":0.0,"max_hp_loss":0.0,"gold_gain":0.0,"event_name":"Shining Light","player_choice":"Entered Light","floor":3.0,"gold_loss":0.0,"damage_taken":14.0,"cards_upgraded":["PiercingWail","Backflip"]},{"damage_healed":17.0,"max_hp_gain":0.0,"max_hp_loss":0.0,"gold_gain":0.0,"event_name":"The Cleric","player_choice":"Healed","floor":5.0,"gold_loss":35.0,"damage_taken":0.0},{"damage_healed":0.0,"max_hp_gain":0.0,"max_hp_loss":0.0,"gold_gain":65.0,"event_name":"Golden Wing","player_choice":"Gained Gold","floor":11.0,"gold_loss":0.0,"damage_taken":0.0},{"cards_removed":["Burst"],"damage_healed":0.0,"max_hp_gain":0.0,"max_hp_loss":0.0,"gold_gain":0.0,"event_name":"Back to Basics","player_choice":"Elegance","floor":19.0,"gold_loss":0.0,"damage_taken":0.0},{"damage_healed":0.0,"max_hp_gain":5.0,"max_hp_loss":0.0,"gold_gain":0.0,"event_name":"Forgotten Altar","player_choice":"Shed Blood","floor":22.0,"gold_loss":0.0,"damage_taken":18.0},{"damage_healed":0.0,"max_hp_gain":0.0,"max_hp_loss":0.0,"gold_gain":0.0,"event_name":"Vampires","player_choice":"Ignored","floor":30.0,"gold_loss":0.0,"damage_taken":0.0},{"damage_healed":0.0,"max_hp_gain":0.0,"max_hp_loss":0.0,"gold_gain":0.0,"event_name":"FaceTrader","player_choice":"Trade","floor":38.0,"gold_loss":0.0,"damage_taken":0.0,"relics_obtained":["SsserpentHead"]},{"cards_removed":["Caltrops"],"damage_healed":0,"gold_gain":0,"player_choice":"Removed Power","damage_taken":0,"max_hp_gain":0,"max_hp_loss":0,"event_name":"Falling","floor":48,"gold_loss":0}],"is_beta":false,"boss_relics":[{"not_picked":["Snecko Eye","Busted Crown"],"picked":"Empty Cage"},{"not_picked":["White Beast Statue","Runic Dome"],"picked":"Lizard Tail"}],"items_purged_floors":[39],"is_endless":false,"potions_floor_spawned":[1,2,12,14,18,21,23,31,36,37,40,42,47],"killed_by":"Awakened One","ascension_level":0}