{"gold_per_floor":[113,128,128,26,26,57,67,67,91,124,141,158,172,191,191,191],"floor_reached":16,"playtime":493,"items_purged":[],"score":137,"play_id":"d3386955-4e45-4aeb-a7c4-bda1bbba497e","local_time":"20190115154836","is_ascension_mode":true,"campfire_choices":[{"floor":8,"key":"REST"},{"floor":15,"key":"REST"}],"neow_cost":"NONE","seed_source_timestamp":187105203592858,"circlet_count":0,"master_deck":["Defend_G","Defend_G","Defend_G","Defend_G","Defend_G","Strike_G","Strike_G","Strike_G","Strike_G","Strike_G","Survivor+1","Neutralize","All Out Attack","Flechettes","Night Terror","Masterful Stab","Footwork","Masterful Stab","Prepared","Cloak And Dagger","Cloak And Dagger","Heel Hook","Blade Dance"],"relics":["Ring of the Snake","Blood Vial","Art of War","WingedGreaves"],"potions_floor_usage":[10,16,16],"damage_taken":[{"damage":2,"enemies":"Small Slimes","floor":1,"turns":3},{"damage":5,"enemies":"Cultist","floor":2,"turns":4},{"damage":40,"enemies":"Lagavulin","floor":6,"turns":9},{"damage":0,"enemies":"Jaw Worm","floor":7,"turns":2},{"damage":16,"enemies":"Gremlin Nob","floor":10,"turns":3},{"damage":0,"enemies":"Blue Slaver","floor":11,"turns":3},{"damage":0,"enemies":"Looter","floor":12,"turns":3},{"damage":6,"enemies":"Gremlin Gang","floor":13,"turns":2},{"damage":0,"enemies":"2 Fungi Beasts","floor":14,"turns":2},{"damage":60,"enemies":"Hexaghost","floor":16,"turns":14}],"seed_played":"-8760061385065124438","potions_obtained":[{"floor":2,"key":"SneckoOil"},{"floor":6,"key":"PowerPotion"},{"floor":10,"key":"Regen Potion"},{"floor":12,"key":"GamblersBrew"}],"is_trial":false,"path_per_floor":["M","M","?","$","$","E","M","R","T","E","M","M","M","M","R","B"],"character_chosen":"THE_SILENT","items_purchased":["Masterful Stab","Footwork"],"campfire_rested":2,"item_purchase_floors":[4,4],"current_hp_per_floor":[68,63,63,63,63,23,25,46,46,32,34,36,32,34,55,0],"gold":191,"neow_bonus":"UPGRADE_CARD","is_prod":false,"is_daily":false,"chose_seed":false,"campfire_upgraded":0,"win_rate":0,"timestamp":1547578116,"path_taken":["M","M","?","?","$","E","M","R","T","E","M","M","?","M","R","BOSS"],"build_version":"2019-01-10","purchased_purges":0,"victory":false,"max_hp_per_floor":[70,70,70,70,70,70,70,70,70,70,70,70,70,70,70,70],"card_choices":[{"not_picked":["Bane","Underhanded Strike"],"picked":"All Out Attack","floor":1},{"not_picked":["Bane","PiercingWail"],"picked":"Flechettes","floor":2},{"not_picked":["Tactician","Cloak And Dagger"],"picked":"Masterful Stab","floor":6},{"not_picked":["Flying Knee","Dagger Throw"],"picked":"Prepared","floor":7},{"not_picked":["Storm of Steel","Acrobatics","Bane"],"picked":"SKIP","floor":10},{"not_picked":["Accuracy","Flying Knee"],"picked":"Cloak And Dagger","floor":11},{"not_picked":["Tactician","Setup"],"picked":"Cloak And Dagger","floor":12},{"not_picked":["Skewer","Acrobatics"],"picked":"Heel Hook","floor":13},{"not_picked":["Escape Plan","Eviscerate"],"picked":"Blade Dance","floor":14}],"player_experience":630500,"relics_obtained":[{"floor":6,"key":"Blood Vial"},{"floor":9,"key":"Art of War"},{"floor":10,"key":"WingedGreaves"}],"event_choices":[{"damage_healed":0,"gold_gain":0,"player_choice":"1 cards matched","damage_taken":0,"max_hp_gain":0,"max_hp_loss":0,"event_name":"Match and Keep!","floor":3,"gold_loss":0,"cards_obtained":["Night Terror"]}],"is_beta":false,"boss_relics":[],"items_purged_floors":[],"is_endless":false,"potions_floor_spawned":[2,6,10,12],"killed_by":"Hexaghost","ascension_level":4}