{"gold_per_floor":[111,111,122,142,142,142,142,142,142,168,178,178,208,219,219,294,294,313,313],"floor_reached":19,"playtime":2652,"items_purged":[],"score":404,"play_id":"8943abee-047a-4d38-87b0-835174c22c8f","local_time":"20181116204014","is_ascension_mode":true,"campfire_choices":[{"data":"Zap","floor":6,"key":"SMITH"},{"data":"Leap","floor":8,"key":"SMITH"},{"floor":12,"key":"REST"},{"data":"Darkness","floor":15,"key":"SMITH"}],"neow_cost":"PERCENT_DAMAGE","seed_source_timestamp":175376991936692,"circlet_count":0,"master_deck":["AscendersBane","Strike_B","Strike_B","Strike_B","Defend_B","Defend_B","Defend_B","Defend_B","Zap+1","Dualcast","Ball Lightning","Genetic Algorithm","Leap+1","Compile Driver","Darkness+1","Echo Form","FTL"],"relics":["Cracked Core","FossilizedHelix","Singing Bowl","Vajra","Bag of Preparation","Inserter"],"potions_floor_usage":[13,19,19],"damage_taken":[{"damage":0,"enemies":"Jaw Worm","floor":1,"turns":2},{"damage":0,"enemies":"Small Slimes","floor":3,"turns":2},{"damage":8,"enemies":"2 Louse","floor":4,"turns":4},{"damage":20,"enemies":"3 Sentries","floor":10,"turns":7},{"damage":0,"enemies":"2 Fungi Beasts","floor":11,"turns":3},{"damage":0,"enemies":"Lagavulin","floor":13,"turns":7},{"damage":0,"enemies":"Red Slaver","floor":14,"turns":3},{"damage":6,"enemies":"Slime Boss","floor":16,"turns":8},{"damage":2,"enemies":"Shell Parasite","floor":18,"turns":6},{"damage":65,"enemies":"Masked Bandits","floor":19,"turns":4}],"seed_played":"2599774753910998669","potions_obtained":[{"floor":4,"key":"Poison Potion"},{"floor":10,"key":"GamblersBrew"},{"floor":13,"key":"GamblersBrew"},{"floor":16,"key":"Weak Potion"}],"is_trial":false,"path_per_floor":["M","?","M","M","?","R","$","R","T","E","M","R","E","M","R","B",null,"M","?"],"character_chosen":"DEFECT","items_purchased":[],"campfire_rested":1,"item_purchase_floors":[],"current_hp_per_floor":[46,46,46,38,31,31,31,31,31,13,13,34,34,36,36,30,64,62,0],"gold":313,"neow_bonus":"ONE_RARE_RELIC","is_prod":false,"is_daily":false,"chose_seed":false,"campfire_upgraded":3,"win_rate":0,"timestamp":1542418814,"path_taken":["M","?","M","M","?","R","$","R","T","E","M","R","E","M","R","BOSS","M","?"],"build_version":"2018-11-15","purchased_purges":0,"victory":false,"max_hp_per_floor":[71,71,71,71,71,71,71,71,71,73,73,73,73,75,75,75,75,75,75],"card_choices":[{"not_picked":["Chill","Rebound"],"picked":"Ball Lightning","floor":1},{"not_picked":["Tempest","Go for the Eyes"],"picked":"Genetic Algorithm","floor":3},{"not_picked":["Gash","Heatsinks"],"picked":"Leap","floor":4},{"not_picked":["Steam","Chill","Recycle"],"picked":"Singing Bowl","floor":10},{"not_picked":["Beam Cell","Stack"],"picked":"Compile Driver","floor":11},{"not_picked":["Force Field","Beam Cell"],"picked":"Darkness","floor":13},{"not_picked":["Beam Cell","Rebound","Reboot"],"picked":"Singing Bowl","floor":14},{"not_picked":["Fission","Machine Learning"],"picked":"Echo Form","floor":16},{"not_picked":["Beam Cell","Aggregate"],"picked":"FTL","floor":18}],"player_experience":974506,"relics_obtained":[{"floor":9,"key":"Singing Bowl"},{"floor":10,"key":"Vajra"},{"floor":13,"key":"Bag of Preparation"}],"event_choices":[{"damage_healed":0,"gold_gain":0,"player_choice":"Ignored","damage_taken":0,"max_hp_gain":0,"max_hp_loss":0,"event_name":"Golden Idol","floor":2,"gold_loss":0},{"cards_removed":["Strike_B"],"damage_healed":0,"gold_gain":0,"player_choice":"Card Removal","damage_taken":7,"max_hp_gain":0,"max_hp_loss":0,"event_name":"Golden Wing","floor":5,"gold_loss":0},{"damage_healed":0,"gold_gain":0,"player_choice":"Fought Bandits","damage_taken":0,"max_hp_gain":0,"max_hp_loss":0,"event_name":"Masked Bandits","floor":19,"gold_loss":0}],"is_beta":true,"boss_relics":[{"not_picked":["Coffee Dripper","Orrery"],"picked":"Inserter"}],"items_purged_floors":[],"is_endless":false,"potions_floor_spawned":[4,10,13,14,16,18],"killed_by":"Masked Bandits","ascension_level":20}