{"gold_per_floor":[212,212,176,192,210,210,242,242,242,242,259,272,286,271,271,271],"floor_reached":16,"playtime":770,"items_purged":[],"score":104,"play_id":"849f0cd4-fdeb-4daa-bca2-4d52873ea034","local_time":"20190515004924","is_ascension_mode":false,"campfire_choices":[{"data":"Neutralize","floor":6,"key":"SMITH"},{"data":"Catalyst","floor":8,"key":"SMITH"},{"floor":10,"key":"REST"},{"floor":15,"key":"REST"}],"neow_cost":"NONE","seed_source_timestamp":215356898732603,"circlet_count":0,"master_deck":["Defend_G","Defend_G","Defend_G","Defend_G","Defend_G","Strike_G","Strike_G","Strike_G","Strike_G","Survivor","Neutralize+1","Poisoned Stab","Catalyst+1","Choke","Backflip","Dagger Throw","Acrobatics","Backflip","After Image","Cloak And Dagger"],"relics":["Ring of the Snake","Unceasing Top","Turnip"],"potions_floor_usage":[],"damage_taken":[{"damage":0,"enemies":"Jaw Worm","floor":1,"turns":5},{"damage":0,"enemies":"Cultist","floor":4,"turns":4},{"damage":0,"enemies":"2 Louse","floor":5,"turns":2},{"damage":35,"enemies":"Lagavulin","floor":7,"turns":7},{"damage":14,"enemies":"Exordium Wildlife","floor":11,"turns":6},{"damage":0,"enemies":"2 Fungi Beasts","floor":12,"turns":5},{"damage":0,"enemies":"Blue Slaver","floor":13,"turns":4},{"damage":7,"enemies":"Exordium Thugs","floor":14,"turns":5},{"damage":56,"enemies":"Slime Boss","floor":16,"turns":9}],"seed_played":"-3930875727257599257","potions_obtained":[{"floor":4,"key":"EssenceOfSteel"},{"floor":11,"key":"SpeedPotion"},{"floor":12,"key":"Dexterity Potion"}],"is_trial":false,"path_per_floor":["M","?","$","M","M","R","E","R","T","R","M","M","M","M","R","B"],"character_chosen":"THE_SILENT","items_purchased":["Catalyst"],"campfire_rested":2,"item_purchase_floors":[3],"current_hp_per_floor":[70,70,70,70,70,70,35,35,35,56,42,42,42,35,56,0],"gold":271,"neow_bonus":"HUNDRED_GOLD","is_prod":false,"is_daily":false,"chose_seed":false,"campfire_upgraded":2,"win_rate":0,"timestamp":1557895764,"path_taken":["M","?","$","M","M","R","E","R","T","R","M","M","?","M","R","BOSS"],"build_version":"2019-01-23","purchased_purges":0,"victory":false,"max_hp_per_floor":[70,70,70,70,70,70,70,70,70,70,70,70,70,70,70,70],"card_choices":[{"not_picked":["Dagger Throw","Outmaneuver"],"picked":"Poisoned Stab","floor":1},{"not_picked":["Blade Dance","Dagger Throw"],"picked":"Choke","floor":4},{"not_picked":["Outmaneuver","Flying Knee"],"picked":"Backflip","floor":5},{"not_picked":["Quick Slash","Blade Dance"],"picked":"Dagger Throw","floor":7},{"not_picked":["Heel Hook","Slice"],"picked":"Acrobatics","floor":11},{"not_picked":["Eviscerate","Quick Slash"],"picked":"Backflip","floor":12},{"not_picked":["Bane","Cloak And Dagger"],"picked":"After Image","floor":13},{"not_picked":["Catalyst","Flying Knee"],"picked":"Cloak And Dagger","floor":14}],"player_experience":115036,"relics_obtained":[{"floor":7,"key":"Unceasing Top"},{"floor":9,"key":"Turnip"}],"event_choices":[{"cards_removed":["Strike_G"],"damage_healed":0,"gold_gain":0,"player_choice":"Offered Basic","damage_taken":0,"max_hp_gain":0,"max_hp_loss":0,"event_name":"Bonfire Elementals","floor":2,"gold_loss":0}],"is_beta":false,"boss_relics":[],"items_purged_floors":[],"is_endless":false,"potions_floor_spawned":[4,11,12,14],"killed_by":"Slime Boss","ascension_level":0}