{"gold_per_floor":[114,0,0,11,11,11,27,59,84,102,127,127,127,137,137,216,216,227,243,263,274,189,189,204,204],"floor_reached":25,"playtime":814,"items_purged":["Strike_R"],"score":409,"play_id":"a78931c2-9e14-4913-9110-4ceae1d21711","local_time":"20190509231040","is_ascension_mode":true,"campfire_choices":[{"data":"Carnage","floor":6,"key":"SMITH"},{"data":"Inflame","floor":12,"key":"SMITH"},{"data":"Infernal Blade","floor":15,"key":"SMITH"},{"floor":23,"key":"RECALL"}],"neow_cost":"NONE","seed_source_timestamp":2452705257996612,"circlet_count":0,"master_deck":["AscendersBane","Strike_R","Strike_R","Strike_R+1","Strike_R","Defend_R","Defend_R","Defend_R","Defend_R","Bash","Cleave","Carnage+1","Disarm+1","Power Through","Inflame+1","Inflame+1","Infernal Blade+1","Reaper","Pummel","Warcry+1","Shrug It Off+1"],"relics":["Burning Blood","Strawberry","Happy Flower","Bronze Scales","Bag of Marbles","Fusion Hammer","Sundial"],"potions_floor_usage":[11,14,21,21,25],"damage_taken":[{"damage":7,"enemies":"Cultist","floor":1,"turns":4},{"damage":3,"enemies":"Small Slimes","floor":4,"turns":2},{"damage":0,"enemies":"2 Louse","floor":7,"turns":2},{"damage":24,"enemies":"Gremlin Nob","floor":8,"turns":4},{"damage":5,"enemies":"Gremlin Gang","floor":10,"turns":5},{"damage":20,"enemies":"3 Sentries","floor":11,"turns":7},{"damage":2,"enemies":"3 Louse","floor":14,"turns":2},{"damage":6,"enemies":"Hexaghost","floor":16,"turns":7},{"damage":27,"enemies":"2 Thieves","floor":18,"turns":3},{"damage":4,"enemies":"Chosen","floor":19,"turns":4},{"damage":0,"enemies":"Snecko","floor":20,"turns":2},{"damage":18,"enemies":"Snake Plant","floor":21,"turns":2},{"damage":14,"enemies":"Centurion and Healer","floor":24,"turns":4},{"damage":91,"enemies":"Gremlin Leader","floor":25,"turns":8}],"seed_played":"6472063204348646368","potions_obtained":[{"floor":8,"key":"Energy Potion"},{"floor":11,"key":"Block Potion"},{"floor":14,"key":"EssenceOfSteel"},{"floor":19,"key":"BloodPotion"},{"floor":20,"key":"Weak Potion"},{"floor":21,"key":"Ancient Potion"},{"floor":24,"key":"Dexterity Potion"}],"is_trial":false,"path_per_floor":["M","$","?","M","?","R","M","E","T","M","E","R","?","M","R","B",null,"M","M","M","M","?","R","M","E"],"character_chosen":"IRONCLAD","items_purchased":["Carnage"],"campfire_rested":0,"item_purchase_floors":[2],"current_hp_per_floor":[74,74,74,77,52,52,58,40,40,41,27,27,27,31,31,31,69,48,54,75,78,78,78,82,0],"gold":204,"neow_bonus":"RANDOM_COMMON_RELIC","is_prod":false,"is_daily":false,"chose_seed":false,"campfire_upgraded":3,"win_rate":0,"timestamp":1557454240,"path_taken":["M","$","?","M","?","R","M","E","T","M","E","R","?","M","R","BOSS","M","M","M","?","?","R","M","E"],"build_version":"2019-01-23","purchased_purges":1,"victory":false,"max_hp_per_floor":[82,82,82,82,82,82,82,82,82,82,82,82,82,82,82,82,82,82,82,82,82,82,82,82,82],"card_choices":[{"not_picked":["Shrug It Off","Burning Pact"],"picked":"Cleave","floor":1},{"not_picked":["Havoc","Intimidate"],"picked":"Disarm","floor":4},{"not_picked":["Shrug It Off","Havoc"],"picked":"Power Through","floor":7},{"not_picked":["Flex","Armaments"],"picked":"Inflame","floor":8},{"not_picked":["Whirlwind","Burning Pact"],"picked":"Inflame","floor":10},{"not_picked":["Havoc","Clothesline","Pommel Strike"],"picked":"SKIP","floor":11},{"not_picked":["Flex","Clothesline"],"picked":"Infernal Blade","floor":14},{"not_picked":["Fiend Fire","Demon Form"],"picked":"Reaper","floor":16},{"not_picked":["Clash","True Grit"],"picked":"Pummel","floor":18},{"not_picked":["Body Slam","Cleave","Rupture"],"picked":"SKIP","floor":19},{"not_picked":["Armaments","Blood for Blood"],"picked":"Warcry+1","floor":20},{"not_picked":["Pommel Strike","Clothesline","Flex"],"picked":"SKIP","floor":21},{"not_picked":["Wild Strike","Brutality"],"picked":"Shrug It Off+1","floor":24}],"player_experience":1318955,"relics_obtained":[{"floor":8,"key":"Happy Flower"},{"floor":9,"key":"Bronze Scales"},{"floor":11,"key":"Bag of Marbles"}],"event_choices":[{"damage_healed":0,"gold_gain":0,"player_choice":"Left Gold","damage_taken":0,"max_hp_gain":0,"max_hp_loss":0,"event_name":"World of Goop","floor":3,"gold_loss":0},{"damage_healed":0,"gold_gain":0,"player_choice":"Entered Light","damage_taken":25,"max_hp_gain":0,"max_hp_loss":0,"event_name":"Shining Light","floor":5,"gold_loss":0,"cards_upgraded":["Strike_R","Disarm"]},{"damage_healed":0,"gold_gain":0,"player_choice":"Forge","damage_taken":0,"max_hp_gain":0,"max_hp_loss":0,"event_name":"Accursed Blacksmith","floor":13,"gold_loss":0,"cards_upgraded":["Inflame"]},{"damage_healed":0,"gold_gain":0,"player_choice":"Obtained Relic","damage_taken":0,"relics_obtained":["Sundial"],"max_hp_gain":0,"max_hp_loss":0,"event_name":"Addict","floor":22,"gold_loss":85}],"is_beta":false,"boss_relics":[{"not_picked":["Ectoplasm","Pandora\u0027s Box"],"picked":"Fusion Hammer"}],"items_purged_floors":[2],"is_endless":false,"potions_floor_spawned":[8,11,14,19,20,21,24],"killed_by":"Gremlin Leader","ascension_level":18}