{"gold_per_floor":[115,80,80,80,96,122,136,152,152,166,201,217,234,254,254,254],"floor_reached":16,"playtime":618,"items_purged":[],"score":261,"play_id":"6414b8ab-c047-49ac-9dc5-546c6859187c","local_time":"20190424232827","is_ascension_mode":true,"campfire_choices":[{"data":"Flex","floor":15,"key":"SMITH"}],"neow_cost":"NONE","seed_source_timestamp":1157866259891585,"circlet_count":0,"master_deck":["AscendersBane","Strike_R","Strike_R","Strike_R","Strike_R","Strike_R","Defend_R","Defend_R","Defend_R","Defend_R","Bash","Armaments","Decay","Cleave","Carnage","Flex+1","Twin Strike","Flame Barrier","Ghostly Armor","True Grit","Shrug It Off"],"relics":["Burning Blood","NeowsBlessing","Gremlin Horn","Bag of Marbles","The Courier"],"potions_floor_usage":[16],"damage_taken":[{"damage":0,"enemies":"Jaw Worm","floor":1,"turns":1},{"damage":0,"enemies":"Small Slimes","floor":5,"turns":1},{"damage":0,"enemies":"Gremlin Nob","floor":6,"turns":1},{"damage":0,"enemies":"Cultist","floor":7,"turns":3},{"damage":0,"enemies":"Lots of Slimes","floor":8,"turns":2},{"damage":24,"enemies":"Exordium Wildlife","floor":10,"turns":4},{"damage":47,"enemies":"Lagavulin","floor":11,"turns":7},{"damage":0,"enemies":"Large Slime","floor":12,"turns":6},{"damage":13,"enemies":"Blue Slaver","floor":13,"turns":4},{"damage":1,"enemies":"Looter","floor":14,"turns":4},{"damage":22,"enemies":"Hexaghost","floor":16,"turns":9}],"seed_played":"400997805280003967","potions_obtained":[{"floor":1,"key":"Dexterity Potion"},{"floor":7,"key":"EssenceOfSteel"}],"is_trial":false,"path_per_floor":["M","?","T","?","M","E","M","M","T","M","E","M","M","M","R","B"],"character_chosen":"IRONCLAD","items_purchased":[],"campfire_rested":0,"item_purchase_floors":[],"current_hp_per_floor":[74,75,75,75,75,75,75,75,75,57,16,22,15,20,20,0],"gold":254,"neow_bonus":"THREE_ENEMY_KILL","is_prod":false,"is_daily":false,"chose_seed":false,"campfire_upgraded":1,"win_rate":0,"timestamp":1556159307,"path_taken":["M","?","?","?","?","E","M","M","T","M","E","M","M","M","R","BOSS"],"build_version":"2019-01-23","purchased_purges":0,"victory":false,"max_hp_per_floor":[75,75,75,75,75,75,75,75,75,75,75,75,75,75,75,75],"card_choices":[{"not_picked":["Warcry","Pommel Strike"],"picked":"Armaments","floor":1},{"not_picked":["Iron Wave","Searing Blow"],"picked":"Cleave","floor":5},{"not_picked":["Clash","Juggernaut"],"picked":"Carnage","floor":6},{"not_picked":["Rage","Clash"],"picked":"Flex","floor":7},{"not_picked":["Burning Pact","Rupture"],"picked":"Twin Strike","floor":8},{"not_picked":["Thunderclap","Second Wind"],"picked":"Flame Barrier","floor":10},{"not_picked":["Fire Breathing","Cleave"],"picked":"Ghostly Armor","floor":11},{"not_picked":["Body Slam","Corruption","Flex"],"picked":"SKIP","floor":12},{"not_picked":["Flex","Burning Pact"],"picked":"True Grit","floor":13},{"not_picked":["Havoc","Pommel Strike"],"picked":"Shrug It Off","floor":14}],"player_experience":1211730,"relics_obtained":[{"floor":3,"key":"Gremlin Horn"},{"floor":6,"key":"Bag of Marbles"},{"floor":11,"key":"The Courier"}],"event_choices":[{"damage_healed":18,"gold_gain":0,"player_choice":"Healed","damage_taken":0,"max_hp_gain":0,"max_hp_loss":0,"event_name":"The Cleric","floor":2,"gold_loss":35},{"damage_healed":0,"gold_gain":0,"player_choice":"Cursed","damage_taken":0,"max_hp_gain":0,"max_hp_loss":0,"event_name":"Wheel of Change","floor":4,"gold_loss":0,"cards_obtained":["Decay"]}],"is_beta":false,"boss_relics":[],"items_purged_floors":[],"is_endless":false,"potions_floor_spawned":[1,7,8,13],"killed_by":"Hexaghost","ascension_level":17}