{"gold_per_floor":[110,35,35,45,65,392,392,567,567,595,595,629,629,643,643,745,745,765,795,218,218,218,250,250,275,300,333,333,367,292,311,311,406,406,425,425,425,20,33,33,58,58,58,86,361,361,378,404,404,404,404,404,52,79,79],"floor_reached":56,"playtime":5146,"items_purged":["Normality","Pain","Prepared"],"score":1714,"play_id":"6e3e1eee-e3f9-4e1e-9de7-962937a6d0d9","local_time":"20190509114342","is_ascension_mode":true,"campfire_choices":[{"data":"Malaise","floor":7,"key":"SMITH"},{"floor":11,"key":"REST"},{"floor":15,"key":"REST"},{"floor":24,"key":"REST"},{"floor":28,"key":"REST"},{"data":"Noxious Fumes","floor":32,"key":"SMITH"},{"floor":42,"key":"RECALL"},{"data":"Neutralize","floor":46,"key":"SMITH"},{"data":"Adrenaline","floor":49,"key":"SMITH"},{"data":"Adrenaline","floor":52,"key":"SMITH"}],"neow_cost":"CURSE","seed_source_timestamp":483779696760287,"circlet_count":0,"master_deck":["Defend_G","Defend_G","Defend_G+1","Defend_G+1","Defend_G","Survivor","Neutralize+1","Malaise+1","Poisoned Stab","Heel Hook","Tools of the Trade","Tactician","Underhanded Strike","Adrenaline+1","Well Laid Plans+1","Backflip+1","Adrenaline+1","Noxious Fumes+1","Masterful Stab","Bouncing Flask+1","Footwork+1","Escape Plan+1","Blade Dance+1","Leg Sweep+1","Envenom","Dodge and Roll+1","Bullet Time+1","Storm of Steel+1","Cloak And Dagger+1","Adrenaline+1","Impatience+1","Impatience+1","Transmutation+1","PiercingWail+1","Well Laid Plans","Flying Knee+1","Cloak And Dagger+1","Cloak And Dagger+1","Regret","Reflex+1","Cloak And Dagger+1","Bane","Reflex+1"],"relics":["Ring of the Snake","WarpedTongs","Old Coin","Pantograph","Juzu Bracelet","Shuriken","Bag of Preparation","Philosopher\u0027s Stone","Red Mask","Oddly Smooth Stone","DollysMirror","Nilry\u0027s Codex","Toxic Egg 2","Happy Flower","Orichalcum","War Paint","Astrolabe","Vajra","Singing Bowl","Blood Vial","Anchor","Ornamental Fan","Snake Skull"],"potions_floor_usage":[10,10,16,23,25,27,38,55,55,55],"damage_taken":[{"damage":1,"enemies":"Small Slimes","floor":1,"turns":4},{"damage":5,"enemies":"Cultist","floor":4,"turns":3},{"damage":5,"enemies":"2 Louse","floor":5,"turns":2},{"damage":7,"enemies":"Lagavulin","floor":6,"turns":10},{"damage":22,"enemies":"Gremlin Nob","floor":10,"turns":4},{"damage":14,"enemies":"3 Sentries","floor":12,"turns":12},{"damage":10,"enemies":"2 Fungi Beasts","floor":14,"turns":4},{"damage":20,"enemies":"Slime Boss","floor":16,"turns":9},{"damage":5,"enemies":"Shell Parasite","floor":18,"turns":6},{"damage":27,"enemies":"Masked Bandits","floor":19,"turns":6},{"damage":0,"enemies":"Slavers","floor":23,"turns":4},{"damage":0,"enemies":"Book of Stabbing","floor":25,"turns":4},{"damage":21,"enemies":"Slavers","floor":27,"turns":4},{"damage":0,"enemies":"Gremlin Leader","floor":29,"turns":7},{"damage":0,"enemies":"Spheric Guardian","floor":31,"turns":2},{"damage":0,"enemies":"Automaton","floor":33,"turns":8},{"damage":0,"enemies":"3 Darklings","floor":35,"turns":5},{"damage":0,"enemies":"3 Shapes","floor":39,"turns":5},{"damage":0,"enemies":"Giant Head","floor":41,"turns":5},{"damage":0,"enemies":"Reptomancer","floor":44,"turns":5},{"damage":0,"enemies":"Maw","floor":47,"turns":5},{"damage":4,"enemies":"Giant Head","floor":48,"turns":6},{"damage":5,"enemies":"Time Eater","floor":50,"turns":12},{"damage":0,"enemies":"Shield and Spear","floor":54,"turns":6},{"damage":63,"enemies":"The Heart","floor":55,"turns":10}],"seed_played":"-2078778051804796852","potions_obtained":[{"floor":4,"key":"PowerPotion"},{"floor":5,"key":"GamblersBrew"},{"floor":6,"key":"Energy Potion"},{"floor":23,"key":"SkillPotion"},{"floor":25,"key":"Fruit Juice"},{"floor":27,"key":"SpeedPotion"},{"floor":31,"key":"Strength Potion"},{"floor":35,"key":"Swift Potion"},{"floor":39,"key":"GhostInAJar"}],"is_trial":false,"path_per_floor":["M","$","?","M","M","E","R","?","T","E","R","E","?","M","R","B",null,"M","?","$","?","?","E","R","E","T","E","R","E","?","M","R","B",null,"M","?","?","$","M","?","E","R","T","E","?","R","M","E","R","B",null,"R","$","E","B",null],"character_chosen":"THE_SILENT","items_purchased":["Oddly Smooth Stone","DollysMirror","Noxious Fumes","Dexterity Potion","PiercingWail+1","Ancient Potion","Well Laid Plans","Fruit Juice","Ornamental Fan","PowerPotion","Bane"],"campfire_rested":4,"item_purchase_floors":[20,20,20,20,38,38,38,38,53,53,53],"current_hp_per_floor":[69,69,69,64,59,52,52,52,52,30,51,37,25,15,36,41,70,65,38,38,22,22,22,43,48,48,27,49,49,49,49,49,74,75,75,75,65,70,70,70,70,70,70,70,70,70,72,70,70,75,80,80,80,80,17],"gold":79,"neow_bonus":"THREE_RARE_CARDS","is_prod":false,"is_daily":false,"chose_seed":false,"campfire_upgraded":5,"win_rate":0,"timestamp":1557416622,"path_taken":["M","$","?","M","?","E","R","?","T","E","R","E","?","M","R","BOSS","M","?","$","?","?","E","R","E","T","E","R","E","?","M","R","BOSS","M","?","?","$","M","?","E","R","T","E","?","R","M","E","R","BOSS","R","$","E","BOSS"],"build_version":"2019-05-07","purchased_purges":3,"victory":true,"max_hp_per_floor":[70,70,70,70,70,70,70,70,70,70,70,70,70,70,70,70,70,70,70,70,70,70,70,70,75,75,75,75,75,75,75,75,75,75,75,75,75,80,80,80,80,80,80,80,80,80,80,80,80,80,80,80,80,80,80],"card_choices":[{"not_picked":["Envenom","Phantasmal Killer"],"picked":"Malaise","floor":0},{"not_picked":["Backflip","Slice"],"picked":"Poisoned Stab","floor":1},{"not_picked":["Bane","Catalyst"],"picked":"Heel Hook","floor":4},{"not_picked":["Outmaneuver","Blade Dance"],"picked":"Prepared","floor":5},{"not_picked":["After Image","Acrobatics"],"picked":"Tools of the Trade","floor":6},{"not_picked":["Bane","Poisoned Stab"],"picked":"Tactician","floor":10},{"not_picked":["Bullet Time","Choke","Prepared"],"picked":"SKIP","floor":12},{"not_picked":["Concentrate","Masterful Stab"],"picked":"Underhanded Strike","floor":14},{"not_picked":["Glass Knife","Envenom"],"picked":"Adrenaline","floor":16},{"not_picked":["Backflip","Bouncing Flask+1"],"picked":"Well Laid Plans+1","floor":18},{"not_picked":["Backstab+1","Accuracy"],"picked":"Backflip+1","floor":19},{"not_picked":["Deadly Poison","Backstab"],"picked":"Bouncing Flask+1","floor":23},{"not_picked":["Bane","Caltrops+1"],"picked":"Footwork+1","floor":25},{"not_picked":["PiercingWail+1","Blade Dance+1"],"picked":"Escape Plan+1","floor":27},{"not_picked":["All Out Attack","Night Terror+1"],"picked":"Blade Dance+1","floor":29},{"not_picked":["Riddle With Holes","Poisoned Stab"],"picked":"Leg Sweep+1","floor":31},{"not_picked":["Phantasmal Killer+1","Night Terror+1"],"picked":"Envenom","floor":33},{"not_picked":["Quick Slash","Flying Knee"],"picked":"Cloak And Dagger+1","floor":35},{"not_picked":["Dramatic Entrance","Purity+1"],"picked":"Impatience+1","floor":37},{"not_picked":["Swift Strike","Bandage Up+1"],"picked":"Impatience+1","floor":37},{"not_picked":["Mind Blast","PanicButton+1"],"picked":"Transmutation+1","floor":37},{"not_picked":["Slice","Eviscerate+1"],"picked":"Flying Knee+1","floor":39},{"not_picked":["Bane","Setup+1"],"picked":"Cloak And Dagger+1","floor":41},{"not_picked":["Dodge and Roll+1","Heel Hook+1"],"picked":"Cloak And Dagger+1","floor":44},{"not_picked":["Cloak And Dagger+1","Blur+1"],"picked":"Reflex+1","floor":47},{"not_picked":["Reflex+1","Masterful Stab"],"picked":"Cloak And Dagger+1","floor":48},{"not_picked":["Dagger Spray+1","Deadly Poison+1"],"picked":"Reflex+1","floor":54}],"player_experience":5693204,"relics_obtained":[{"floor":6,"key":"Old Coin"},{"floor":9,"key":"Pantograph"},{"floor":10,"key":"Juzu Bracelet"},{"floor":12,"key":"Shuriken"},{"floor":19,"key":"Red Mask"},{"floor":21,"key":"Nilry\u0027s Codex"},{"floor":23,"key":"Toxic Egg 2"},{"floor":25,"key":"Happy Flower"},{"floor":27,"key":"Orichalcum"},{"floor":29,"key":"War Paint"},{"floor":41,"key":"Vajra"},{"floor":43,"key":"Singing Bowl"},{"floor":44,"key":"Blood Vial"},{"floor":48,"key":"Anchor"},{"floor":54,"key":"Snake Skull"}],"event_choices":[{"damage_healed":0,"gold_gain":0,"player_choice":"Rummage","damage_taken":0,"relics_obtained":["WarpedTongs"],"max_hp_gain":0,"max_hp_loss":0,"event_name":"Accursed Blacksmith","floor":3,"gold_loss":0,"cards_obtained":["Pain"]},{"damage_healed":0,"gold_gain":175,"player_choice":"AGREE","damage_taken":0,"max_hp_gain":0,"max_hp_loss":0,"event_name":"Liars Game","floor":8,"gold_loss":0,"cards_obtained":["Doubt"]},{"damage_healed":0,"gold_gain":0,"player_choice":"Success","damage_taken":12,"relics_obtained":["Bag of Preparation"],"max_hp_gain":0,"max_hp_loss":0,"event_name":"Scrap Ooze","floor":13,"gold_loss":0},{"damage_healed":0,"gold_gain":0,"player_choice":"Fought Bandits","damage_taken":0,"max_hp_gain":0,"max_hp_loss":0,"event_name":"Masked Bandits","floor":19,"gold_loss":0},{"damage_healed":0,"gold_gain":0,"player_choice":"Obtained Book","damage_taken":16,"max_hp_gain":0,"max_hp_loss":0,"event_name":"Cursed Tome","floor":21,"gold_loss":0},{"damage_healed":0,"gold_gain":0,"cards_transformed":["Strike_G","Strike_G"],"player_choice":"Became Test Subject","damage_taken":0,"max_hp_gain":0,"max_hp_loss":0,"event_name":"Drug Dealer","floor":22,"gold_loss":0,"cards_obtained":["Slice","Masterful Stab"]},{"cards_removed":["Doubt"],"damage_healed":0,"gold_gain":0,"player_choice":"Gave Gold","damage_taken":0,"max_hp_gain":0,"max_hp_loss":0,"event_name":"Beggar","floor":30,"gold_loss":75},{"damage_healed":0,"gold_gain":0,"player_choice":"Copied","damage_taken":0,"max_hp_gain":0,"max_hp_loss":0,"event_name":"Duplicator","floor":36,"gold_loss":0,"cards_obtained":["Adrenaline"]},{"damage_healed":0,"gold_gain":0,"player_choice":"Memory 3","damage_taken":10,"max_hp_gain":0,"max_hp_loss":0,"event_name":"SensoryStone","floor":37,"gold_loss":0},{"cards_removed":["Slice"],"damage_healed":0,"gold_gain":0,"player_choice":"Removed Attack","damage_taken":0,"max_hp_gain":0,"max_hp_loss":0,"event_name":"Falling","floor":40,"gold_loss":0},{"damage_healed":0,"gold_gain":275,"player_choice":"Desecrate","damage_taken":0,"max_hp_gain":0,"max_hp_loss":0,"event_name":"Golden Shrine","floor":45,"gold_loss":0,"cards_obtained":["Regret"]}],"is_beta":true,"boss_relics":[{"not_picked":["Snecko Eye","Orrery"],"picked":"Philosopher\u0027s Stone"},{"not_picked":["Tiny House","Ring of the Serpent"],"picked":"Astrolabe"}],"items_purged_floors":[2,20,38],"is_endless":false,"potions_floor_spawned":[4,5,6,23,25,27,31,35,39,47],"ascension_level":1}