{"gold_per_floor":[117,117,136,136,214,255,255,289,289,289,289,308,332,376,376,507,507,527,626,646,646,662,662,705,724,747,747,782,803,839,854,854,983,983,1002,1002,1335,1351,1351,1384,1400,1400,1400,1400,1430,1430,1463,480,480,480,480,480,43,76,76],"floor_reached":56,"playtime":4360,"items_purged":["Strike_B"],"score":1728,"play_id":"285f9fa4-222f-4c72-9941-66926ceba06b","local_time":"20190424154957","is_ascension_mode":true,"campfire_choices":[{"floor":11,"key":"REST"},{"data":"Creative AI","floor":15,"key":"SMITH"},{"data":"Machine Learning","floor":23,"key":"SMITH"},{"data":"Defragment","floor":32,"key":"SMITH"},{"floor":42,"key":"RECALL"},{"data":"Coolheaded","floor":44,"key":"SMITH"},{"data":"Rainbow","floor":46,"key":"SMITH"},{"data":"Defragment","floor":49,"key":"SMITH"},{"data":"Coolheaded","floor":52,"key":"SMITH"}],"neow_cost":"TEN_PERCENT_HP_LOSS","seed_source_timestamp":3787185503438529,"circlet_count":0,"master_deck":["Strike_B+1","Defend_B","Defend_B","Defend_B","Zap+1","Dualcast","Coolheaded+1","Streamline","Machine Learning+1","Coolheaded+1","Steam","Barrage","Creative AI+1","Core Surge","Compile Driver","Sweeping Beam+1","Ghostly","Ghostly","Ghostly","Ghostly","Ghostly","Cold Snap","Undo","Glacier","Defragment+1","FTL","Undo","Hologram","Rainbow+1","Conserve Battery+1","Stack+1","White Noise","Go for the Eyes+1","Coolheaded+1","Defragment+1","Discovery+1","Transmutation+1","Ghostly+1","Reinforced Body+1","Panacea+1"],"relics":["Cracked Core","Dodecahedron","Thread and Needle","Pear","Philosopher\u0027s Stone","Bag of Marbles","Boot","Bottled Lightning","Gambling Chip","Black Star","Kunai","PreservedInsect","Toxic Egg 2","Ginger","Bag of Preparation","Orichalcum","Ornamental Fan","Calipers","Chemical X","DollysMirror","Blue Candle","Happy Flower"],"potions_floor_usage":[28,47,55,55],"damage_taken":[{"damage":3,"enemies":"Small Slimes","floor":1,"turns":3},{"damage":0,"enemies":"2 Louse","floor":3,"turns":2},{"damage":33,"enemies":"3 Sentries","floor":6,"turns":11},{"damage":16,"enemies":"Gremlin Nob","floor":8,"turns":4},{"damage":0,"enemies":"Cultist","floor":12,"turns":3},{"damage":0,"enemies":"3 Louse","floor":13,"turns":3},{"damage":2,"enemies":"3 Sentries","floor":14,"turns":7},{"damage":0,"enemies":"Slime Boss","floor":16,"turns":9},{"damage":0,"enemies":"Spheric Guardian","floor":18,"turns":4},{"damage":0,"enemies":"Shell Parasite","floor":20,"turns":5},{"damage":0,"enemies":"Shelled Parasite and Fungi","floor":22,"turns":7},{"damage":0,"enemies":"Gremlin Leader","floor":24,"turns":8},{"damage":0,"enemies":"Snake Plant","floor":25,"turns":5},{"damage":2,"enemies":"Slavers","floor":28,"turns":7},{"damage":0,"enemies":"Centurion and Healer","floor":29,"turns":7},{"damage":0,"enemies":"Book of Stabbing","floor":30,"turns":7},{"damage":0,"enemies":"Snecko","floor":31,"turns":8},{"damage":0,"enemies":"Collector","floor":33,"turns":12},{"damage":0,"enemies":"3 Shapes","floor":35,"turns":5},{"damage":0,"enemies":"Orb Walker","floor":38,"turns":4},{"damage":0,"enemies":"Nemesis","floor":40,"turns":7},{"damage":0,"enemies":"Writhing Mass","floor":41,"turns":9},{"damage":0,"enemies":"Giant Head","floor":45,"turns":10},{"damage":0,"enemies":"Nemesis","floor":47,"turns":9},{"damage":0,"enemies":"Donu and Deca","floor":50,"turns":13},{"damage":0,"enemies":"Shield and Spear","floor":54,"turns":8},{"damage":0,"enemies":"The Heart","floor":55,"turns":9}],"seed_played":"-5324809089771420101","potions_obtained":[{"floor":6,"key":"SkillPotion"},{"floor":12,"key":"GamblersBrew"},{"floor":13,"key":"LiquidBronze"},{"floor":16,"key":"Weak Potion"},{"floor":28,"key":"Swift Potion"}],"is_trial":false,"path_per_floor":["M","?","M","?","?","E","?","E","T","?","R","M","M","E","R","B",null,"M","?","M","?","M","R","E","M","T","?","E","M","E","M","R","B",null,"M","?","?","M","?","E","M","R","T","R","E","R","E","$","R","B",null,"R","$","E","B",null],"character_chosen":"DEFECT","items_purchased":["Calipers","Defragment","Chemical X","Discovery+1","Block Potion","Transmutation+1","DollysMirror","Reinforced Body+1","Panacea+1","FocusPotion"],"campfire_rested":1,"item_purchase_floors":[48,48,48,48,48,48,53,53,53,53],"current_hp_per_floor":[65,51,51,51,51,18,33,17,17,17,35,35,35,43,43,43,70,70,70,70,35,35,35,35,35,35,35,33,33,33,33,33,33,35,35,33,33,33,33,33,33,33,33,33,33,33,33,33,33,33,33,33,33,33,33],"gold":76,"neow_bonus":"REMOVE_TWO","is_prod":false,"is_daily":false,"chose_seed":false,"campfire_upgraded":7,"win_rate":0,"timestamp":1556135397,"path_taken":["M","?","M","?","?","E","?","E","T","?","R","M","M","E","R","BOSS","M","?","M","?","M","R","E","M","T","?","E","M","E","?","R","BOSS","M","?","?","M","?","E","M","R","T","R","E","R","E","$","R","BOSS","R","$","E","BOSS"],"build_version":"2019-04-23","purchased_purges":1,"victory":true,"max_hp_per_floor":[68,68,68,63,63,63,63,63,63,60,60,60,60,70,70,70,70,70,70,70,35,35,35,35,35,35,35,35,35,35,35,35,35,35,35,33,33,33,33,33,33,33,33,33,33,33,33,33,33,33,33,33,33,33,33],"card_choices":[{"not_picked":["Recycle","Turbo"],"picked":"Coolheaded","floor":1},{"not_picked":["Steam","Conserve Battery"],"picked":"Streamline","floor":3},{"not_picked":["Chill","Heatsinks"],"picked":"Machine Learning","floor":6},{"not_picked":["Streamline","Amplify"],"picked":"Coolheaded","floor":8},{"not_picked":["Heatsinks","Rebound"],"picked":"Steam","floor":12},{"not_picked":["Lockon","Streamline"],"picked":"Barrage","floor":13},{"not_picked":["Turbo","Conserve Battery"],"picked":"Creative AI","floor":14},{"not_picked":["Thunder Strike","Creative AI"],"picked":"Core Surge","floor":16},{"not_picked":["Tempest","Darkness+1"],"picked":"Compile Driver","floor":18},{"not_picked":["Turbo","Rebound"],"picked":"Sweeping Beam+1","floor":20},{"not_picked":["Sweeping Beam","Redo"],"picked":"Cold Snap","floor":22},{"not_picked":["Rebound","Recycle"],"picked":"Undo","floor":24},{"not_picked":["Rebound","Barrage+1"],"picked":"Glacier","floor":25},{"not_picked":["Steam","Genetic Algorithm"],"picked":"Defragment","floor":28},{"not_picked":["Streamline+1","Compile Driver"],"picked":"FTL","floor":29},{"not_picked":["Scrape+1","Static Discharge+1"],"picked":"Undo","floor":30},{"not_picked":["Cold Snap","Coolheaded"],"picked":"Hologram","floor":31},{"not_picked":["Multi-Cast","Meteor Strike"],"picked":"Rainbow","floor":33},{"not_picked":["Steam","Ball Lightning+1"],"picked":"Conserve Battery+1","floor":35},{"not_picked":["Turbo+1","Beam Cell"],"picked":"Stack+1","floor":38},{"not_picked":["Turbo","Thunder Strike"],"picked":"White Noise","floor":40},{"not_picked":["Undo+1","Leap"],"picked":"Go for the Eyes+1","floor":41},{"not_picked":["Doom and Gloom","Turbo+1","Beam Cell"],"picked":"SKIP","floor":45},{"not_picked":["Conserve Battery+1","Force Field+1"],"picked":"Coolheaded+1","floor":47},{"not_picked":["Steam+1","Barrage+1","Sweeping Beam+1"],"picked":"SKIP","floor":54}],"player_experience":5476035,"relics_obtained":[{"floor":6,"key":"Dodecahedron"},{"floor":8,"key":"Thread and Needle"},{"floor":14,"key":"Pear"},{"floor":24,"key":"Bag of Marbles"},{"floor":26,"key":"Boot"},{"floor":28,"key":"Bottled Lightning"},{"floor":30,"key":"Gambling Chip"},{"floor":40,"key":"Kunai"},{"floor":40,"key":"PreservedInsect"},{"floor":43,"key":"Toxic Egg 2"},{"floor":45,"key":"Ginger"},{"floor":45,"key":"Bag of Preparation"},{"floor":47,"key":"Orichalcum"},{"floor":47,"key":"Ornamental Fan"},{"floor":54,"key":"Blue Candle"},{"floor":54,"key":"Happy Flower"}],"event_choices":[{"damage_healed":0,"gold_gain":0,"player_choice":"Entered Light","damage_taken":14,"max_hp_gain":0,"max_hp_loss":0,"event_name":"Shining Light","floor":2,"gold_loss":0,"cards_upgraded":["Zap","Strike_B"]},{"damage_healed":0,"gold_gain":0,"player_choice":"Lose Max HP","damage_taken":0,"relics_obtained":["Golden Idol"],"max_hp_gain":0,"max_hp_loss":5,"event_name":"Golden Idol","floor":4,"gold_loss":0},{"damage_healed":0,"gold_gain":78,"player_choice":"Gained Gold","damage_taken":0,"max_hp_gain":0,"max_hp_loss":0,"event_name":"Golden Wing","floor":5,"gold_loss":0},{"damage_healed":15,"gold_gain":0,"player_choice":"Healed and dodged fight","damage_taken":0,"max_hp_gain":0,"max_hp_loss":0,"event_name":"Mushrooms","floor":7,"gold_loss":0,"cards_obtained":["Parasite"]},{"cards_removed":["Parasite"],"damage_healed":0,"gold_gain":0,"player_choice":"Forget","damage_taken":0,"max_hp_gain":0,"max_hp_loss":0,"event_name":"Living Wall","floor":10,"gold_loss":0},{"damage_healed":0,"gold_gain":99,"player_choice":"Stole From Cult","damage_taken":0,"max_hp_gain":0,"max_hp_loss":0,"event_name":"Nest","floor":19,"gold_loss":0},{"damage_healed":0,"gold_gain":0,"player_choice":"Became a Ghost","damage_taken":0,"max_hp_gain":0,"max_hp_loss":35,"event_name":"Ghosts","floor":21,"gold_loss":0,"cards_obtained":["Ghostly","Ghostly","Ghostly","Ghostly","Ghostly"]},{"damage_healed":0,"gold_gain":0,"player_choice":"Ignored","damage_taken":0,"max_hp_gain":0,"max_hp_loss":0,"event_name":"NoteForYourself","floor":27,"gold_loss":0},{"damage_healed":0,"gold_gain":0,"player_choice":"Max HP","damage_taken":0,"max_hp_gain":0,"max_hp_loss":2,"event_name":"Winding Halls","floor":36,"gold_loss":0},{"damage_healed":0,"gold_gain":333,"player_choice":"Gave Idol","damage_taken":0,"max_hp_gain":0,"max_hp_loss":0,"event_name":"The Moai Head","floor":37,"relics_lost":["Golden Idol"],"gold_loss":0},{"cards_removed":["Strike_B"],"damage_healed":0,"gold_gain":0,"player_choice":"Offered Basic","damage_taken":0,"max_hp_gain":0,"max_hp_loss":0,"event_name":"Bonfire Elementals","floor":39,"gold_loss":0}],"is_beta":true,"boss_relics":[{"not_picked":["Busted Crown","Snecko Eye"],"picked":"Philosopher\u0027s Stone"},{"not_picked":["Calling Bell","Tiny House"],"picked":"Black Star"}],"items_purged_floors":[48],"is_endless":false,"potions_floor_spawned":[6,12,13,14,16,22,24,28,31,33,41,45,54],"ascension_level":1}