{"gold_per_floor":[114,167,177,177,193,193,193,206,206,218,237,255,290,310,310,410,410,422,422,436,209,209,209,209,209,234,251,17,52,78,92,92,192,242,258,276,276,292,304,304,330,345,371,371,387,387,399,425,425,425],"floor_reached":51,"playtime":2370,"items_purged":[],"score":1185,"play_id":"599c6a57-39df-496f-8008-09c2f9904a74","local_time":"20190311231138","is_ascension_mode":true,"campfire_choices":[{"data":"Buffer","floor":6,"key":"SMITH"},{"data":"Hyperbeam","floor":15,"key":"SMITH"},{"data":"Reboot","floor":23,"key":"SMITH"},{"data":"Zap","floor":25,"key":"SMITH"},{"data":"Echo Form","floor":32,"key":"SMITH"},{"floor":40,"key":"RECALL"},{"data":"Defragment","floor":49,"key":"SMITH"}],"neow_cost":"NONE","seed_source_timestamp":2192759472277094,"circlet_count":0,"master_deck":["Strike_B","Strike_B","Defend_B","Defend_B","Defend_B","Zap+1","Conserve Battery","Self Repair+1","Buffer+1","Leap","BootSequence","Beam Cell","Sweeping Beam","Hyperbeam+1","Go for the Eyes","Reboot+1","Storm+1","Storm+1","Scrape+1","Beam Cell+1","Capacitor","Echo Form+1","Defragment+1","Hologram+1","Loop+1","Machine Learning","Static Discharge+1","Reboot","Fusion+1","Buffer","Go for the Eyes+1","Reboot","Master of Strategy","Hologram+1"],"relics":["Coffee Dripper","Tiny Chest","FossilizedHelix","Potion Belt","Astrolabe","Symbiotic Virus","Omamori","Nilry\u0027s Codex","Unceasing Top","PreservedInsect","Anchor","Shuriken","Happy Flower","Tiny House","Torii","Art of War","Dream Catcher"],"potions_floor_usage":[11,13,13,50,50,50,50,50,50,50],"damage_taken":[{"damage":0,"enemies":"Cultist","floor":1,"turns":3},{"damage":2,"enemies":"2 Louse","floor":3,"turns":3},{"damage":1,"enemies":"Small Slimes","floor":5,"turns":4},{"damage":0,"enemies":"Red Slaver","floor":8,"turns":5},{"damage":0,"enemies":"2 Fungi Beasts","floor":10,"turns":6},{"damage":0,"enemies":"3 Louse","floor":11,"turns":2},{"damage":0,"enemies":"Blue Slaver","floor":12,"turns":5},{"damage":0,"enemies":"Lagavulin","floor":13,"turns":6},{"damage":1,"enemies":"Looter","floor":14,"turns":4},{"damage":0,"enemies":"Slime Boss","floor":16,"turns":8},{"damage":2,"enemies":"Shell Parasite","floor":18,"turns":5},{"damage":0,"enemies":"Spheric Guardian","floor":20,"turns":3},{"damage":0,"enemies":"Snake Plant","floor":27,"turns":2},{"damage":15,"enemies":"Book of Stabbing","floor":29,"turns":4},{"damage":0,"enemies":"3 Cultists","floor":31,"turns":4},{"damage":37,"enemies":"Automaton","floor":33,"turns":7},{"damage":18,"enemies":"3 Darklings","floor":35,"turns":3},{"damage":0,"enemies":"Orb Walker","floor":36,"turns":3},{"damage":0,"enemies":"Jaw Worm Horde","floor":38,"turns":4},{"damage":0,"enemies":"Maw","floor":39,"turns":5},{"damage":20,"enemies":"Reptomancer","floor":41,"turns":4},{"damage":0,"enemies":"Transient","floor":42,"turns":5},{"damage":0,"enemies":"Spire Growth","floor":45,"turns":4},{"damage":36,"enemies":"4 Shapes","floor":47,"turns":4},{"damage":0,"enemies":"Giant Head","floor":48,"turns":5},{"damage":41,"enemies":"Donu and Deca","floor":50,"turns":7}],"seed_played":"-2252165692593282434","potions_obtained":[{"floor":3,"key":"Explosive Potion"},{"floor":5,"key":"Regen Potion"},{"floor":10,"key":"Energy Potion"},{"floor":12,"key":"SteroidPotion"},{"floor":18,"key":"Swift Potion"},{"floor":20,"key":"LiquidBronze"},{"floor":34,"key":"Ancient Potion"},{"floor":36,"key":"Dexterity Potion"},{"floor":38,"key":"Poison Potion"},{"floor":39,"key":"EntropicBrew"}],"is_trial":false,"path_per_floor":["M","T","M","?","M","R","?","M","T","M","M","M","E","M","R","B",null,"M","T","M","$","?","R","?","R","T","M","$","E","T","M","R","B",null,"M","M","?","M","M","R","E","M","T","?","M","?","M","E","R","B",null],"character_chosen":"DEFECT","items_purchased":["Omamori","Capacitor","Anchor","Defragment"],"campfire_rested":0,"item_purchase_floors":[21,21,28,28],"current_hp_per_floor":[68,68,66,66,75,75,75,75,75,75,75,75,75,75,75,75,75,75,75,75,75,59,59,59,59,59,69,69,64,64,74,74,47,73,65,75,75,80,80,80,60,70,70,70,80,80,54,64,64,48],"gold":425,"neow_bonus":"BOSS_RELIC","is_prod":false,"is_daily":false,"chose_seed":false,"campfire_upgraded":6,"win_rate":0,"timestamp":1552356698,"path_taken":["M","?","M","?","M","R","?","M","T","M","M","M","E","M","R","BOSS","M","?","M","$","?","R","?","R","T","M","?","E","?","?","R","BOSS","M","M","?","M","?","R","E","M","T","?","M","?","M","E","R","BOSS"],"build_version":"2019-01-23","purchased_purges":0,"victory":true,"max_hp_per_floor":[75,75,75,75,75,75,75,75,75,75,75,75,75,75,75,75,75,75,75,75,75,75,75,75,75,75,75,75,75,75,75,75,75,80,80,80,80,80,80,80,80,80,80,80,80,80,80,80,80,80],"card_choices":[{"not_picked":["Stack","Rebound"],"picked":"Conserve Battery","floor":1},{"not_picked":["Skim","Coolheaded"],"picked":"Self Repair","floor":3},{"not_picked":["FTL","BootSequence"],"picked":"Buffer","floor":5},{"not_picked":["Lockon","Gash"],"picked":"BootSequence","floor":8},{"not_picked":["Leap","Hologram"],"picked":"Beam Cell","floor":10},{"not_picked":["Turbo","Cold Snap"],"picked":"Tempest","floor":11},{"not_picked":["Conserve Battery","Turbo"],"picked":"Sweeping Beam","floor":12},{"not_picked":["Hologram","Redo"],"picked":"Hyperbeam","floor":13},{"not_picked":["Steam Power","Compile Driver"],"picked":"Go for the Eyes","floor":14},{"not_picked":["Biased Cognition","All For One"],"picked":"Reboot","floor":16},{"not_picked":["Coolheaded","Cold Snap"],"picked":"Beam Cell","floor":18},{"not_picked":["Chill+1","Compile Driver","Gash"],"picked":"SKIP","floor":20},{"not_picked":["Recycle","Compile Driver+1"],"picked":"Echo Form","floor":27},{"not_picked":["Genetic Algorithm","Static Discharge"],"picked":"Hologram+1","floor":29},{"not_picked":["Barrage","Skim"],"picked":"Loop+1","floor":31},{"not_picked":["Core Surge","Multi-Cast"],"picked":"Machine Learning","floor":33},{"not_picked":["Barrage+1","Streamline+1"],"picked":"Static Discharge+1","floor":35},{"not_picked":["Conserve Battery+1","Fusion"],"picked":"Reboot","floor":36},{"not_picked":["Undo","Ball Lightning+1"],"picked":"Fusion+1","floor":38},{"not_picked":["Beam Cell+1","Glacier+1","Heatsinks"],"picked":"SKIP","floor":39},{"not_picked":["Streamline","Turbo+1"],"picked":"Buffer","floor":41},{"not_picked":["Steam","Rip and Tear"],"picked":"Go for the Eyes+1","floor":42},{"not_picked":["Streamline","Go for the Eyes+1"],"picked":"Reboot","floor":45},{"not_picked":["Good Instincts","Deep Breath"],"picked":"Master of Strategy","floor":46},{"not_picked":["Steam+1","Ball Lightning+1"],"picked":"Hologram+1","floor":47},{"not_picked":["Streamline+1","Reprogram+1","Rebound"],"picked":"SKIP","floor":48}],"player_experience":909589,"relics_obtained":[{"floor":2,"key":"Tiny Chest"},{"floor":9,"key":"FossilizedHelix"},{"floor":13,"key":"Potion Belt"},{"floor":19,"key":"Symbiotic Virus"},{"floor":22,"key":"Nilry\u0027s Codex"},{"floor":26,"key":"PreservedInsect"},{"floor":29,"key":"Shuriken"},{"floor":30,"key":"Happy Flower"},{"floor":41,"key":"Torii"},{"floor":43,"key":"Art of War"},{"floor":48,"key":"Dream Catcher"}],"event_choices":[{"damage_healed":0,"gold_gain":0,"player_choice":"Grow","damage_taken":0,"max_hp_gain":0,"max_hp_loss":0,"event_name":"Living Wall","floor":4,"gold_loss":0,"cards_upgraded":["Self Repair"]},{"damage_healed":0,"gold_gain":0,"cards_transformed":["Dualcast"],"player_choice":"Transformed","damage_taken":0,"max_hp_gain":0,"max_hp_loss":0,"event_name":"Transmorgrifier","floor":7,"gold_loss":0,"cards_obtained":["Leap"]},{"damage_healed":0,"gold_gain":0,"player_choice":"Obtained Book","damage_taken":16,"max_hp_gain":0,"max_hp_loss":0,"event_name":"Cursed Tome","floor":22,"gold_loss":0},{"damage_healed":0,"gold_gain":0,"player_choice":"Opened","damage_taken":0,"relics_obtained":["Unceasing Top"],"max_hp_gain":0,"max_hp_loss":0,"event_name":"The Mausoleum","floor":24,"gold_loss":0,"cards_obtained":["Writhe"]},{"damage_healed":0,"gold_gain":0,"player_choice":"Bought 0 Potions","damage_taken":0,"max_hp_gain":0,"max_hp_loss":0,"event_name":"The Woman in Blue","floor":37,"gold_loss":0},{"cards_removed":["Tempest"],"damage_healed":0,"gold_gain":0,"player_choice":"Removed Skill","damage_taken":0,"max_hp_gain":0,"max_hp_loss":0,"event_name":"Falling","floor":44,"gold_loss":0},{"damage_healed":0,"gold_gain":0,"player_choice":"Memory 1","damage_taken":0,"max_hp_gain":0,"max_hp_loss":0,"event_name":"SensoryStone","floor":46,"gold_loss":0}],"is_beta":false,"boss_relics":[{"not_picked":["Runic Pyramid","Cursed Key"],"picked":"Astrolabe"},{"not_picked":["Lizard Tail","Empty Cage"],"picked":"Tiny House"}],"items_purged_floors":[],"is_endless":false,"potions_floor_spawned":[3,5,10,12,18,20,36,38,39,45,48],"ascension_level":9}