{"gold_per_floor":[117,133,143,218,218,218,234,234,234,245,256,256,276,276],"floor_reached":14,"playtime":599,"items_purged":[],"score":134,"play_id":"01b83736-8aff-45d2-8925-1dcf991c34f8","local_time":"20190327174346","is_ascension_mode":true,"campfire_choices":[{"data":"Noxious Fumes","floor":6,"key":"SMITH"},{"floor":8,"key":"REST"}],"neow_cost":"TEN_PERCENT_HP_LOSS","seed_source_timestamp":582055180441846,"circlet_count":0,"master_deck":["AscendersBane","Defend_G","Defend_G","Defend_G","Defend_G","Defend_G","Strike_G","Strike_G","Strike_G","Strike_G","Strike_G","Survivor","Neutralize","Poisoned Stab","Cloak And Dagger+1","Noxious Fumes+1","Cloak And Dagger","Dagger Spray"],"relics":["Ring of the Snake","StoneCalendar","CultistMask","Matryoshka"],"potions_floor_usage":[14,14],"damage_taken":[{"damage":6,"enemies":"Cultist","floor":1,"turns":4},{"damage":0,"enemies":"Small Slimes","floor":2,"turns":3},{"damage":0,"enemies":"2 Louse","floor":3,"turns":2},{"damage":17,"enemies":"Exordium Thugs","floor":7,"turns":5},{"damage":0,"enemies":"2 Fungi Beasts","floor":10,"turns":4},{"damage":26,"enemies":"Exordium Wildlife","floor":11,"turns":5},{"damage":13,"enemies":"Exordium Thugs","floor":13,"turns":4},{"damage":10,"enemies":"Lagavulin","floor":14,"turns":3}],"seed_played":"-8644574943077484750","potions_obtained":[{"floor":7,"key":"PowerPotion"},{"floor":10,"key":"Dexterity Potion"}],"is_trial":false,"path_per_floor":["M","M","M","?","?","R","M","R","T","M","M","?","M","E"],"character_chosen":"THE_SILENT","items_purchased":[],"campfire_rested":1,"item_purchase_floors":[],"current_hp_per_floor":[57,57,57,46,46,46,29,47,47,47,21,21,8,0],"gold":276,"neow_bonus":"ONE_RARE_RELIC","is_prod":false,"is_daily":false,"chose_seed":false,"campfire_upgraded":1,"win_rate":0,"timestamp":1553719426,"path_taken":["M","M","?","?","?","R","M","R","T","?","M","?","M","E"],"build_version":"2019-01-23","purchased_purges":0,"victory":false,"max_hp_per_floor":[63,63,63,63,63,63,63,63,63,63,63,63,63,63],"card_choices":[{"not_picked":["Bane","Sucker Punch"],"picked":"Poisoned Stab","floor":1},{"not_picked":["Skewer","Blade Dance"],"picked":"Cloak And Dagger","floor":2},{"not_picked":["Deadly Poison","PiercingWail"],"picked":"Noxious Fumes","floor":3},{"not_picked":["Quick Slash","Phantasmal Killer"],"picked":"Cloak And Dagger","floor":7},{"not_picked":["Distraction","Reflex"],"picked":"Dagger Spray","floor":10},{"not_picked":["All Out Attack","Calculated Gamble","Eviscerate"],"picked":"SKIP","floor":11},{"not_picked":["Backstab","Choke","Flying Knee"],"picked":"SKIP","floor":13}],"player_experience":996449,"relics_obtained":[{"floor":9,"key":"Matryoshka"}],"event_choices":[{"damage_healed":0,"gold_gain":75,"player_choice":"Gather Gold","damage_taken":11,"max_hp_gain":0,"max_hp_loss":0,"event_name":"World of Goop","floor":4,"gold_loss":0},{"damage_healed":0,"gold_gain":0,"player_choice":"Trade","damage_taken":0,"relics_obtained":["CultistMask"],"max_hp_gain":0,"max_hp_loss":0,"event_name":"FaceTrader","floor":5,"gold_loss":0},{"damage_healed":0,"gold_gain":0,"player_choice":"Grow","damage_taken":0,"max_hp_gain":0,"max_hp_loss":0,"event_name":"Living Wall","floor":12,"gold_loss":0,"cards_upgraded":["Cloak And Dagger"]}],"is_beta":false,"boss_relics":[],"items_purged_floors":[],"is_endless":false,"potions_floor_spawned":[7,10,11],"killed_by":"Lagavulin","ascension_level":12}