{"gold_per_floor":[113,288,13,30,4,4,33,33,33,49,83,97,111,130,130,232,232,249,266,282,20,20,38,38,38,64,95,95,111,111,77,77,182,182,196,196],"floor_reached":36,"playtime":1473,"items_purged":["Doubt"],"score":595,"play_id":"9e8d5fcf-7e8f-4570-bafc-0d5e49bdeea4","local_time":"20190503140401","is_ascension_mode":true,"campfire_choices":[{"data":"Body Slam","floor":8,"key":"SMITH"},{"data":"Feed","floor":15,"key":"SMITH"},{"floor":24,"key":"REST"},{"floor":28,"key":"REST"},{"floor":30,"key":"REST"},{"data":"Havoc","floor":32,"key":"SMITH"}],"neow_cost":"NONE","seed_source_timestamp":1810815273729900,"circlet_count":0,"master_deck":["Strike_R","Strike_R","Strike_R","Strike_R","Strike_R","Defend_R","Defend_R","Defend_R","Defend_R","Bash","Flex","Shrug It Off","Body Slam+1","Shrug It Off","Feed+1","Power Through","Spot Weakness","Inflame","Pommel Strike+1","Twin Strike+1","Havoc+1","Body Slam+1","Rampage+1","Seeing Red+1","Pommel Strike+1","Second Wind+1","Limit Break+1","Cleave+1"],"relics":["Burning Blood","NeowsBlessing","Chemical X","Orichalcum","Incense Burner","Molten Egg 2","Mark of Pain","Toxic Egg 2","Frozen Egg 2","Oddly Smooth Stone","Smiling Mask","Fusion Hammer"],"potions_floor_usage":[20,23,23,29,33],"damage_taken":[{"damage":0,"enemies":"2 Louse","floor":1,"turns":1},{"damage":0,"enemies":"Jaw Worm","floor":4,"turns":1},{"damage":0,"enemies":"3 Sentries","floor":7,"turns":1},{"damage":0,"enemies":"Cultist","floor":10,"turns":4},{"damage":28,"enemies":"Gremlin Nob","floor":11,"turns":5},{"damage":4,"enemies":"Large Slime","floor":12,"turns":6},{"damage":5,"enemies":"Gremlin Gang","floor":13,"turns":5},{"damage":6,"enemies":"3 Louse","floor":14,"turns":4},{"damage":24,"enemies":"The Guardian","floor":16,"turns":11},{"damage":8,"enemies":"2 Thieves","floor":18,"turns":4},{"damage":6,"enemies":"Chosen","floor":19,"turns":3},{"damage":47,"enemies":"Snecko","floor":20,"turns":9},{"damage":47,"enemies":"3 Cultists","floor":23,"turns":6},{"damage":44,"enemies":"Gremlin Leader","floor":27,"turns":7},{"damage":36,"enemies":"Snake Plant","floor":29,"turns":4},{"damage":82,"enemies":"Collector","floor":33,"turns":10},{"damage":38,"enemies":"3 Darklings","floor":35,"turns":5},{"damage":90,"enemies":"2 Orb Walkers","floor":36,"turns":6}],"seed_played":"-6192850018169904390","potions_obtained":[{"floor":10,"key":"BloodPotion"},{"floor":11,"key":"Regen Potion"},{"floor":16,"key":"Fire Potion"},{"floor":20,"key":"AttackPotion"},{"floor":27,"key":"Ancient Potion"},{"floor":29,"key":"EssenceOfSteel"}],"is_trial":false,"path_per_floor":["M","?","$","M","$","?","E","R","T","M","E","M","M","M","R","B",null,"M","M","M","$","?","M","R","?","T","E","R","M","R","$","R","B",null,"M","?"],"character_chosen":"IRONCLAD","items_purchased":["Chemical X","Body Slam","Toxic Egg 2","Second Wind+1"],"campfire_rested":3,"item_purchase_floors":[3,5,21,31],"current_hp_per_floor":[78,78,78,80,80,80,80,80,80,80,61,66,70,73,73,59,87,89,93,66,66,66,29,62,62,62,28,62,48,84,84,84,8,92,60,0],"gold":196,"neow_bonus":"THREE_ENEMY_KILL","is_prod":false,"is_daily":false,"chose_seed":false,"campfire_upgraded":3,"win_rate":0,"timestamp":1556906641,"path_taken":["M","?","$","M","$","?","E","R","T","M","E","M","M","M","R","BOSS","M","M","?","$","?","?","R","?","T","E","R","?","R","?","R","BOSS","M","?"],"build_version":"2019-01-23","purchased_purges":1,"victory":false,"max_hp_per_floor":[80,80,80,80,80,80,80,80,80,80,83,86,89,92,92,96,96,100,104,108,108,108,112,112,112,112,116,116,120,120,120,120,120,120,120,124],"card_choices":[{"not_picked":["Clash","Sword Boomerang"],"picked":"Flex","floor":1},{"not_picked":["Body Slam","True Grit"],"picked":"Shrug It Off","floor":4},{"not_picked":["Flex","True Grit"],"picked":"Shrug It Off","floor":7},{"not_picked":["Warcry","Heavy Blade"],"picked":"Feed","floor":10},{"not_picked":["Corruption","Clash"],"picked":"Power Through","floor":11},{"not_picked":["Clash+1","Havoc"],"picked":"Spot Weakness","floor":12},{"not_picked":["Flex","Wild Strike+1"],"picked":"Inflame","floor":13},{"not_picked":["Headbutt+1","Flex"],"picked":"Pommel Strike+1","floor":14},{"not_picked":["Berserk","Fiend Fire+1"],"picked":"Exhume","floor":16},{"not_picked":["Pommel Strike+1","Thunderclap+1"],"picked":"Twin Strike+1","floor":18},{"not_picked":["Anger+1","Uppercut+1"],"picked":"Havoc","floor":19},{"not_picked":["Barricade","Sentinel+1"],"picked":"Body Slam+1","floor":20},{"not_picked":["Battle Trance+1","Thunderclap+1"],"picked":"Rampage+1","floor":23},{"not_picked":["Cleave+1","Warcry+1"],"picked":"Seeing Red+1","floor":27},{"not_picked":["Hemokinesis+1","Havoc+1"],"picked":"Pommel Strike+1","floor":29},{"not_picked":["Impervious+1","Barricade+1"],"picked":"Limit Break+1","floor":33},{"not_picked":["Bloodletting+1","Pommel Strike+1"],"picked":"Cleave+1","floor":35}],"player_experience":140390,"relics_obtained":[{"floor":7,"key":"Orichalcum"},{"floor":9,"key":"Incense Burner"},{"floor":11,"key":"Molten Egg 2"},{"floor":26,"key":"Oddly Smooth Stone"},{"floor":27,"key":"Smiling Mask"}],"event_choices":[{"damage_healed":0,"gold_gain":175,"player_choice":"AGREE","damage_taken":0,"max_hp_gain":0,"max_hp_loss":0,"event_name":"Liars Game","floor":2,"gold_loss":0,"cards_obtained":["Doubt"]},{"damage_healed":0,"gold_gain":0,"player_choice":"0 cards matched","damage_taken":0,"max_hp_gain":0,"max_hp_loss":0,"event_name":"Match and Keep!","floor":6,"gold_loss":0,"cards_obtained":[]},{"damage_healed":0,"gold_gain":0,"player_choice":"Got Potions","damage_taken":0,"max_hp_gain":0,"max_hp_loss":0,"event_name":"Lab","floor":22,"gold_loss":0},{"cards_removed":["Exhume"],"damage_healed":0,"gold_gain":0,"player_choice":"Gave Card","damage_taken":0,"relics_obtained":["Frozen Egg 2"],"max_hp_gain":0,"max_hp_loss":0,"event_name":"WeMeetAgain","floor":25,"gold_loss":0},{"damage_healed":0,"gold_gain":0,"player_choice":"Fight","damage_taken":0,"max_hp_gain":0,"max_hp_loss":0,"event_name":"Mysterious Sphere","floor":36,"gold_loss":0}],"is_beta":false,"boss_relics":[{"not_picked":["Empty Cage","Runic Dome"],"picked":"Mark of Pain"},{"not_picked":["Busted Crown","Astrolabe"],"picked":"Fusion Hammer"}],"items_purged_floors":[3],"is_endless":false,"potions_floor_spawned":[10,11,16,20,27,29],"killed_by":"2 Orb Walkers","ascension_level":6}