{"gold_per_floor":[111,125,136,153,166,166,200,189,214,191,203],"floor_reached":11,"playtime":426,"items_purged":[],"score":129,"play_id":"c3213321-9d43-4a69-9b60-7312f88b52cc","local_time":"20190207013508","is_ascension_mode":true,"campfire_choices":[{"data":"Armaments","floor":6,"key":"SMITH"}],"neow_cost":"CURSE","seed_source_timestamp":113245957087589,"circlet_count":0,"master_deck":["Strike_R","Strike_R","Strike_R","Strike_R","Strike_R","Defend_R","Defend_R","Defend_R","Defend_R","Bash","Parasite","Armaments","Armaments+1","Rage","Clash","Flame Barrier","Spot Weakness"],"relics":["Burning Blood","Anchor","MawBank"],"potions_floor_usage":[7,7,8],"damage_taken":[{"damage":5,"enemies":"Small Slimes","floor":1,"turns":4},{"damage":1,"enemies":"2 Louse","floor":2,"turns":5},{"damage":7,"enemies":"Jaw Worm","floor":3,"turns":4},{"damage":13,"enemies":"Blue Slaver","floor":4,"turns":5},{"damage":36,"enemies":"Lots of Slimes","floor":5,"turns":8},{"damage":37,"enemies":"Lagavulin","floor":7,"turns":9},{"damage":6,"enemies":"Exordium Thugs","floor":8,"turns":4},{"damage":72,"enemies":"Gremlin Nob","floor":11,"turns":5}],"seed_played":"-7795866284343072618","potions_obtained":[{"floor":2,"key":"Poison Potion"},{"floor":4,"key":"Dexterity Potion"},{"floor":8,"key":"Fruit Juice"}],"is_trial":false,"path_per_floor":["M","M","M","M","M","R","E","M","T","?","E"],"character_chosen":"IRONCLAD","items_purchased":[],"campfire_rested":0,"item_purchase_floors":[],"current_hp_per_floor":[89,94,93,86,56,56,25,30,30,55,0],"gold":203,"neow_bonus":"TWENTY_PERCENT_HP_BONUS","is_prod":false,"is_daily":false,"chose_seed":false,"campfire_upgraded":1,"win_rate":0,"timestamp":1549514108,"path_taken":["M","M","M","M","M","R","E","M","T","?","E"],"build_version":"2019-01-23","purchased_purges":0,"victory":false,"max_hp_per_floor":[96,96,96,96,96,96,96,101,101,101,101],"card_choices":[{"not_picked":["Havoc","Fire Breathing"],"picked":"Armaments","floor":1},{"not_picked":["Corruption","Pommel Strike"],"picked":"Armaments","floor":2},{"not_picked":["Carnage","Flex"],"picked":"Rage","floor":3},{"not_picked":["Corruption","Dark Embrace"],"picked":"Clash","floor":4},{"not_picked":["Shrug It Off","Flex"],"picked":"Flame Barrier","floor":5},{"not_picked":["Infernal Blade","Entrench","Flex"],"picked":"SKIP","floor":7},{"not_picked":["Corruption","Warcry"],"picked":"Spot Weakness","floor":8}],"player_experience":732354,"relics_obtained":[{"floor":7,"key":"Anchor"},{"floor":9,"key":"MawBank"}],"event_choices":[{"damage_healed":25,"gold_gain":0,"player_choice":"Healed","damage_taken":0,"max_hp_gain":0,"max_hp_loss":0,"event_name":"The Cleric","floor":10,"gold_loss":35}],"is_beta":false,"boss_relics":[],"items_purged_floors":[],"is_endless":false,"potions_floor_spawned":[2,4,8],"killed_by":"Gremlin Nob","ascension_level":7}