{"gold_per_floor":[119,194,144,144,161,161,195,195,195,205,222,222,256,274,274,377,377,387,405,419,429,19,19,51,51,129,129,148,160,160,178,178,275,275,288,288,288,303,10,45,60,92,119,150,166,166,166],"floor_reached":47,"playtime":1770,"items_purged":["Strike_R","Strike_R"],"score":622,"play_id":"f93da3ee-1979-4041-a1cc-eea2b6a56147","local_time":"20190226140404","is_ascension_mode":false,"campfire_choices":[{"data":"Twin Strike","floor":6,"key":"SMITH"},{"data":"Whirlwind","floor":8,"key":"SMITH"},{"floor":12,"key":"REST"},{"data":"True Grit","floor":15,"key":"SMITH"},{"floor":23,"key":"RECALL"},{"floor":25,"key":"REST"},{"floor":30,"key":"REST"},{"floor":32,"key":"REST"},{"floor":46,"key":"REST"}],"neow_cost":"NONE","seed_source_timestamp":766456499351671,"circlet_count":0,"master_deck":["Defend_R","Defend_R","Defend_R","Defend_R","Bash+1","Sever Soul","Wild Strike","Twin Strike+1","Whirlwind+1","Evolve","True Grit+1","Offering","Uppercut","Shrug It Off","Master of Strategy","Hemokinesis+1","J.A.X.","Feel No Pain","Corruption","Ghostly Armor","Limit Break","Panacea","Havoc","Sword Boomerang+1","True Grit+1","Demon Form","True Grit+1"],"relics":["Burning Blood","Singing Bowl","Mercury Hourglass","Fusion Hammer","Anchor","Unceasing Top","Tiny Chest","Runic Pyramid","TheAbacus","Champion Belt","Dead Branch","Red Skull","Toxic Egg 2"],"potions_floor_usage":[16,24,24,33,33,41,42],"damage_taken":[{"damage":3,"enemies":"Small Slimes","floor":1,"turns":4},{"damage":0,"enemies":"Cultist","floor":5,"turns":2},{"damage":34,"enemies":"3 Sentries","floor":7,"turns":9},{"damage":0,"enemies":"2 Louse","floor":10,"turns":2},{"damage":20,"enemies":"Exordium Thugs","floor":11,"turns":4},{"damage":36,"enemies":"Lagavulin","floor":13,"turns":6},{"damage":5,"enemies":"3 Louse","floor":14,"turns":2},{"damage":36,"enemies":"The Guardian","floor":16,"turns":13},{"damage":7,"enemies":"Spheric Guardian","floor":18,"turns":3},{"damage":8,"enemies":"Shell Parasite","floor":19,"turns":4},{"damage":8,"enemies":"Centurion and Healer","floor":20,"turns":4},{"damage":7,"enemies":"Snecko","floor":21,"turns":4},{"damage":19,"enemies":"Book of Stabbing","floor":24,"turns":4},{"damage":11,"enemies":"Chosen and Byrds","floor":28,"turns":3},{"damage":17,"enemies":"Shelled Parasite and Fungi","floor":29,"turns":4},{"damage":2,"enemies":"Snake Plant","floor":31,"turns":2},{"damage":49,"enemies":"Automaton","floor":33,"turns":8},{"damage":5,"enemies":"3 Shapes","floor":35,"turns":4},{"damage":3,"enemies":"Orb Walker","floor":38,"turns":3},{"damage":44,"enemies":"Nemesis","floor":40,"turns":5},{"damage":11,"enemies":"Sphere and 2 Shapes","floor":41,"turns":6},{"damage":16,"enemies":"Giant Head","floor":42,"turns":7},{"damage":9,"enemies":"Reptomancer","floor":44,"turns":2},{"damage":9,"enemies":"Maw","floor":45,"turns":5},{"damage":0,"enemies":"Spire Growth","floor":47,"turns":1}],"seed_played":"2966000318180561141","potions_obtained":[{"floor":11,"key":"LiquidBronze"},{"floor":16,"key":"SneckoOil"},{"floor":18,"key":"Poison Potion"},{"floor":19,"key":"Poison Potion"},{"floor":31,"key":"PowerPotion"},{"floor":40,"key":"BloodPotion"},{"floor":41,"key":"BloodPotion"},{"floor":42,"key":"Regen Potion"},{"floor":44,"key":"Block Potion"}],"is_trial":false,"path_per_floor":["M","?","?","?","M","R","E","R","T","M","M","R","E","M","R","B",null,"M","M","M","M","$","R","E","R","T","?","M","M","R","M","R","B",null,"M","?","?","M","$","E","M","E","T","E","M","R","M"],"character_chosen":"IRONCLAD","items_purchased":["Master of Strategy","Anchor","TheAbacus"],"campfire_rested":5,"item_purchase_floors":[22,22,39],"current_hp_per_floor":[80,69,69,69,75,75,47,47,47,53,41,65,37,38,38,8,84,83,81,81,82,82,82,69,88,88,88,83,72,88,88,88,45,88,90,84,84,87,87,49,53,54,54,51,50,79,79],"gold":166,"neow_bonus":"TRANSFORM_CARD","is_prod":false,"is_daily":false,"chose_seed":false,"campfire_upgraded":3,"win_rate":0,"timestamp":1551189844,"path_taken":["M","?","?","?","M","R","E","R","T","M","M","R","E","M","R","BOSS","M","M","?","?","$","R","E","R","T","?","M","M","R","M","R","BOSS","M","?","?","?","$","E","M","E","T","E","M","R","M"],"build_version":"2019-02-06","purchased_purges":2,"victory":false,"max_hp_per_floor":[80,80,80,80,80,80,80,80,80,80,82,82,84,84,84,84,84,84,84,86,88,88,88,88,88,88,88,88,88,88,88,88,88,88,90,94,94,94,94,94,94,96,96,96,98,98,98],"card_choices":[{"not_picked":["Warcry","Heavy Blade"],"picked":"Wild Strike","floor":1},{"not_picked":["Sword Boomerang","Dual Wield"],"picked":"Twin Strike","floor":5},{"not_picked":["Infernal Blade","Dual Wield"],"picked":"Whirlwind","floor":7},{"not_picked":["Iron Wave","Sword Boomerang"],"picked":"Evolve","floor":10},{"not_picked":["Havoc","Dual Wield","Cleave"],"picked":"Singing Bowl","floor":11},{"not_picked":["Infernal Blade","Berserk","Perfected Strike"],"picked":"Singing Bowl","floor":13},{"not_picked":["Sever Soul","Perfected Strike"],"picked":"True Grit","floor":14},{"not_picked":["Berserk","Double Tap"],"picked":"Offering","floor":16},{"not_picked":["Havoc","Armaments"],"picked":"Uppercut","floor":18},{"not_picked":["Cleave+1","Pummel"],"picked":"Shrug It Off","floor":19},{"not_picked":["Sever Soul","Bludgeon","Armaments"],"picked":"Singing Bowl","floor":20},{"not_picked":["Body Slam","Havoc","Iron Wave"],"picked":"Singing Bowl","floor":21},{"not_picked":["Iron Wave","Twin Strike"],"picked":"Hemokinesis+1","floor":24},{"not_picked":["Fire Breathing+1","Evolve"],"picked":"Feel No Pain","floor":28},{"not_picked":["Clash","Sword Boomerang"],"picked":"Corruption","floor":29},{"not_picked":["Pommel Strike","Whirlwind+1"],"picked":"Ghostly Armor","floor":31},{"not_picked":["Immolate","Bludgeon"],"picked":"Limit Break","floor":33},{"not_picked":["Anger+1","Hemokinesis+1","Carnage"],"picked":"Singing Bowl","floor":35},{"not_picked":["Dramatic Entrance","Finesse"],"picked":"Panacea","floor":36},{"not_picked":["Deep Breath","Secret Technique","Metamorphosis"],"picked":"Singing Bowl","floor":36},{"not_picked":["Dark Shackles","Magnetism","Impatience"],"picked":"Singing Bowl","floor":36},{"not_picked":["Thunderclap+1","Headbutt+1"],"picked":"Sword Boomerang+1","floor":38},{"not_picked":["Cleave","Rage"],"picked":"True Grit+1","floor":40},{"not_picked":["Iron Wave+1","Thunderclap"],"picked":"Demon Form","floor":41},{"not_picked":["Heavy Blade","Power Through+1","Perfected Strike+1"],"picked":"Singing Bowl","floor":42},{"not_picked":["Thunderclap+1","Anger"],"picked":"True Grit+1","floor":44},{"not_picked":["Clash","Thunderclap","Sever Soul+1"],"picked":"Singing Bowl","floor":45}],"player_experience":959705,"relics_obtained":[{"floor":7,"key":"Singing Bowl"},{"floor":13,"key":"Mercury Hourglass"},{"floor":24,"key":"Unceasing Top"},{"floor":26,"key":"Tiny Chest"},{"floor":40,"key":"Champion Belt"},{"floor":42,"key":"Dead Branch"},{"floor":43,"key":"Red Skull"},{"floor":44,"key":"Toxic Egg 2"}],"event_choices":[{"damage_healed":0,"gold_gain":75,"player_choice":"Gather Gold","damage_taken":11,"max_hp_gain":0,"max_hp_loss":0,"event_name":"World of Goop","floor":2,"gold_loss":0},{"cards_removed":["Strike_R"],"damage_healed":0,"gold_gain":0,"player_choice":"Card Removal","damage_taken":0,"max_hp_gain":0,"max_hp_loss":0,"event_name":"The Cleric","floor":3,"gold_loss":50},{"damage_healed":0,"gold_gain":0,"player_choice":"Forge","damage_taken":0,"max_hp_gain":0,"max_hp_loss":0,"event_name":"Accursed Blacksmith","floor":4,"gold_loss":0,"cards_upgraded":["Bash"]},{"damage_healed":0,"gold_gain":0,"player_choice":"Obtain J.A.X.","damage_taken":0,"max_hp_gain":0,"max_hp_loss":0,"event_name":"Drug Dealer","floor":27,"gold_loss":0,"cards_obtained":["J.A.X."]},{"damage_healed":0,"gold_gain":0,"player_choice":"Memory 3","damage_taken":10,"max_hp_gain":0,"max_hp_loss":0,"event_name":"SensoryStone","floor":36,"gold_loss":0},{"damage_healed":0,"gold_gain":0,"cards_transformed":["Strike_R"],"player_choice":"Transformed","damage_taken":0,"max_hp_gain":0,"max_hp_loss":0,"event_name":"Transmorgrifier","floor":37,"gold_loss":0,"cards_obtained":["Havoc"]}],"is_beta":true,"boss_relics":[{"not_picked":["Runic Cube","Empty Cage"],"picked":"Fusion Hammer"},{"not_picked":["Sozu","Busted Crown"],"picked":"Runic Pyramid"}],"items_purged_floors":[22,39],"is_endless":false,"potions_floor_spawned":[11,16,18,19,31,40,41,42,44],"killed_by":"Spire Growth","ascension_level":0}