{"gold_per_floor":[109,109,124,124,124,149,149,149,149,176,176,208,208,218,218,321,321,341,353,353,373,388,388,388,388],"floor_reached":25,"playtime":1395,"items_purged":[],"score":281,"play_id":"79209c9e-3164-4c6a-91ad-cd29c70aca73","local_time":"20190427221401","is_ascension_mode":true,"campfire_choices":[{"data":"Neutralize","floor":7,"key":"SMITH"},{"floor":13,"key":"REST"},{"floor":15,"key":"REST"},{"floor":23,"key":"REST"}],"neow_cost":"NONE","seed_source_timestamp":1373161809939500,"circlet_count":0,"master_deck":["Defend_G","Defend_G","Defend_G","Defend_G+1","Defend_G","Survivor+1","Neutralize+1","Dodge and Roll","Blur","Deadly Poison","Storm of Steel","Prepared","Cloak And Dagger","Dagger Throw","Underhanded Strike","Corpse Explosion","Backflip","Distraction","Bite","Bite","Bite","Bite","Bite","Poisoned Stab","Backflip+1"],"relics":["Ring of the Snake","NeowsBlessing","Dream Catcher","Dead Branch","Bottled Flame","Bottled Lightning","Darkstone Periapt","Happy Flower","WristBlade"],"potions_floor_usage":[16,22,22],"damage_taken":[{"damage":0,"enemies":"2 Louse","floor":1,"turns":1},{"damage":0,"enemies":"Small Slimes","floor":3,"turns":1},{"damage":0,"enemies":"Lagavulin","floor":6,"turns":1},{"damage":5,"enemies":"3 Sentries","floor":10,"turns":10},{"damage":31,"enemies":"Lagavulin","floor":12,"turns":9},{"damage":0,"enemies":"Cultist","floor":14,"turns":3},{"damage":11,"enemies":"Slime Boss","floor":16,"turns":13},{"damage":24,"enemies":"3 Byrds","floor":18,"turns":3},{"damage":16,"enemies":"Shell Parasite","floor":19,"turns":8},{"damage":21,"enemies":"Snecko","floor":21,"turns":5},{"damage":24,"enemies":"Centurion and Healer","floor":22,"turns":7},{"damage":51,"enemies":"Slavers","floor":25,"turns":4}],"seed_played":"2771845548576703154","potions_obtained":[{"floor":1,"key":"Block Potion"},{"floor":12,"key":"Ancient Potion"},{"floor":14,"key":"SpeedPotion"},{"floor":18,"key":"Weak Potion"},{"floor":21,"key":"AttackPotion"}],"is_trial":false,"path_per_floor":["M","?","M","$","?","E","R","?","T","E","T","E","R","M","R","B",null,"M","M","?","M","M","R","?","E"],"character_chosen":"THE_SILENT","items_purchased":[],"campfire_rested":3,"item_purchase_floors":[],"current_hp_per_floor":[70,75,75,75,68,68,68,53,53,48,48,17,39,39,61,50,75,51,35,35,22,14,29,46,0],"gold":388,"neow_bonus":"THREE_ENEMY_KILL","is_prod":false,"is_daily":false,"chose_seed":false,"campfire_upgraded":1,"win_rate":0,"timestamp":1556417641,"path_taken":["M","?","M","$","?","E","R","?","T","E","?","E","R","M","R","BOSS","M","?","?","M","M","R","?","E"],"build_version":"2019-01-23","purchased_purges":0,"victory":false,"max_hp_per_floor":[70,75,75,75,75,75,75,75,75,75,75,75,75,75,75,75,75,75,75,52,52,52,52,52,52],"card_choices":[{"not_picked":["Terror","Underhanded Strike"],"picked":"Dodge and Roll","floor":1},{"not_picked":["Prepared","Predator"],"picked":"Blur","floor":3},{"not_picked":["Concentrate","Quick Slash"],"picked":"Deadly Poison","floor":6},{"not_picked":["Grand Finale","Sucker Punch","Storm of Steel"],"picked":"SKIP","floor":10},{"not_picked":["Grand Finale","Sucker Punch"],"picked":"Storm of Steel","floor":10},{"not_picked":["Flechettes","Venomology"],"picked":"Prepared","floor":12},{"not_picked":["Underhanded Strike","Bane"],"picked":"Cloak And Dagger","floor":13},{"not_picked":["Prepared","Deadly Poison"],"picked":"Dagger Throw","floor":14},{"not_picked":["Deflect","Escape Plan"],"picked":"Underhanded Strike","floor":15},{"not_picked":["Night Terror","Unload"],"picked":"Corpse Explosion","floor":16},{"not_picked":["Slice","Eviscerate+1"],"picked":"Backflip","floor":18},{"not_picked":["Blur","Deadly Poison"],"picked":"Distraction","floor":19},{"not_picked":["Backflip","Quick Slash"],"picked":"Poisoned Stab","floor":21},{"not_picked":["Bane","Slice"],"picked":"Backflip+1","floor":22}],"player_experience":121221,"relics_obtained":[{"floor":6,"key":"Dead Branch"},{"floor":9,"key":"Bottled Flame"},{"floor":10,"key":"Bottled Lightning"},{"floor":11,"key":"Darkstone Periapt"},{"floor":12,"key":"Happy Flower"}],"event_choices":[{"damage_healed":0,"gold_gain":0,"player_choice":"Donut","damage_taken":0,"max_hp_gain":5,"max_hp_loss":0,"event_name":"Big Fish","floor":2,"gold_loss":0},{"damage_healed":0,"gold_gain":0,"player_choice":"Success","damage_taken":7,"relics_obtained":["Dream Catcher"],"max_hp_gain":0,"max_hp_loss":0,"event_name":"Scrap Ooze","floor":5,"gold_loss":0},{"damage_healed":0,"gold_gain":0,"player_choice":"Entered Light","damage_taken":15,"max_hp_gain":0,"max_hp_loss":0,"event_name":"Shining Light","floor":8,"gold_loss":0,"cards_upgraded":["Defend_G","Survivor"]},{"damage_healed":0,"gold_gain":0,"player_choice":"Became a vampire","damage_taken":0,"max_hp_gain":0,"max_hp_loss":23,"event_name":"Vampires","floor":20,"gold_loss":0,"cards_obtained":["Bite","Bite","Bite","Bite","Bite"]},{"damage_healed":17,"gold_gain":0,"player_choice":"Heal","damage_taken":0,"max_hp_gain":0,"max_hp_loss":0,"event_name":"The Library","floor":24,"gold_loss":0}],"is_beta":false,"boss_relics":[{"not_picked":["Calling Bell","White Beast Statue"],"picked":"WristBlade"}],"items_purged_floors":[],"is_endless":false,"potions_floor_spawned":[1,12,14,18,21],"killed_by":"Slavers","ascension_level":1}