{"gold_per_floor":[363,383,58,69,69,101,65,97,97,47,47,47,47,67,67,172,172,188,11,20,37,137,137],"floor_reached":23,"playtime":993,"items_purged":["Strike_G"],"score":322,"play_id":"5c6c5fc4-4161-4a4a-bb7c-5478b90d9579","local_time":"20190330210559","is_ascension_mode":true,"campfire_choices":[{"floor":13,"key":"REST"},{"data":"1","floor":15,"key":"LIFT"}],"neow_cost":"TEN_PERCENT_HP_LOSS","seed_source_timestamp":853014177824000,"circlet_count":0,"master_deck":["AscendersBane","Defend_G","Defend_G","Defend_G","Defend_G","Defend_G","Strike_G","Strike_G","Strike_G","Strike_G","Survivor","Neutralize","Dagger Spray","Masterful Stab","Noxious Fumes","Backflip","Prepared","Neutralize","Masterful Stab","Bouncing Flask","Night Terror","Dodge and Roll","Glass Knife","Masterful Stab","Caltrops","Glass Knife","Footwork","Wraith Form v2"],"relics":["Ring of the Snake","Meat on the Bone","Smiling Mask","Girya","Question Card","Lizard Tail"],"potions_floor_usage":[6,6,8,12,16,21],"damage_taken":[{"damage":0,"enemies":"2 Louse","floor":1,"turns":4},{"damage":5,"enemies":"Cultist","floor":2,"turns":4},{"damage":7,"enemies":"Jaw Worm","floor":4,"turns":4},{"damage":42,"enemies":"Lagavulin","floor":6,"turns":9},{"damage":20,"enemies":"Gremlin Nob","floor":8,"turns":4},{"damage":0,"enemies":"Exordium Thugs","floor":12,"turns":1},{"damage":18,"enemies":"Gremlin Gang","floor":14,"turns":5},{"damage":26,"enemies":"Hexaghost","floor":16,"turns":10},{"damage":12,"enemies":"Chosen","floor":18,"turns":4},{"damage":32,"enemies":"2 Thieves","floor":20,"turns":5},{"damage":27,"enemies":"Snake Plant","floor":21,"turns":4},{"damage":41,"enemies":"Book of Stabbing","floor":23,"turns":6}],"seed_played":"4125824295026565332","potions_obtained":[{"floor":1,"key":"SteroidPotion"},{"floor":4,"key":"Weak Potion"},{"floor":6,"key":"AttackPotion"},{"floor":11,"key":"LiquidBronze"},{"floor":11,"key":"SmokeBomb"},{"floor":16,"key":"AttackPotion"},{"floor":18,"key":"Dexterity Potion"},{"floor":21,"key":"Weak Potion"}],"is_trial":false,"path_per_floor":["M","M","$","M","?","E","$","E","T","$","?","M","R","M","R","B",null,"M","$","M","M","?","E"],"character_chosen":"THE_SILENT","items_purchased":["Meat on the Bone","Noxious Fumes","Bouncing Flask","Caltrops","Glass Knife"],"campfire_rested":1,"item_purchase_floors":[3,3,7,19,19],"current_hp_per_floor":[63,58,58,51,51,21,21,13,13,13,13,25,43,37,37,23,53,41,41,21,37,37,0],"gold":137,"neow_bonus":"TWO_FIFTY_GOLD","is_prod":false,"is_daily":false,"chose_seed":false,"campfire_upgraded":0,"win_rate":0,"timestamp":1553990759,"path_taken":["M","M","$","M","?","E","?","E","T","$","?","?","R","M","R","BOSS","M","$","?","M","?","E"],"build_version":"2019-01-23","purchased_purges":1,"victory":false,"max_hp_per_floor":[63,63,63,63,63,63,63,63,63,63,63,63,63,63,63,63,63,63,63,63,63,63,63],"card_choices":[{"not_picked":["Eviscerate","Blur"],"picked":"Dagger Spray","floor":1},{"not_picked":["PiercingWail","Blade Dance"],"picked":"Masterful Stab","floor":2},{"not_picked":["Outmaneuver","Accuracy"],"picked":"Backflip","floor":4},{"not_picked":["Dagger Throw","Sucker Punch"],"picked":"Masterful Stab","floor":6},{"not_picked":["Flechettes","Sucker Punch"],"picked":"Night Terror","floor":8},{"not_picked":["Underhanded Strike","Blade Dance","Prepared"],"picked":"Dodge and Roll","floor":14},{"not_picked":["Venomology","Doppelganger","Night Terror"],"picked":"Glass Knife","floor":16},{"not_picked":["Blur","Bane","Prepared"],"picked":"Masterful Stab","floor":18},{"not_picked":["Dodge and Roll","Flying Knee","Cloak And Dagger"],"picked":"Footwork","floor":20},{"not_picked":["Dagger Spray","Blade Dance","Dagger Throw"],"picked":"Wraith Form v2","floor":21}],"player_experience":1017205,"relics_obtained":[{"floor":6,"key":"Smiling Mask"},{"floor":8,"key":"Girya"},{"floor":9,"key":"Question Card"}],"event_choices":[{"damage_healed":0,"gold_gain":0,"player_choice":"2 cards matched","damage_taken":0,"max_hp_gain":0,"max_hp_loss":0,"event_name":"Match and Keep!","floor":5,"gold_loss":0,"cards_obtained":["Prepared","Neutralize"]},{"damage_healed":0,"gold_gain":0,"player_choice":"Got Potions","damage_taken":0,"max_hp_gain":0,"max_hp_loss":0,"event_name":"Lab","floor":11,"gold_loss":0},{"damage_healed":0,"gold_gain":100,"player_choice":"Pray","damage_taken":0,"max_hp_gain":0,"max_hp_loss":0,"event_name":"Golden Shrine","floor":22,"gold_loss":0}],"is_beta":false,"boss_relics":[{"not_picked":["Ectoplasm","Pandora\u0027s Box"],"picked":"Lizard Tail"}],"items_purged_floors":[10],"is_endless":false,"potions_floor_spawned":[1,4,6,12,16,18,21],"killed_by":"Book of Stabbing","ascension_level":12}