{"gold_per_floor":[117,117,11,27,27,62,62,93,93,118,137,137,137,152,152,255,255,268,268,193,210,8,8,40,40,67,67,67,82,109,127,127,230,230,248,348,360,406,417,417,450,469,469,501,517,517,10,24,24,24,24,24,24,57,57],"floor_reached":56,"playtime":3608,"items_purged":["Strike_G","Strike_G"],"score":1496,"play_id":"589fccfc-6dec-42f4-be9a-cb9f4c832009","local_time":"20190426114427","is_ascension_mode":true,"campfire_choices":[{"data":"Neutralize","floor":7,"key":"SMITH"},{"data":"1","floor":13,"key":"LIFT"},{"data":"2","floor":15,"key":"LIFT"},{"data":"A Thousand Cuts","floor":23,"key":"SMITH"},{"data":"3","floor":27,"key":"LIFT"},{"data":"Caltrops","floor":32,"key":"SMITH"},{"data":"Cloak And Dagger","floor":40,"key":"SMITH"},{"floor":46,"key":"RECALL"},{"data":"Caltrops","floor":49,"key":"SMITH"},{"data":"Well Laid Plans","floor":52,"key":"SMITH"}],"neow_cost":"NONE","seed_source_timestamp":470606576278626,"circlet_count":0,"master_deck":["Defend_G","Defend_G+1","Defend_G","Defend_G","Defend_G+1","Survivor","Neutralize+1","Slice","Dagger Throw","Dash+1","Footwork","Deflect","Cloak And Dagger+1","Caltrops+1","Endless Agony","A Thousand Cuts+1","Noxious Fumes+1","Expertise","Backflip","Escape Plan","Escape Plan","Blade Dance+1","Well Laid Plans+1","Acrobatics+1","Acrobatics+1","Escape Plan","Calculated Gamble+1","Deflect","Caltrops+1","PiercingWail","After Image"],"relics":["Ring of the Snake","Strawberry","The Courier","Kunai","Girya","Gambling Chip","Thread and Needle","Runic Dome","Lantern","Oddly Smooth Stone","Centennial Puzzle","MutagenicStrength","Torii","Empty Cage","Smiling Mask","Darkstone Periapt","Omamori","Pantograph","Bottled Tornado","Snake Skull"],"potions_floor_usage":[10,16,16,42,50,55,55],"damage_taken":[{"damage":2,"enemies":"Small Slimes","floor":1,"turns":3},{"damage":0,"enemies":"Cultist","floor":4,"turns":3},{"damage":11,"enemies":"Lagavulin","floor":6,"turns":9},{"damage":10,"enemies":"3 Sentries","floor":8,"turns":9},{"damage":7,"enemies":"Gremlin Nob","floor":10,"turns":5},{"damage":0,"enemies":"2 Louse","floor":11,"turns":2},{"damage":0,"enemies":"Exordium Wildlife","floor":14,"turns":4},{"damage":0,"enemies":"Slime Boss","floor":16,"turns":7},{"damage":0,"enemies":"Chosen","floor":18,"turns":4},{"damage":10,"enemies":"2 Thieves","floor":21,"turns":4},{"damage":3,"enemies":"Gremlin Leader","floor":24,"turns":5},{"damage":0,"enemies":"Centurion and Healer","floor":29,"turns":4},{"damage":1,"enemies":"Slavers","floor":30,"turns":4},{"damage":0,"enemies":"3 Cultists","floor":31,"turns":4},{"damage":0,"enemies":"Automaton","floor":33,"turns":7},{"damage":0,"enemies":"3 Darklings","floor":35,"turns":4},{"damage":0,"enemies":"Orb Walker","floor":37,"turns":2},{"damage":1,"enemies":"Spire Growth","floor":39,"turns":4},{"damage":1,"enemies":"Giant Head","floor":41,"turns":7},{"damage":11,"enemies":"Transient","floor":42,"turns":5},{"damage":1,"enemies":"Reptomancer","floor":44,"turns":5},{"damage":9,"enemies":"4 Shapes","floor":45,"turns":4},{"damage":0,"enemies":"Sphere and 2 Shapes","floor":48,"turns":2},{"damage":1,"enemies":"Donu and Deca","floor":50,"turns":7},{"damage":33,"enemies":"Shield and Spear","floor":54,"turns":5},{"damage":27,"enemies":"The Heart","floor":55,"turns":8}],"seed_played":"-1258243927760656224","potions_obtained":[{"floor":4,"key":"Energy Potion"},{"floor":10,"key":"Poison Potion"},{"floor":11,"key":"GhostInAJar"},{"floor":18,"key":"SpeedPotion"},{"floor":30,"key":"Strength Potion"},{"floor":42,"key":"GamblersBrew"},{"floor":44,"key":"Energy Potion"}],"is_trial":false,"path_per_floor":["M","?","$","M","?","E","R","E","T","E","M","?","R","M","R","B",null,"M","?","?","M","$","R","E","?","T","R","?","M","E","M","R","B",null,"M","?","M","T","M","R","E","M","T","E","M","R","$","M","R","B",null,"R","$","E","B",null],"character_chosen":"THE_SILENT","items_purchased":["Dagger Throw","Fire Potion","Backflip","Escape Plan","Escape Plan","Pantograph","Bottled Tornado","Caltrops"],"campfire_rested":0,"item_purchase_floors":[3,3,22,22,22,47,47,47],"current_hp_per_floor":[75,60,60,60,60,49,49,39,39,32,32,25,25,25,25,25,77,77,77,77,67,67,67,64,50,50,50,50,50,49,49,49,49,82,82,82,82,82,81,81,80,69,69,68,59,59,59,59,59,81,82,82,82,49,47],"gold":57,"neow_bonus":"RANDOM_COMMON_RELIC","is_prod":false,"is_daily":false,"chose_seed":false,"campfire_upgraded":6,"win_rate":0,"timestamp":1556275467,"path_taken":["M","?","$","M","?","E","R","E","T","E","?","?","R","M","R","BOSS","M","?","?","M","$","R","E","?","T","R","?","M","E","M","R","BOSS","M","?","?","?","M","R","E","?","T","E","M","R","$","M","R","BOSS","R","$","E","BOSS"],"build_version":"2019-04-23","purchased_purges":2,"victory":true,"max_hp_per_floor":[77,77,77,77,77,77,77,77,77,77,77,77,77,77,77,77,77,77,77,77,77,77,77,77,82,82,82,82,82,82,82,82,82,82,82,82,82,82,82,82,82,82,82,82,82,82,82,82,82,82,82,82,82,82,82],"card_choices":[{"not_picked":["Backflip","Prepared"],"picked":"Slice","floor":1},{"not_picked":["Riddle With Holes","Dagger Spray"],"picked":"Dash","floor":4},{"not_picked":["Flechettes","Dagger Spray"],"picked":"Footwork","floor":6},{"not_picked":["Acrobatics","Riddle With Holes"],"picked":"Deflect","floor":8},{"not_picked":["Dagger Throw","Wraith Form v2"],"picked":"Cloak And Dagger","floor":10},{"not_picked":["Footwork","Outmaneuver"],"picked":"Caltrops","floor":11},{"not_picked":["Calculated Gamble","Acrobatics"],"picked":"Endless Agony","floor":14},{"not_picked":["Night Terror","Unload"],"picked":"A Thousand Cuts","floor":16},{"not_picked":["Poisoned Stab","Outmaneuver"],"picked":"Noxious Fumes+1","floor":18},{"not_picked":["Outmaneuver","Backstab"],"picked":"Expertise","floor":21},{"not_picked":["Heel Hook+1","Catalyst","Prepared"],"picked":"SKIP","floor":24},{"not_picked":["Reflex+1","Cloak And Dagger"],"picked":"Blade Dance+1","floor":29},{"not_picked":["Prepared","Cloak And Dagger"],"picked":"Well Laid Plans","floor":30},{"not_picked":["Slice","Endless Agony"],"picked":"Acrobatics+1","floor":31},{"not_picked":["Caltrops+1","Poisoned Stab"],"picked":"Acrobatics+1","floor":35},{"not_picked":["Prepared","Choke"],"picked":"Escape Plan","floor":37},{"not_picked":["Blade Dance","Catalyst+1"],"picked":"Calculated Gamble+1","floor":39},{"not_picked":["Quick Slash+1","Wraith Form v2","Expertise"],"picked":"SKIP","floor":41},{"not_picked":["Footwork+1","Expertise","Backstab"],"picked":"SKIP","floor":42},{"not_picked":["Dash+1","Quick Slash+1","Noxious Fumes+1"],"picked":"SKIP","floor":44},{"not_picked":["Dagger Spray","Endless Agony+1"],"picked":"Deflect","floor":45},{"not_picked":["Dagger Spray","Reflex+1"],"picked":"PiercingWail","floor":48},{"not_picked":["Underhanded Strike+1","Leg Sweep"],"picked":"After Image","floor":54}],"player_experience":42808,"relics_obtained":[{"floor":6,"key":"The Courier"},{"floor":8,"key":"Kunai"},{"floor":9,"key":"Girya"},{"floor":10,"key":"Gambling Chip"},{"floor":24,"key":"Oddly Smooth Stone"},{"floor":26,"key":"Centennial Puzzle"},{"floor":30,"key":"Torii"},{"floor":41,"key":"Smiling Mask"},{"floor":43,"key":"Darkstone Periapt"},{"floor":44,"key":"Omamori"},{"floor":54,"key":"Snake Skull"}],"event_choices":[{"damage_healed":0,"gold_gain":0,"player_choice":"Entered Light","damage_taken":15,"max_hp_gain":0,"max_hp_loss":0,"event_name":"Shining Light","floor":2,"gold_loss":0,"cards_upgraded":["Defend_G","Defend_G"]},{"damage_healed":0,"gold_gain":0,"player_choice":"Forge","damage_taken":0,"max_hp_gain":0,"max_hp_loss":0,"event_name":"Accursed Blacksmith","floor":5,"gold_loss":0,"cards_upgraded":["Dash"]},{"damage_healed":0,"gold_gain":0,"player_choice":"Success","damage_taken":7,"relics_obtained":["Thread and Needle"],"max_hp_gain":0,"max_hp_loss":0,"event_name":"Scrap Ooze","floor":12,"gold_loss":0},{"damage_healed":0,"gold_gain":0,"player_choice":"Opened","damage_taken":0,"relics_obtained":["Lantern"],"max_hp_gain":0,"max_hp_loss":0,"event_name":"The Mausoleum","floor":19,"gold_loss":0},{"cards_removed":["Strike_G"],"damage_healed":0,"gold_gain":0,"player_choice":"Gave Gold","damage_taken":0,"max_hp_gain":0,"max_hp_loss":0,"event_name":"Beggar","floor":20,"gold_loss":75},{"damage_healed":0,"gold_gain":0,"player_choice":"Shed Blood","damage_taken":19,"max_hp_gain":5,"max_hp_loss":0,"event_name":"Forgotten Altar","floor":25,"gold_loss":0},{"damage_healed":0,"gold_gain":0,"player_choice":"Inject Mutagens","damage_taken":0,"relics_obtained":["MutagenicStrength"],"max_hp_gain":0,"max_hp_loss":0,"event_name":"Drug Dealer","floor":28,"gold_loss":0},{"damage_healed":0,"gold_gain":100,"player_choice":"Pray","damage_taken":0,"max_hp_gain":0,"max_hp_loss":0,"event_name":"Golden Shrine","floor":36,"gold_loss":0}],"is_beta":true,"boss_relics":[{"not_picked":["Lizard Tail","Busted Crown"],"picked":"Runic Dome"},{"not_picked":["White Beast Statue","Calling Bell"],"picked":"Empty Cage"}],"items_purged_floors":[22,47],"is_endless":false,"potions_floor_spawned":[4,10,11,18,30,33,42,44,45],"ascension_level":4}