{"gold_per_floor":[112,287,18,93,108,108,124,136,136,55,69,88,88,88,88,185,185,202,220,220,174,174],"floor_reached":22,"playtime":836,"items_purged":["Doubt"],"score":229,"play_id":"ff142056-04be-478d-a434-a23e4677cf0b","local_time":"20190507110346","is_ascension_mode":true,"campfire_choices":[{"data":"Entrench","floor":6.0,"key":"SMITH"},{"data":"Body Slam","floor":13.0,"key":"SMITH"},{"data":"Inflame","floor":15.0,"key":"SMITH"}],"neow_cost":"NONE","seed_source_timestamp":0,"circlet_count":0,"master_deck":["Strike_R","Strike_R","Strike_R","Strike_R","Strike_R","Defend_R","Defend_R","Defend_R","Defend_R","Bash","Hemokinesis","Battle Trance","Body Slam+1","Entrench+1","Iron Wave","Inflame+1","Infernal Blade+1","Sword Boomerang","Berserk","Clothesline+1","Flex+1","True Grit+1"],"special_seed":0,"relics":["Burning Blood","Omamori","Toxic Egg 2","Mummified Hand","Runic Cube","WarpedTongs"],"potions_floor_usage":[22],"damage_taken":[{"damage":15.0,"enemies":"Small Slimes","floor":1.0,"turns":3.0},{"damage":0.0,"enemies":"2 Louse","floor":5.0,"turns":3.0},{"damage":9.0,"enemies":"Cultist","floor":7.0,"turns":3.0},{"damage":5.0,"enemies":"Looter","floor":8.0,"turns":4.0},{"damage":3.0,"enemies":"Large Slime","floor":11.0,"turns":5.0},{"damage":9.0,"enemies":"Lots of Slimes","floor":12.0,"turns":4.0},{"damage":42.0,"enemies":"The Guardian","floor":16.0,"turns":12.0},{"damage":30.0,"enemies":"Shell Parasite","floor":18.0,"turns":5.0},{"damage":37.0,"enemies":"2 Thieves","floor":19.0,"turns":4.0},{"damage":28,"enemies":"Chosen and Byrds","floor":22,"turns":4}],"seed_played":"6207142018630212389","potions_obtained":[{"floor":1.0,"key":"Poison Potion"},{"floor":11.0,"key":"SpeedPotion"},{"floor":12.0,"key":"Weak Potion"},{"floor":18.0,"key":"LiquidBronze"},{"floor":19.0,"key":"Weak Potion"}],"is_trial":false,"path_per_floor":["M","?","$","?","M","R","M","M","T","$","M","M","R","?","R","B",null,"M","M","?","$","M"],"character_chosen":"IRONCLAD","items_purchased":["Omamori","Body Slam","Inflame","True Grit+1"],"campfire_rested":0,"item_purchase_floors":[3,3,10,21],"current_hp_per_floor":[63,63,63,52,58,58,55,56,56,56,59,56,56,56,56,20,65,41,10,10,10,0],"gold":174,"neow_bonus":"THREE_CARDS","is_prod":false,"is_daily":false,"chose_seed":false,"campfire_upgraded":3,"win_rate":0,"timestamp":1557241426,"path_taken":["M","?","$","?","M","R","M","M","T","$","M","M","R","?","R","BOSS","M","M","?","$","?"],"build_version":"2019-01-23","purchased_purges":1,"victory":false,"max_hp_per_floor":[80,80,80,80,80,80,80,80,80,80,80,80,80,80,80,80,80,80,80,80,80,80],"card_choices":[{"not_picked":["Clash","Sever Soul"],"picked":"Hemokinesis","floor":0.0},{"not_picked":["Clash","Havoc"],"picked":"Battle Trance","floor":1.0},{"not_picked":["Anger","Sentinel"],"picked":"Entrench","floor":5.0},{"not_picked":["Evolve","Clash","Corruption"],"picked":"SKIP","floor":7.0},{"not_picked":["Warcry","Spot Weakness"],"picked":"Iron Wave","floor":8.0},{"not_picked":["Wild Strike","Fire Breathing"],"picked":"Infernal Blade+1","floor":11.0},{"not_picked":["Havoc+1","Body Slam"],"picked":"Sword Boomerang","floor":12.0},{"not_picked":["Immolate","Double Tap+1"],"picked":"Berserk","floor":16.0},{"not_picked":["Feel No Pain","Wild Strike"],"picked":"Clothesline+1","floor":18.0},{"not_picked":["Twin Strike","Clash"],"picked":"Flex+1","floor":19.0}],"player_experience":161926,"relics_obtained":[{"floor":9.0,"key":"Toxic Egg 2"}],"event_choices":[{"damage_healed":0.0,"max_hp_gain":0.0,"max_hp_loss":0.0,"gold_gain":175.0,"event_name":"Liars Game","player_choice":"AGREE","floor":2.0,"gold_loss":0.0,"damage_taken":0.0,"cards_obtained":["Doubt"]},{"damage_healed":0.0,"max_hp_gain":0.0,"max_hp_loss":0.0,"gold_gain":75.0,"event_name":"World of Goop","player_choice":"Gather Gold","floor":4.0,"gold_loss":0.0,"damage_taken":11.0},{"damage_healed":0.0,"max_hp_gain":0.0,"max_hp_loss":0.0,"gold_gain":0.0,"event_name":"Dead Adventurer","player_choice":"Searched \u00271\u0027 times","floor":14.0,"gold_loss":0.0,"damage_taken":0.0,"relics_obtained":["Mummified Hand"]},{"damage_healed":0.0,"max_hp_gain":0.0,"max_hp_loss":0.0,"gold_gain":0.0,"event_name":"Accursed Blacksmith","player_choice":"Rummage","floor":20.0,"gold_loss":0.0,"damage_taken":0.0,"relics_obtained":["WarpedTongs"],"cards_obtained":["Pain"]}],"is_beta":false,"boss_relics":[{"not_picked":["Snecko Eye","Philosopher\u0027s Stone"],"picked":"Runic Cube"}],"items_purged_floors":[3],"is_endless":false,"potions_floor_spawned":[1,11,12,18,19],"killed_by":"Chosen and Byrds","ascension_level":6}