{"gold_per_floor":[109,109,121,73,73,105,105,131,131,51,51,66,66,84,84,182,182,196,196,51,51,66,96,96,96],"floor_reached":25,"playtime":623,"items_purged":[],"score":329,"play_id":"6fecf51f-8c8f-4798-b2c9-5bfcf35715c9","local_time":"20190208165408","is_ascension_mode":true,"campfire_choices":[{"data":"Darkness","floor":7,"key":"SMITH"},{"data":"Dualcast","floor":11,"key":"SMITH"},{"floor":13,"key":"REST"},{"data":"Darkness","floor":15,"key":"SMITH"},{"floor":24,"key":"REST"}],"neow_cost":"NONE","seed_source_timestamp":254598737705435,"circlet_count":0,"master_deck":["Strike_B","Strike_B","Strike_B","Defend_B","Defend_B","Defend_B","Defend_B","Zap+1","Dualcast+1","Leap+1","Conserve Battery","Conserve Battery","Darkness+1","Go for the Eyes","Beam Cell","Leap","Redo","Beam Cell","Darkness+1","Beam Cell","Seek+1","Hologram","Go for the Eyes+1","RitualDagger","Double Energy","Redo","Steam+1"],"relics":["Cracked Core","Prayer Wheel","Ornamental Fan","Question Card","Bottled Lightning","Inserter","War Paint","Pear"],"potions_floor_usage":[6,16,25],"damage_taken":[{"damage":7,"enemies":"Jaw Worm","floor":1,"turns":4},{"damage":0,"enemies":"Cultist","floor":3,"turns":4},{"damage":19,"enemies":"3 Sentries","floor":6,"turns":12},{"damage":15,"enemies":"Lagavulin","floor":8,"turns":6},{"damage":0,"enemies":"2 Louse","floor":12,"turns":3},{"damage":7,"enemies":"2 Fungi Beasts","floor":14,"turns":3},{"damage":33,"enemies":"The Guardian","floor":16,"turns":6},{"damage":13,"enemies":"Shell Parasite","floor":18,"turns":4},{"damage":38,"enemies":"2 Thieves","floor":22,"turns":4},{"damage":29,"enemies":"Book of Stabbing","floor":23,"turns":5},{"damage":36,"enemies":"Slavers","floor":25,"turns":3}],"seed_played":"4430406987552913914","potions_obtained":[{"floor":3,"key":"Strength Potion"},{"floor":8,"key":"Regen Potion"},{"floor":12,"key":"EssenceOfSteel"},{"floor":16,"key":"FearPotion"}],"is_trial":false,"path_per_floor":["M","?","M","$","T","E","R","E","T","$","R","M","R","M","R","B",null,"M","?","$","?","M","E","R","E"],"character_chosen":"DEFECT","items_purchased":["Conserve Battery","Beam Cell","Leap","War Paint"],"campfire_rested":2,"item_purchase_floors":[4,10,10,20],"current_hp_per_floor":[61,61,61,61,61,42,42,27,27,27,27,27,49,42,42,24,62,49,43,43,68,30,11,36,0],"gold":96,"neow_bonus":"UPGRADE_CARD","is_prod":false,"is_daily":false,"chose_seed":false,"campfire_upgraded":3,"win_rate":0,"timestamp":1549655648,"path_taken":["M","?","M","?","?","E","R","E","T","$","R","M","R","?","R","BOSS","M","?","$","?","?","E","R","E"],"build_version":"2019-01-23","purchased_purges":0,"victory":false,"max_hp_per_floor":[75,75,75,75,75,75,75,75,75,75,75,75,75,75,75,75,75,75,75,75,75,75,85,85,85],"card_choices":[{"not_picked":["Turbo","Stack"],"picked":"Leap","floor":1},{"not_picked":["Rebound","Streamline"],"picked":"Conserve Battery","floor":3},{"not_picked":["Steam","Streamline"],"picked":"Darkness","floor":6},{"not_picked":["Rainbow","Force Field"],"picked":"Go for the Eyes","floor":8},{"not_picked":["Fusion","Genetic Algorithm","Streamline"],"picked":"Redo","floor":12},{"not_picked":["Hello World","Cold Snap","Lockon"],"picked":"Beam Cell","floor":12},{"not_picked":["Glacier","BootSequence","Streamline"],"picked":"Darkness","floor":14},{"not_picked":["Streamline","Turbo","Hyperbeam"],"picked":"Beam Cell","floor":14},{"not_picked":["Buffer","Amplify","Thunder Strike"],"picked":"Seek","floor":16},{"not_picked":["Hello World+1","BootSequence","Sweeping Beam+1"],"picked":"Hologram","floor":18},{"not_picked":["Undo","FTL","Storm"],"picked":"Go for the Eyes+1","floor":18},{"not_picked":["Chaos","Hologram","Force Field"],"picked":"Double Energy","floor":22},{"not_picked":["Sweeping Beam+1","Ball Lightning","Go for the Eyes"],"picked":"Redo","floor":22},{"not_picked":["Rebound","Barrage","Cold Snap+1"],"picked":"Steam+1","floor":23}],"player_experience":739152,"relics_obtained":[{"floor":5,"key":"Prayer Wheel"},{"floor":6,"key":"Ornamental Fan"},{"floor":8,"key":"Question Card"},{"floor":9,"key":"Bottled Lightning"},{"floor":23,"key":"Pear"}],"event_choices":[{"cards_removed":["Strike_B"],"damage_healed":0,"gold_gain":0,"player_choice":"Offered Basic","damage_taken":0,"max_hp_gain":0,"max_hp_loss":0,"event_name":"Bonfire Elementals","floor":2,"gold_loss":0},{"damage_healed":0,"gold_gain":0,"player_choice":"Joined the Cult","damage_taken":6,"max_hp_gain":0,"max_hp_loss":0,"event_name":"Nest","floor":19,"gold_loss":0,"cards_obtained":["RitualDagger"]},{"damage_healed":25,"gold_gain":0,"player_choice":"Heal","damage_taken":0,"max_hp_gain":0,"max_hp_loss":0,"event_name":"The Library","floor":21,"gold_loss":0}],"is_beta":false,"boss_relics":[{"not_picked":["Sozu","Coffee Dripper"],"picked":"Inserter"}],"items_purged_floors":[],"is_endless":false,"potions_floor_spawned":[3,8,12,16],"killed_by":"Slavers","ascension_level":9}