{"gold_per_floor":[14,26,26,45,56,56,85,97,97,97,107,123,148,168,168,168],"floor_reached":16,"playtime":541,"items_purged":[],"score":197,"play_id":"22d90318-eb68-40fd-823b-f36948dd03a0","local_time":"20190426150414","is_ascension_mode":true,"campfire_choices":[{"data":"Anger","floor":6,"key":"SMITH"},{"data":"Armaments","floor":10,"key":"SMITH"},{"data":"Body Slam","floor":15,"key":"SMITH"}],"neow_cost":"NO_GOLD","seed_source_timestamp":284767285162200,"circlet_count":0,"master_deck":["AscendersBane","Strike_R","Strike_R","Strike_R","Strike_R","Defend_R+1","Defend_R","Defend_R+1","Bash","Pommel Strike","Anger+1","Pommel Strike","Shrug It Off","Armaments+1","Body Slam+1","Headbutt","Carnage","Shrug It Off"],"relics":["Burning Blood","War Paint","Dream Catcher","Omamori"],"potions_floor_usage":[3,7,13,16],"damage_taken":[{"damage":11,"enemies":"Small Slimes","floor":1,"turns":4},{"damage":6,"enemies":"Cultist","floor":2,"turns":3},{"damage":10,"enemies":"2 Louse","floor":4,"turns":2},{"damage":6,"enemies":"Looter","floor":5,"turns":2},{"damage":12,"enemies":"Gremlin Nob","floor":7,"turns":3},{"damage":10,"enemies":"3 Louse","floor":8,"turns":4},{"damage":18,"enemies":"Exordium Thugs","floor":11,"turns":6},{"damage":10,"enemies":"Large Slime","floor":12,"turns":4},{"damage":18,"enemies":"Lagavulin","floor":13,"turns":5},{"damage":8,"enemies":"Blue Slaver","floor":14,"turns":3},{"damage":29,"enemies":"The Guardian","floor":16,"turns":11}],"seed_played":"-3885584493068477997","potions_obtained":[{"floor":1,"key":"PowerPotion"},{"floor":2,"key":"EssenceOfSteel"},{"floor":3,"key":"Fruit Juice"},{"floor":3,"key":"Weak Potion"},{"floor":13,"key":"SpeedPotion"},{"floor":14,"key":"EssenceOfSteel"}],"is_trial":false,"path_per_floor":["M","M","?","M","M","R","E","M","T","R","M","M","E","M","R","B"],"character_chosen":"IRONCLAD","items_purchased":[],"campfire_rested":0,"item_purchase_floors":[],"current_hp_per_floor":[63,63,68,64,64,64,58,54,54,54,42,38,26,24,24,0],"gold":168,"neow_bonus":"REMOVE_TWO","is_prod":false,"is_daily":false,"chose_seed":false,"campfire_upgraded":3,"win_rate":0,"timestamp":1556283854,"path_taken":["M","M","?","M","M","R","E","?","T","R","M","?","E","?","R","BOSS"],"build_version":"2019-01-23","purchased_purges":0,"victory":false,"max_hp_per_floor":[75,75,80,80,80,80,80,80,80,80,80,80,80,80,80,80],"card_choices":[{"not_picked":["Seeing Red","True Grit"],"picked":"Pommel Strike","floor":1},{"not_picked":["Iron Wave","Twin Strike"],"picked":"Anger","floor":2},{"not_picked":["Reckless Charge","Perfected Strike"],"picked":"Pommel Strike","floor":4},{"not_picked":["Dual Wield","Headbutt"],"picked":"Shrug It Off","floor":5},{"not_picked":["Infernal Blade","Barricade"],"picked":"Armaments","floor":7},{"not_picked":["Clothesline","Havoc","Bloodletting"],"picked":"SKIP","floor":8},{"not_picked":["Evolve","Feel No Pain"],"picked":"Body Slam","floor":11},{"not_picked":["Thunderclap","Armaments"],"picked":"Headbutt","floor":12},{"not_picked":["Impervious","Feel No Pain"],"picked":"Carnage","floor":13},{"not_picked":["True Grit","Dropkick"],"picked":"Shrug It Off","floor":14}],"player_experience":629291,"relics_obtained":[{"floor":7,"key":"War Paint"},{"floor":9,"key":"Dream Catcher"},{"floor":13,"key":"Omamori"}],"event_choices":[{"damage_healed":0,"gold_gain":0,"player_choice":"Got Potions","damage_taken":0,"max_hp_gain":0,"max_hp_loss":0,"event_name":"Lab","floor":3,"gold_loss":0}],"is_beta":false,"boss_relics":[],"items_purged_floors":[],"is_endless":false,"potions_floor_spawned":[1,2,13,14],"killed_by":"The Guardian","ascension_level":14}