{"gold_per_floor":[109,119,119,119,131,156,156,190,216,216,251,251,278,296,296,368,368,382,101,121,121,46,46,46,46,46,77,77,103,122,135,135,135],"floor_reached":33,"playtime":1549,"items_purged":["Strike_G"],"score":588,"play_id":"af7b27d8-8243-4c05-bfdc-ee56218f42a4","local_time":"20190501154919","is_ascension_mode":true,"campfire_choices":[{"data":"Poisoned Stab","floor":7,"key":"SMITH"},{"data":"Noxious Fumes","floor":10,"key":"SMITH"},{"floor":12,"key":"REST"},{"floor":15,"key":"REST"},{"floor":23,"key":"REST"},{"data":"Eviscerate","floor":25,"key":"SMITH"},{"data":"Caltrops","floor":28,"key":"SMITH"},{"floor":32,"key":"REST"}],"neow_cost":"NONE","seed_source_timestamp":1734222293169110,"circlet_count":0,"master_deck":["AscendersBane","Defend_G","Defend_G","Defend_G","Defend_G","Defend_G","Strike_G","Strike_G","Strike_G+1","Strike_G","Survivor","Neutralize+1","Dash+1","Poisoned Stab+1","Flying Knee","Poisoned Stab+1","Noxious Fumes+1","Well Laid Plans","Deadly Poison","Blur","Caltrops+1","Envenom","Envenom","Eviscerate+1","Underhanded Strike","Dagger Spray","Underhanded Strike+1","Storm of Steel"],"relics":["Ring of the Snake","Dream Catcher","Ancient Tea Set","Vajra","Orichalcum","Anchor","Bottled Tornado","Snecko Eye","DollysMirror","MutagenicStrength","Centennial Puzzle","StoneCalendar","Bottled Lightning","Whetstone"],"potions_floor_usage":[8,8,11,27],"damage_taken":[{"damage":4,"enemies":"Jaw Worm","floor":1,"turns":5},{"damage":0,"enemies":"Cultist","floor":2,"turns":4},{"damage":0,"enemies":"Small Slimes","floor":5,"turns":3},{"damage":12,"enemies":"Gremlin Nob","floor":6,"turns":5},{"damage":17,"enemies":"3 Sentries","floor":8,"turns":8},{"damage":12,"enemies":"Lagavulin","floor":11,"turns":5},{"damage":0,"enemies":"Gremlin Nob","floor":13,"turns":3},{"damage":5,"enemies":"Gremlin Gang","floor":14,"turns":3},{"damage":18,"enemies":"The Guardian","floor":16,"turns":8},{"damage":21,"enemies":"3 Byrds","floor":18,"turns":4},{"damage":7,"enemies":"2 Thieves","floor":20,"turns":4},{"damage":4,"enemies":"Slavers","floor":27,"turns":5},{"damage":10,"enemies":"Book of Stabbing","floor":29,"turns":4},{"damage":9,"enemies":"Snake Plant","floor":30,"turns":4},{"damage":19,"enemies":"Shelled Parasite and Fungi","floor":31,"turns":6},{"damage":31,"enemies":"Automaton","floor":33,"turns":4}],"seed_played":"-1021964722597499257","potions_obtained":[{"floor":1,"key":"SkillPotion"},{"floor":2,"key":"Swift Potion"},{"floor":8,"key":"SkillPotion"},{"floor":18,"key":"SmokeBomb"},{"floor":20,"key":"SpeedPotion"}],"is_trial":false,"path_per_floor":["M","M","?","?","M","E","R","E","T","R","E","R","E","M","R","B",null,"M","$","M","?","$","R","?","R","T","E","R","E","M","M","R","B"],"character_chosen":"THE_SILENT","items_purchased":["DollysMirror","Eviscerate"],"campfire_rested":4,"item_purchase_floors":[19,19],"current_hp_per_floor":[55,55,50,50,50,38,38,21,21,21,9,28,28,23,42,24,56,35,35,28,28,28,47,47,47,47,43,43,33,24,5,24,0],"gold":135,"neow_bonus":"UPGRADE_CARD","is_prod":false,"is_daily":false,"chose_seed":false,"campfire_upgraded":4,"win_rate":0,"timestamp":1556736559,"path_taken":["M","M","?","?","M","E","R","E","T","R","E","R","E","M","R","BOSS","M","$","?","?","?","R","?","R","T","E","R","E","M","M","R","BOSS"],"build_version":"2019-01-23","purchased_purges":1,"victory":false,"max_hp_per_floor":[66,66,66,66,66,66,66,66,66,66,66,66,66,66,66,66,66,66,66,66,66,66,66,66,66,66,66,66,66,66,66,66,66],"card_choices":[{"not_picked":["Skewer","Finisher"],"picked":"Dash","floor":1},{"not_picked":["Slice","Prepared"],"picked":"Poisoned Stab","floor":2},{"not_picked":["Cloak And Dagger","Blade Dance"],"picked":"Flying Knee","floor":5},{"not_picked":["Flechettes","Flying Knee"],"picked":"Poisoned Stab","floor":6},{"not_picked":["Dagger Throw","Sucker Punch"],"picked":"Noxious Fumes","floor":8},{"not_picked":["Backflip","Envenom"],"picked":"Well Laid Plans","floor":11},{"not_picked":["Flying Knee","Eviscerate"],"picked":"Deadly Poison","floor":12},{"not_picked":["Acrobatics","All Out Attack","Dagger Throw"],"picked":"SKIP","floor":13},{"not_picked":["Distraction","Dagger Spray"],"picked":"Blur","floor":14},{"not_picked":["Poisoned Stab","Deadly Poison"],"picked":"Caltrops","floor":15},{"not_picked":["Storm of Steel","A Thousand Cuts"],"picked":"Envenom","floor":16},{"not_picked":["Heel Hook","All Out Attack","Dodge and Roll"],"picked":"SKIP","floor":18},{"not_picked":["Deadly Poison","Sucker Punch","Backstab"],"picked":"SKIP","floor":20},{"not_picked":["All Out Attack","Dagger Throw"],"picked":"Underhanded Strike","floor":27},{"not_picked":["Slice","Acrobatics+1","Heel Hook+1"],"picked":"SKIP","floor":29},{"not_picked":["Acrobatics","Backstab+1"],"picked":"Dagger Spray","floor":30},{"not_picked":["Dagger Throw+1","Flying Knee"],"picked":"Underhanded Strike+1","floor":31},{"not_picked":["Quick Slash","Dagger Throw"],"picked":"Storm of Steel","floor":32}],"player_experience":1269211,"relics_obtained":[{"floor":6,"key":"Ancient Tea Set"},{"floor":8,"key":"Vajra"},{"floor":9,"key":"Orichalcum"},{"floor":11,"key":"Anchor"},{"floor":13,"key":"Bottled Tornado"},{"floor":26,"key":"StoneCalendar"},{"floor":27,"key":"Bottled Lightning"},{"floor":29,"key":"Whetstone"}],"event_choices":[{"damage_healed":0,"gold_gain":0,"player_choice":"Success","damage_taken":5,"relics_obtained":["Dream Catcher"],"max_hp_gain":0,"max_hp_loss":0,"event_name":"Scrap Ooze","floor":3,"gold_loss":0},{"damage_healed":0,"gold_gain":0,"player_choice":"Upgraded","damage_taken":0,"max_hp_gain":0,"max_hp_loss":0,"event_name":"Upgrade Shrine","floor":4,"gold_loss":0,"cards_upgraded":["Dash"]},{"damage_healed":0,"gold_gain":0,"player_choice":"Inject Mutagens","damage_taken":0,"relics_obtained":["MutagenicStrength"],"max_hp_gain":0,"max_hp_loss":0,"event_name":"Drug Dealer","floor":21,"gold_loss":0},{"damage_healed":0,"gold_gain":0,"player_choice":"Gave Potion","damage_taken":0,"relics_obtained":["Centennial Puzzle"],"max_hp_gain":0,"max_hp_loss":0,"event_name":"WeMeetAgain","floor":24,"gold_loss":0}],"is_beta":false,"boss_relics":[{"not_picked":["Lizard Tail","White Beast Statue"],"picked":"Snecko Eye"}],"items_purged_floors":[22],"is_endless":false,"potions_floor_spawned":[1,2,8,18,20],"killed_by":"Automaton","ascension_level":15}