{"gold_per_floor":[110,123,48,62,80,80,92,104,104,104,36,48,48,63,63,63],"floor_reached":16,"playtime":425,"items_purged":["Decay"],"score":154,"play_id":"742476dc-d5cf-4a5f-bd5d-d63bc735bba5","local_time":"20190320011046","is_ascension_mode":true,"campfire_choices":[{"data":"Neutralize","floor":6,"key":"SMITH"},{"floor":15,"key":"REST"}],"neow_cost":"NONE","seed_source_timestamp":603799097462854,"circlet_count":0,"master_deck":["AscendersBane","Defend_G","Defend_G","Defend_G","Defend_G","Defend_G","Strike_G","Strike_G","Strike_G","Strike_G","Strike_G","Survivor","Neutralize+1","Normality","Masterful Stab","Masterful Stab","Dagger Spray","Phantasmal Killer","Backstab","Deadly Poison","Backstab","Finisher"],"relics":["Calling Bell","Dream Catcher","Mercury Hourglass","The Specimen","PreservedInsect","Letter Opener"],"potions_floor_usage":[5,16,16],"damage_taken":[{"damage":4,"enemies":"2 Louse","floor":1,"turns":3},{"damage":2,"enemies":"Jaw Worm","floor":2,"turns":4},{"damage":0,"enemies":"Cultist","floor":4,"turns":3},{"damage":0,"enemies":"Blue Slaver","floor":5,"turns":1},{"damage":5,"enemies":"Large Slime","floor":7,"turns":5},{"damage":8,"enemies":"Looter","floor":8,"turns":3},{"damage":3,"enemies":"Blue Slaver","floor":12,"turns":3},{"damage":12,"enemies":"Exordium Thugs","floor":14,"turns":5},{"damage":43,"enemies":"Hexaghost","floor":16,"turns":9}],"seed_played":"2395898314841448661","potions_obtained":[{"floor":1,"key":"SteroidPotion"},{"floor":2,"key":"Fire Potion"},{"floor":7,"key":"Dexterity Potion"},{"floor":12,"key":"Weak Potion"}],"is_trial":false,"path_per_floor":["M","M","$","M","M","R","M","M","T","?","?","M","$","M","R","B"],"character_chosen":"THE_SILENT","items_purchased":[],"campfire_rested":1,"item_purchase_floors":[],"current_hp_per_floor":[59,57,57,57,57,57,52,44,44,37,37,34,34,22,43,0],"gold":63,"neow_bonus":"BOSS_RELIC","is_prod":false,"is_daily":false,"chose_seed":false,"campfire_upgraded":1,"win_rate":0,"timestamp":1553055046,"path_taken":["M","M","$","M","M","R","M","M","T","?","?","M","$","M","R","BOSS"],"build_version":"2019-01-23","purchased_purges":1,"victory":false,"max_hp_per_floor":[70,70,70,70,70,70,70,70,70,70,70,70,70,70,70,70],"card_choices":[{"not_picked":["Acrobatics","Heel Hook"],"picked":"Masterful Stab","floor":1},{"not_picked":["Leg Sweep","Quick Slash"],"picked":"Masterful Stab","floor":2},{"not_picked":["Dagger Throw","Quick Slash"],"picked":"Dagger Spray","floor":4},{"not_picked":["Predator","Eviscerate","Dagger Throw"],"picked":"SKIP","floor":5},{"not_picked":["Bane","Blade Dance"],"picked":"Phantasmal Killer","floor":7},{"not_picked":["Dagger Throw","Reflex"],"picked":"Backstab","floor":8},{"not_picked":["Prepared","Quick Slash"],"picked":"Deadly Poison","floor":12},{"not_picked":["Dagger Throw","Reflex"],"picked":"Backstab","floor":14},{"not_picked":["PiercingWail","Escape Plan"],"picked":"Finisher","floor":15}],"player_experience":976282,"relics_obtained":[{"floor":0,"key":"Dream Catcher"},{"floor":0,"key":"Mercury Hourglass"},{"floor":0,"key":"The Specimen"},{"floor":9,"key":"PreservedInsect"}],"event_choices":[{"cards_removed":["Decay"],"damage_healed":0,"gold_gain":0,"player_choice":"Card Removal","damage_taken":7,"max_hp_gain":0,"max_hp_loss":0,"event_name":"Golden Wing","floor":10,"gold_loss":0},{"damage_healed":0,"gold_gain":0,"player_choice":"Paid Gold","damage_taken":0,"relics_obtained":["Letter Opener"],"max_hp_gain":0,"max_hp_loss":0,"event_name":"WeMeetAgain","floor":11,"gold_loss":68}],"is_beta":false,"boss_relics":[],"items_purged_floors":[3],"is_endless":false,"potions_floor_spawned":[1,2,7,12,14],"killed_by":"Hexaghost","ascension_level":12}