{"gold_per_floor":[109,129,139,314,314,340,340,375,427,484,9,44,44,59,59,164,164,180,180,180,180,180,180,210,32,32,47,59,59,59,78,78,181,181,196,215,46,61,74,101,101,133,215,261,292,404,444,466,478,490,502,514,103,133,133],"floor_reached":56,"playtime":3783,"items_purged":["Strike_G+1","Regret","Normality"],"score":1563,"play_id":"49d89f51-a0bd-4abf-82bf-18cc251e613d","local_time":"20190425191919","is_ascension_mode":true,"campfire_choices":[{"data":"Well Laid Plans","floor":13,"key":"SMITH"},{"data":"Neutralize","floor":15,"key":"SMITH"},{"data":"Bouncing Flask","floor":23,"key":"SMITH"},{"data":"Footwork","floor":30,"key":"SMITH"},{"data":"Sucker Punch","floor":32,"key":"SMITH"},{"floor":41,"key":"RECALL"},{"data":"Wraith Form v2","floor":49,"key":"SMITH"},{"data":"Noxious Fumes","floor":52,"key":"SMITH"}],"neow_cost":"NONE","seed_source_timestamp":3886700201515135,"circlet_count":0,"master_deck":["Defend_G+1","Defend_G+1","Defend_G+1","Defend_G+1","Defend_G+1","Strike_G+1","Strike_G+1","Strike_G+1","Strike_G+1","Survivor","Neutralize+1","Quick Slash","Bouncing Flask+1","All Out Attack+1","Poisoned Stab","Crippling Poison+1","Distraction","Well Laid Plans+1","Escape Plan+1","Sucker Punch+1","PiercingWail","Deadly Poison","Outmaneuver","Wraith Form v2+1","PiercingWail","Footwork+1","Backstab","Cloak And Dagger","Catalyst+1","Bouncing Flask+1","Noxious Fumes+1","Backflip","Dodge and Roll","Acrobatics","Deadly Poison+1","Calculated Gamble+1","PanicButton+1","Burst+1"],"relics":["Ring of the Snake","Paper Crane","Orichalcum","Ancient Tea Set","Whetstone","Sling","Omamori","Busted Crown","PreservedInsect","Calipers","War Paint","Calling Bell","Juzu Bracelet","Pantograph","Du-Vu Doll","Boot","MawBank","Toxic Egg 2","Bag of Marbles","Happy Flower","Ice Cream"],"potions_floor_usage":[10,10,16,24,33,40,47,55,55,55],"damage_taken":[{"damage":0,"enemies":"Jaw Worm","floor":1,"turns":5},{"damage":0,"enemies":"Small Slimes","floor":2,"turns":3},{"damage":0,"enemies":"2 Louse","floor":3,"turns":2},{"damage":27,"enemies":"3 Sentries","floor":6,"turns":8},{"damage":29,"enemies":"Lagavulin","floor":8,"turns":8},{"damage":4,"enemies":"Lagavulin Event","floor":10,"turns":4},{"damage":5,"enemies":"3 Sentries","floor":12,"turns":5},{"damage":2,"enemies":"2 Fungi Beasts","floor":14,"turns":2},{"damage":0,"enemies":"Slime Boss","floor":16,"turns":6},{"damage":0,"enemies":"3 Byrds","floor":18,"turns":5},{"damage":0,"enemies":"Slavers","floor":24,"turns":4},{"damage":0,"enemies":"Spheric Guardian","floor":27,"turns":4},{"damage":2,"enemies":"Shelled Parasite and Fungi","floor":28,"turns":7},{"damage":0,"enemies":"Centurion and Healer","floor":31,"turns":6},{"damage":0,"enemies":"Champ","floor":33,"turns":13},{"damage":0,"enemies":"3 Shapes","floor":35,"turns":5},{"damage":4,"enemies":"3 Darklings","floor":36,"turns":5},{"damage":3,"enemies":"4 Shapes","floor":38,"turns":6},{"damage":0,"enemies":"Sphere and 2 Shapes","floor":39,"turns":5},{"damage":21,"enemies":"Nemesis","floor":40,"turns":5},{"damage":0,"enemies":"Giant Head","floor":42,"turns":7},{"damage":1,"enemies":"Nemesis","floor":44,"turns":7},{"damage":12,"enemies":"Jaw Worm Horde","floor":45,"turns":5},{"damage":0,"enemies":"Reptomancer","floor":47,"turns":5},{"damage":6,"enemies":"Transient","floor":48,"turns":5},{"damage":20,"enemies":"Time Eater","floor":50,"turns":8},{"damage":0,"enemies":"Shield and Spear","floor":54,"turns":6},{"damage":36,"enemies":"The Heart","floor":55,"turns":7}],"seed_played":"4103080699514098164","potions_obtained":[{"floor":6,"key":"SpeedPotion"},{"floor":8,"key":"Energy Potion"},{"floor":12,"key":"Swift Potion"},{"floor":14,"key":"Block Potion"},{"floor":18,"key":"Regen Potion"},{"floor":33,"key":"Strength Potion"},{"floor":40,"key":"Explosive Potion"},{"floor":42,"key":"LiquidBronze"},{"floor":47,"key":"PowerPotion"},{"floor":54,"key":"PowerPotion"}],"is_trial":false,"path_per_floor":["M","M","M","?","?","E","?","E","T","?","$","E","R","M","R","B",null,"M","?","?","?","?","R","E","$","T","M","M","?","R","M","R","B",null,"M","M","$","M","M","E","R","E","T","E","M","?","E","M","R","B",null,"R","$","E","B",null],"character_chosen":"THE_SILENT","items_purchased":["Well Laid Plans","Escape Plan","Sling","SteroidPotion","Sucker Punch","PiercingWail","Footwork","Backstab","Noxious Fumes","Happy Flower","PanicButton+1","Energy Potion"],"campfire_rested":0,"item_purchase_floors":[11,11,11,11,11,11,25,25,37,53,53,53],"current_hp_per_floor":[70,70,70,70,63,36,59,30,30,26,26,21,21,19,19,19,70,70,70,70,70,70,70,70,70,70,70,68,68,68,68,68,68,70,70,66,66,63,63,56,56,56,56,55,43,43,43,37,37,42,70,70,70,70,34],"gold":133,"neow_bonus":"THREE_CARDS","is_prod":false,"is_daily":false,"chose_seed":false,"campfire_upgraded":7,"win_rate":0,"timestamp":1556234359,"path_taken":["M","M","M","?","?","E","?","E","T","?","$","E","R","M","R","BOSS","M","?","?","?","?","R","E","$","T","?","M","?","R","M","R","BOSS","M","M","$","M","M","E","R","E","T","E","M","?","E","M","R","BOSS","R","$","E","BOSS"],"build_version":"2019-04-23","purchased_purges":3,"victory":true,"max_hp_per_floor":[70,70,70,70,70,70,70,70,70,70,70,70,70,70,70,70,70,70,70,70,70,70,70,70,70,70,70,70,70,70,70,70,70,70,70,70,70,70,70,70,70,70,70,70,70,70,70,70,70,70,70,70,70,70,70],"card_choices":[{"not_picked":["Blade Dance","Dodge and Roll"],"picked":"Quick Slash","floor":0},{"not_picked":["Sucker Punch","Dagger Throw"],"picked":"Bouncing Flask","floor":1},{"not_picked":["Heel Hook","Acrobatics"],"picked":"All Out Attack","floor":2},{"not_picked":["Slice","Riddle With Holes"],"picked":"Poisoned Stab","floor":3},{"not_picked":["Poisoned Stab","Backflip"],"picked":"Crippling Poison","floor":6},{"not_picked":["Endless Agony","Eviscerate"],"picked":"Distraction","floor":8},{"not_picked":["Backflip","Underhanded Strike"],"picked":"Deadly Poison","floor":12},{"not_picked":["Dodge and Roll","Acrobatics"],"picked":"Outmaneuver","floor":14},{"not_picked":["Grand Finale","Phantasmal Killer"],"picked":"Wraith Form v2","floor":16},{"not_picked":["Concentrate"],"picked":"SKIP","floor":18},{"not_picked":[],"picked":"PiercingWail","floor":24},{"not_picked":["Bane"],"picked":"SKIP","floor":27},{"not_picked":[],"picked":"Cloak And Dagger","floor":28},{"not_picked":["Sucker Punch"],"picked":"SKIP","floor":31},{"not_picked":[],"picked":"Catalyst+1","floor":35},{"not_picked":[],"picked":"Bouncing Flask+1","floor":36},{"not_picked":[],"picked":"Backflip","floor":38},{"not_picked":[],"picked":"Dodge and Roll","floor":39},{"not_picked":[],"picked":"Acrobatics","floor":40},{"not_picked":[],"picked":"Deadly Poison+1","floor":42},{"not_picked":["Dagger Throw"],"picked":"SKIP","floor":44},{"not_picked":[],"picked":"Calculated Gamble+1","floor":45},{"not_picked":["Backstab+1"],"picked":"SKIP","floor":47},{"not_picked":["Bane+1"],"picked":"SKIP","floor":48},{"not_picked":[],"picked":"Burst+1","floor":54}],"player_experience":5490729,"relics_obtained":[{"floor":6,"key":"Paper Crane"},{"floor":8,"key":"Orichalcum"},{"floor":9,"key":"Ancient Tea Set"},{"floor":10,"key":"Whetstone"},{"floor":12,"key":"Omamori"},{"floor":24,"key":"Calipers"},{"floor":26,"key":"War Paint"},{"floor":34,"key":"Juzu Bracelet"},{"floor":34,"key":"Pantograph"},{"floor":34,"key":"Du-Vu Doll"},{"floor":40,"key":"Boot"},{"floor":42,"key":"MawBank"},{"floor":44,"key":"Toxic Egg 2"},{"floor":47,"key":"Bag of Marbles"},{"floor":54,"key":"Ice Cream"}],"event_choices":[{"damage_healed":0,"gold_gain":175,"player_choice":"AGREE","damage_taken":0,"max_hp_gain":0,"max_hp_loss":0,"event_name":"Liars Game","floor":4,"gold_loss":0,"cards_obtained":["Doubt"]},{"cards_removed":["Doubt"],"damage_healed":0,"gold_gain":0,"player_choice":"Card Removal","damage_taken":7,"max_hp_gain":0,"max_hp_loss":0,"event_name":"Golden Wing","floor":5,"gold_loss":0},{"damage_healed":23,"gold_gain":0,"player_choice":"Banana","damage_taken":0,"max_hp_gain":0,"max_hp_loss":0,"event_name":"Big Fish","floor":7,"gold_loss":0},{"damage_healed":0,"gold_gain":0,"player_choice":"Searched \u00271\u0027 times","damage_taken":0,"max_hp_gain":0,"max_hp_loss":0,"event_name":"Dead Adventurer","floor":10,"gold_loss":0},{"damage_healed":0,"gold_gain":0,"player_choice":"Opened","damage_taken":0,"relics_obtained":["PreservedInsect"],"max_hp_gain":0,"max_hp_loss":0,"event_name":"The Mausoleum","floor":19,"gold_loss":0,"cards_obtained":["Writhe"]},{"damage_healed":0,"gold_gain":0,"player_choice":"Simplicity","damage_taken":0,"max_hp_gain":0,"max_hp_loss":0,"event_name":"Back to Basics","floor":20,"gold_loss":0,"cards_upgraded":["Defend_G","Defend_G","Defend_G","Defend_G","Defend_G","Strike_G","Strike_G","Strike_G","Strike_G"]},{"damage_healed":0,"gold_gain":0,"player_choice":"Ignored","damage_taken":0,"max_hp_gain":0,"max_hp_loss":0,"event_name":"Vampires","floor":21,"gold_loss":0},{"damage_healed":0,"gold_gain":0,"player_choice":"Ignored","damage_taken":0,"max_hp_gain":0,"max_hp_loss":0,"event_name":"N\u0027loth","floor":22,"gold_loss":0},{"damage_healed":0,"gold_gain":0,"player_choice":"Ignored","damage_taken":0,"max_hp_gain":0,"max_hp_loss":0,"event_name":"Beggar","floor":29,"gold_loss":0},{"damage_healed":0,"gold_gain":100,"player_choice":"Pray","damage_taken":0,"max_hp_gain":0,"max_hp_loss":0,"event_name":"Golden Shrine","floor":46,"gold_loss":0}],"is_beta":true,"boss_relics":[{"not_picked":["Eternal Feather","Fusion Hammer"],"picked":"Busted Crown"},{"not_picked":["Velvet Choker","HoveringKite"],"picked":"Calling Bell"}],"items_purged_floors":[25,37,53],"is_endless":false,"potions_floor_spawned":[6,8,12,14,18,33,40,42,45,47,54],"ascension_level":1}