{"gold_per_floor":[112,187,200,200,216,251,251,261,261,261,261,261,274,293,293,293],"floor_reached":16,"playtime":612,"items_purged":[],"score":173,"play_id":"72eb7d23-8788-4668-88b2-2f8d21f8d776","local_time":"20190412010356","is_ascension_mode":true,"campfire_choices":[{"data":"Redo","floor":7,"key":"SMITH"},{"data":"Hologram","floor":10,"key":"SMITH"},{"floor":15,"key":"REST"}],"neow_cost":"NONE","seed_source_timestamp":40332153778808,"circlet_count":0,"master_deck":["AscendersBane","Strike_B","Strike_B","Strike_B","Defend_B","Defend_B","Defend_B","Defend_B","Zap","Dualcast","Redo+1","Rebound","Hologram+1","Beam Cell","Gash","Coolheaded"],"relics":["Cracked Core","Meat on the Bone","Golden Idol","Matryoshka"],"potions_floor_usage":[16],"damage_taken":[{"damage":5,"enemies":"Small Slimes","floor":1,"turns":3},{"damage":1,"enemies":"2 Louse","floor":3,"turns":2},{"damage":1,"enemies":"Cultist","floor":5,"turns":3},{"damage":20,"enemies":"Gremlin Nob","floor":6,"turns":4},{"damage":8,"enemies":"3 Louse","floor":8,"turns":4},{"damage":3,"enemies":"Blue Slaver","floor":13,"turns":3},{"damage":5,"enemies":"Large Slime","floor":14,"turns":4},{"damage":62,"enemies":"Slime Boss","floor":16,"turns":9}],"seed_played":"-9005743950190303282","potions_obtained":[{"floor":3,"key":"LiquidBronze"},{"floor":8,"key":"Energy Potion"}],"is_trial":false,"path_per_floor":["M","?","M","?","M","E","R","M","T","R","?","?","M","M","R","B"],"character_chosen":"DEFECT","items_purchased":[],"campfire_rested":1,"item_purchase_floors":[],"current_hp_per_floor":[66,55,54,54,53,33,33,37,37,37,37,34,43,38,59,0],"gold":293,"neow_bonus":"TEN_PERCENT_HP_BONUS","is_prod":false,"is_daily":false,"chose_seed":false,"campfire_upgraded":2,"win_rate":0,"timestamp":1555041836,"path_taken":["M","?","M","?","M","E","R","?","T","R","?","?","M","M","R","BOSS"],"build_version":"2019-01-23","purchased_purges":0,"victory":false,"max_hp_per_floor":[78,78,78,78,78,78,78,78,78,78,72,72,72,72,72,72],"card_choices":[{"not_picked":["Barrage","Rebound"],"picked":"Redo","floor":1},{"not_picked":["White Noise","Stack"],"picked":"Rebound","floor":3},{"not_picked":["Beam Cell","Streamline"],"picked":"Hologram","floor":5},{"not_picked":["Heatsinks","White Noise"],"picked":"Beam Cell","floor":6},{"not_picked":["Reinforced Body","Conserve Battery"],"picked":"Gash","floor":8},{"not_picked":["Genetic Algorithm","Barrage","Turbo"],"picked":"SKIP","floor":13},{"not_picked":["FTL","Undo"],"picked":"Coolheaded","floor":14}],"player_experience":1080803,"relics_obtained":[{"floor":6,"key":"Meat on the Bone"}],"event_choices":[{"damage_healed":0,"gold_gain":75,"player_choice":"Gather Gold","damage_taken":11,"max_hp_gain":0,"max_hp_loss":0,"event_name":"World of Goop","floor":2,"gold_loss":0},{"cards_removed":["Strike_B"],"damage_healed":0,"gold_gain":0,"player_choice":"Purged","damage_taken":0,"max_hp_gain":0,"max_hp_loss":0,"event_name":"Purifier","floor":4,"gold_loss":0},{"damage_healed":0,"gold_gain":0,"player_choice":"Lose Max HP","damage_taken":0,"relics_obtained":["Golden Idol"],"max_hp_gain":0,"max_hp_loss":6,"event_name":"Golden Idol","floor":11,"gold_loss":0},{"damage_healed":0,"gold_gain":0,"player_choice":"Success","damage_taken":3,"relics_obtained":["Matryoshka"],"max_hp_gain":0,"max_hp_loss":0,"event_name":"Scrap Ooze","floor":12,"gold_loss":0}],"is_beta":false,"boss_relics":[],"items_purged_floors":[],"is_endless":false,"potions_floor_spawned":[3,8,14],"killed_by":"Slime Boss","ascension_level":14}