{"gold_per_floor":[115,115,132,57,57,93,368,381,404,404,114,114,148,161,161,260,323,278,293,316,316,316],"floor_reached":22,"playtime":673,"items_purged":["Regret"],"score":427,"play_id":"6ac7461a-8a52-4d39-bc33-89a3d2488e25","local_time":"20190404173813","is_ascension_mode":true,"campfire_choices":[{"data":"Dualcast","floor":10,"key":"SMITH"},{"data":"Streamline","floor":12,"key":"SMITH"},{"data":"Darkness","floor":15,"key":"SMITH"}],"neow_cost":"NONE","seed_source_timestamp":38051196682500,"circlet_count":0,"master_deck":["AscendersBane","Strike_B+1","Strike_B","Defend_B","Defend_B","Defend_B","Defend_B+1","Zap+1","Dualcast+1","Reinforced Body","Ball Lightning","Streamline+1","Undo","Conserve Battery","Darkness+1","Biased Cognition","Coolheaded","Ball Lightning","Darkness","Darkness"],"relics":["Cracked Core","NeowsBlessing","Golden Idol","Strawberry","Art of War","Runic Capacitor","Dodecahedron","Tiny House"],"potions_floor_usage":[16,18,19],"damage_taken":[{"damage":0,"enemies":"2 Louse","floor":1,"turns":1},{"damage":0,"enemies":"Small Slimes","floor":3,"turns":1},{"damage":0,"enemies":"Gremlin Nob","floor":6,"turns":1},{"damage":1,"enemies":"Cultist","floor":8,"turns":3},{"damage":10,"enemies":"3 Sentries","floor":13,"turns":6},{"damage":0,"enemies":"3 Louse","floor":14,"turns":2},{"damage":3,"enemies":"The Guardian","floor":16,"turns":10},{"damage":14,"enemies":"2 Thieves","floor":18,"turns":5},{"damage":0,"enemies":"Spheric Guardian","floor":19,"turns":5},{"damage":29,"enemies":"Snecko","floor":20,"turns":5},{"damage":24,"enemies":"3 Cultists","floor":22,"turns":3}],"seed_played":"571964027413309626","potions_obtained":[{"floor":6,"key":"FearPotion"},{"floor":8,"key":"Fire Potion"},{"floor":16,"key":"SpeedPotion"},{"floor":18,"key":"GamblersBrew"}],"is_trial":false,"path_per_floor":["M","?","M","?","?","E","?","M","T","R","$","R","E","M","R","B",null,"M","M","M","?","M"],"character_chosen":"DEFECT","items_purchased":["Runic Capacitor"],"campfire_rested":0,"item_purchase_floors":[11],"current_hp_per_floor":[64,43,43,43,43,50,50,49,49,49,49,49,39,39,39,36,67,53,53,24,24,0],"gold":316,"neow_bonus":"THREE_ENEMY_KILL","is_prod":false,"is_daily":false,"chose_seed":false,"campfire_upgraded":3,"win_rate":0,"timestamp":1554392293,"path_taken":["M","?","M","?","?","E","?","M","T","R","$","R","E","M","R","BOSS","M","?","M","?","M"],"build_version":"2019-01-23","purchased_purges":1,"victory":false,"max_hp_per_floor":[71,71,71,71,64,71,71,71,71,71,71,71,71,71,71,71,76,76,76,76,76,76],"card_choices":[{"not_picked":["Coolheaded","Heatsinks"],"picked":"Reinforced Body","floor":1},{"not_picked":["Coolheaded","Steam"],"picked":"Ball Lightning","floor":3},{"not_picked":["Steam","Beam Cell"],"picked":"Streamline","floor":6},{"not_picked":["Blizzard","Coolheaded"],"picked":"Undo","floor":8},{"not_picked":["Capacitor","Reprogram"],"picked":"Conserve Battery","floor":13},{"not_picked":["Go for the Eyes","Multi-Cast"],"picked":"Darkness","floor":14},{"not_picked":["Reboot","Rainbow"],"picked":"Biased Cognition","floor":16},{"not_picked":["Recycle","Beam Cell"],"picked":"Coolheaded","floor":17},{"not_picked":["Recycle","Steam"],"picked":"Ball Lightning","floor":18},{"not_picked":["Tempest","White Noise"],"picked":"Darkness","floor":19},{"not_picked":["Genetic Algorithm","Stack"],"picked":"Darkness","floor":20}],"player_experience":576978,"relics_obtained":[{"floor":6,"key":"Strawberry"},{"floor":9,"key":"Art of War"},{"floor":13,"key":"Dodecahedron"}],"event_choices":[{"damage_healed":0,"gold_gain":0,"player_choice":"Entered Light","damage_taken":21,"max_hp_gain":0,"max_hp_loss":0,"event_name":"Shining Light","floor":2,"gold_loss":0,"cards_upgraded":["Strike_B","Zap"]},{"cards_removed":["Strike_B"],"damage_healed":0,"gold_gain":0,"player_choice":"Card Removal","damage_taken":0,"max_hp_gain":0,"max_hp_loss":0,"event_name":"The Cleric","floor":4,"gold_loss":75},{"damage_healed":0,"gold_gain":0,"player_choice":"Lose Max HP","damage_taken":0,"relics_obtained":["Golden Idol"],"max_hp_gain":0,"max_hp_loss":7,"event_name":"Golden Idol","floor":5,"gold_loss":0},{"damage_healed":0,"gold_gain":275,"player_choice":"Desecrate","damage_taken":0,"max_hp_gain":0,"max_hp_loss":0,"event_name":"Golden Shrine","floor":7,"gold_loss":0,"cards_obtained":["Regret"]},{"cards_removed":["Strike_B"],"damage_healed":0,"gold_gain":0,"player_choice":"Purged","damage_taken":0,"max_hp_gain":0,"max_hp_loss":0,"event_name":"Purifier","floor":21,"gold_loss":0}],"is_beta":false,"boss_relics":[{"not_picked":["Busted Crown","Ectoplasm"],"picked":"Tiny House"}],"items_purged_floors":[11],"is_endless":false,"potions_floor_spawned":[6,8,14,16,18],"killed_by":"3 Cultists","ascension_level":19}