{"gold_per_floor":[110,110,130,154,172,205,29,42,42,57,72,5,5,19,19,119,119,131,82,181,181,171,171,184,184,184,198,15,30,30,30,30,131,131,144,244,244,254,269,269,302,302,302,302,302,327,346,346],"floor_reached":48,"playtime":2348,"items_purged":[],"score":542,"play_id":"44d2e73b-df9c-49df-8024-9aa67024d4f5","local_time":"20190416184158","is_ascension_mode":true,"campfire_choices":[{"data":"Poisoned Stab","floor":13.0,"key":"SMITH"},{"floor":15.0,"key":"REST"},{"floor":23.0,"key":"REST"},{"data":"Adrenaline","floor":25.0,"key":"SMITH"},{"data":"Noxious Fumes","floor":32,"key":"SMITH"},{"floor":40,"key":"REST"},{"floor":42,"key":"REST"},{"floor":45,"key":"REST"}],"neow_cost":"NONE","seed_source_timestamp":0,"circlet_count":0,"master_deck":["Defend_G","Defend_G","Defend_G","Defend_G+1","Defend_G","Strike_G","Strike_G","Strike_G","Strike_G","Strike_G","Survivor","Neutralize","Footwork","Deflect","Poisoned Stab+1","Catalyst","Cloak And Dagger","Deadly Poison","Crippling Poison","Distraction","Adrenaline+1","Accuracy","Poisoned Stab","Necronomicurse","Blade Dance+1","Backstab","Underhanded Strike","Noxious Fumes+1","A Thousand Cuts+1","Bane","Backflip+1","Footwork+1","Neutralize","Cloak And Dagger+1"],"special_seed":0,"relics":["Ring of the Snake","Snake Skull","Oddly Smooth Stone","Torii","Strawberry","Singing Bowl","Lizard Tail","Necronomicon","Blood Vial","Boot","Fusion Hammer","Tingsha","Bag of Preparation","War Paint","Letter Opener"],"potions_floor_usage":[33,33,38,41,41,46],"damage_taken":[{"damage":0.0,"enemies":"2 Louse","floor":1.0,"turns":2.0},{"damage":0.0,"enemies":"Cultist","floor":3.0,"turns":4.0},{"damage":0.0,"enemies":"Jaw Worm","floor":5.0,"turns":7.0},{"damage":23.0,"enemies":"3 Sentries","floor":6.0,"turns":13.0},{"damage":6.0,"enemies":"3 Louse","floor":8.0,"turns":5.0},{"damage":1.0,"enemies":"Looter","floor":10.0,"turns":4.0},{"damage":1.0,"enemies":"Large Slime","floor":11.0,"turns":9.0},{"damage":0.0,"enemies":"Red Slaver","floor":14.0,"turns":4.0},{"damage":5.0,"enemies":"Hexaghost","floor":16.0,"turns":9.0},{"damage":13.0,"enemies":"Chosen","floor":18.0,"turns":7.0},{"damage":2.0,"enemies":"2 Thieves","floor":22.0,"turns":4.0},{"damage":11.0,"enemies":"Snecko","floor":24.0,"turns":5.0},{"damage":11.0,"enemies":"Centurion and Healer","floor":27.0,"turns":6.0},{"damage":8.0,"enemies":"Shelled Parasite and Fungi","floor":29.0,"turns":5.0},{"damage":56,"enemies":"Collector","floor":33,"turns":7},{"damage":30,"enemies":"3 Darklings","floor":35,"turns":5},{"damage":12,"enemies":"Mind Bloom Boss Battle","floor":36,"turns":8},{"damage":10,"enemies":"3 Shapes","floor":38,"turns":3},{"damage":26,"enemies":"3 Darklings","floor":39,"turns":3},{"damage":39,"enemies":"Reptomancer","floor":41,"turns":7},{"damage":36,"enemies":"Giant Head","floor":46,"turns":8},{"damage":7,"enemies":"4 Shapes","floor":47,"turns":4},{"damage":53,"enemies":"Reptomancer","floor":48,"turns":5}],"seed_played":"113335037269935565","potions_obtained":[{"floor":1.0,"key":"Energy Potion"},{"floor":6.0,"key":"Dexterity Potion"},{"floor":8.0,"key":"Poison Potion"},{"floor":29,"key":"SkillPotion"},{"floor":33,"key":"Fire Potion"},{"floor":35,"key":"Block Potion"},{"floor":36,"key":"Regen Potion"},{"floor":41,"key":"Swift Potion"}],"is_trial":false,"path_per_floor":["M","?","M","T","M","E","$","M","T","M","M","$","R","M","R","B",null,"M","$","?","?","M","R","M","R","T","M","$","M","?","$","R","B",null,"M","?","?","M","M","R","E","R","T","?","R","E","M","E"],"character_chosen":"THE_SILENT","items_purchased":["Strawberry","Cloak And Dagger","Crippling Poison","Poisoned Stab","Boot","Noxious Fumes"],"campfire_rested":5,"item_purchase_floors":[7,7,12,19,28,28],"current_hp_per_floor":[70,70,70,70,70,47,54,48,48,49,50,50,50,50,74,69,81,68,68,68,52,50,74,63,63,63,54,54,50,50,50,50,41,83,55,45,45,39,15,41,19,45,45,45,71,37,34,0],"gold":346,"neow_bonus":"RANDOM_COMMON_RELIC","is_prod":false,"is_daily":false,"chose_seed":false,"campfire_upgraded":3,"win_rate":0,"timestamp":1555454518,"path_taken":["M","?","?","?","M","E","?","M","T","M","M","$","R","M","R","BOSS","M","$","?","?","M","R","M","R","T","M","$","M","?","$","R","BOSS","M","?","?","M","?","R","E","R","T","?","R","E","?","E"],"build_version":"2019-01-23","purchased_purges":0,"victory":false,"max_hp_per_floor":[70,70,70,70,70,70,77,77,77,79,81,81,81,81,81,81,81,81,81,81,81,81,81,81,81,81,81,81,83,83,83,83,83,83,85,85,85,87,87,87,87,87,87,87,87,87,89,89],"card_choices":[{"not_picked":["Quick Slash","Dagger Throw"],"picked":"Footwork","floor":1.0},{"not_picked":["Expertise","Sucker Punch"],"picked":"Deflect","floor":3.0},{"not_picked":["Skewer","Sucker Punch"],"picked":"Poisoned Stab","floor":5.0},{"not_picked":["Bouncing Flask","Accuracy"],"picked":"Catalyst","floor":6.0},{"not_picked":["Escape Plan","Sucker Punch"],"picked":"Deadly Poison","floor":8.0},{"not_picked":["Prepared","Masterful Stab","Flying Knee"],"picked":"Singing Bowl","floor":10.0},{"not_picked":["Glass Knife","Leg Sweep","Dagger Throw"],"picked":"Singing Bowl","floor":11.0},{"not_picked":["Masterful Stab","Cloak And Dagger"],"picked":"Distraction","floor":14.0},{"not_picked":["Phantasmal Killer","Grand Finale"],"picked":"Adrenaline","floor":16.0},{"not_picked":["Deflect","Expertise"],"picked":"Accuracy","floor":18.0},{"not_picked":["Prepared","Outmaneuver"],"picked":"Blade Dance","floor":22.0},{"not_picked":["Distraction","Flechettes"],"picked":"Backstab","floor":24.0},{"not_picked":["Backstab","Bouncing Flask"],"picked":"Underhanded Strike","floor":27.0},{"not_picked":["Acrobatics","Masterful Stab+1","Slice"],"picked":"Singing Bowl","floor":29},{"not_picked":["Glass Knife","Adrenaline"],"picked":"A Thousand Cuts","floor":33},{"not_picked":["Eviscerate","Deadly Poison","Prepared"],"picked":"Singing Bowl","floor":35},{"not_picked":["Dagger Spray","All Out Attack"],"picked":"Bane","floor":36},{"not_picked":["Flechettes","Outmaneuver","Footwork"],"picked":"Singing Bowl","floor":38},{"not_picked":["Backstab+1","Outmaneuver+1"],"picked":"Backflip+1","floor":39},{"not_picked":["Slice+1","Endless Agony"],"picked":"Footwork+1","floor":41},{"not_picked":["Quick Slash","Deadly Poison"],"picked":"Cloak And Dagger+1","floor":46},{"not_picked":["Deadly Poison","Cloak And Dagger","Quick Slash"],"picked":"Singing Bowl","floor":47}],"player_experience":80452,"relics_obtained":[{"floor":4.0,"key":"Oddly Smooth Stone"},{"floor":6.0,"key":"Torii"},{"floor":9.0,"key":"Singing Bowl"},{"floor":21.0,"key":"Necronomicon"},{"floor":26.0,"key":"Blood Vial"},{"floor":36,"key":"Tingsha"},{"floor":41,"key":"Bag of Preparation"},{"floor":43,"key":"War Paint"},{"floor":46,"key":"Letter Opener"}],"event_choices":[{"damage_healed":0.0,"max_hp_gain":0.0,"max_hp_loss":0.0,"gold_gain":0.0,"event_name":"Wheel of Change","player_choice":"Full Heal","floor":2.0,"gold_loss":0.0,"damage_taken":0.0},{"damage_healed":0.0,"max_hp_gain":0.0,"max_hp_loss":0.0,"gold_gain":99.0,"event_name":"Nest","player_choice":"Stole From Cult","floor":20.0,"gold_loss":0.0,"damage_taken":0.0},{"damage_healed":0.0,"max_hp_gain":0.0,"max_hp_loss":0.0,"gold_gain":0.0,"event_name":"Cursed Tome","player_choice":"Obtained Book","floor":21.0,"gold_loss":0.0,"damage_taken":16.0},{"damage_healed":0,"gold_gain":0,"player_choice":"Ignored","damage_taken":0,"max_hp_gain":0,"max_hp_loss":0,"event_name":"Beggar","floor":30,"gold_loss":0},{"damage_healed":0,"gold_gain":0,"player_choice":"Fight","damage_taken":0,"max_hp_gain":0,"max_hp_loss":0,"event_name":"MindBloom","floor":36,"gold_loss":0},{"damage_healed":0,"gold_gain":0,"player_choice":"Upgraded","damage_taken":0,"max_hp_gain":0,"max_hp_loss":0,"event_name":"Upgrade Shrine","floor":37,"gold_loss":0,"cards_upgraded":["A Thousand Cuts"]},{"damage_healed":0,"gold_gain":0,"player_choice":"1 cards matched","damage_taken":0,"max_hp_gain":0,"max_hp_loss":0,"event_name":"Match and Keep!","floor":44,"gold_loss":0,"cards_obtained":["Neutralize"]}],"is_beta":false,"boss_relics":[{"not_picked":["Tiny House","Ectoplasm"],"picked":"Lizard Tail"},{"not_picked":["Coffee Dripper","HoveringKite"],"picked":"Fusion Hammer"}],"items_purged_floors":[],"is_endless":false,"potions_floor_spawned":[1,6,8,10,14,18,29,33,35,36,41],"killed_by":"Reptomancer","ascension_level":1}