{"gold_per_floor":[116,135,145,145,159,190,190,204,204,204,220,2,29,47,47,120,120,131,181,181,195,32,32,32,46,46,46,46,46,60,72,72,149,149,169,66,66,85,360,360,360],"floor_reached":41,"playtime":1573,"items_purged":["Strike_R","Writhe"],"score":938,"play_id":"72002093-1636-48aa-a07a-c138a764fc8b","local_time":"20190504211813","is_ascension_mode":true,"campfire_choices":[{"floor":7,"key":"REST"},{"data":"Demon Form","floor":10,"key":"SMITH"},{"data":"Flame Barrier","floor":15,"key":"SMITH"},{"floor":23,"key":"REST"},{"data":"Rage","floor":29,"key":"SMITH"},{"data":"Heavy Blade","floor":32,"key":"SMITH"},{"data":"Battle Trance","floor":40,"key":"SMITH"}],"neow_cost":"TEN_PERCENT_HP_LOSS","seed_source_timestamp":45988853000700,"circlet_count":0,"master_deck":["AscendersBane","Strike_R","Strike_R","Strike_R","Strike_R","Defend_R","Defend_R","Defend_R","Defend_R","Bash","Demon Form+1","Sword Boomerang","Battle Trance+1","Flex","Shrug It Off","Rage+1","Heavy Blade+1","Flame Barrier+1","Flame Barrier+1","Reaper","True Grit+1","Combust","Double Tap+1","Writhe","Flame Barrier+1","Pain","Shrug It Off+1","Rage+1","Disarm+1","Exhume+1","Normality","Decay","Thunderclap+1","Shrug It Off+1","Regret"],"relics":["Burning Blood","Vajra","Anchor","Matryoshka","Toxic Egg 2","Cursed Key","Regal Pillow","Blue Candle","Self Forming Clay","Du-Vu Doll","Calling Bell","Smiling Mask","Darkstone Periapt","Turnip"],"potions_floor_usage":[16,25,38],"damage_taken":[{"damage":5,"enemies":"2 Louse","floor":1,"turns":4},{"damage":9,"enemies":"Small Slimes","floor":2,"turns":4},{"damage":2,"enemies":"Jaw Worm","floor":3,"turns":5},{"damage":11,"enemies":"Blue Slaver","floor":5,"turns":4},{"damage":35,"enemies":"3 Sentries","floor":6,"turns":7},{"damage":0,"enemies":"Red Slaver","floor":8,"turns":3},{"damage":3,"enemies":"2 Fungi Beasts","floor":11,"turns":3},{"damage":9,"enemies":"Lagavulin","floor":13,"turns":8},{"damage":3,"enemies":"Lots of Slimes","floor":14,"turns":4},{"damage":31,"enemies":"The Guardian","floor":16,"turns":9},{"damage":24,"enemies":"Spheric Guardian","floor":18,"turns":5},{"damage":8,"enemies":"Shell Parasite","floor":21,"turns":9},{"damage":28,"enemies":"Snake Plant","floor":25,"turns":4},{"damage":9,"enemies":"Centurion and Healer","floor":30,"turns":8},{"damage":5,"enemies":"Snecko","floor":31,"turns":4},{"damage":52,"enemies":"Automaton","floor":33,"turns":11},{"damage":29,"enemies":"Orb Walker","floor":35,"turns":4},{"damage":22,"enemies":"3 Darklings","floor":38,"turns":10},{"damage":72,"enemies":"Nemesis","floor":41,"turns":6}],"seed_played":"-6925706791042814120","potions_obtained":[{"floor":5,"key":"LiquidBronze"},{"floor":6,"key":"Explosive Potion"},{"floor":16,"key":"FearPotion"},{"floor":21,"key":"FearPotion"},{"floor":33,"key":"Strength Potion"},{"floor":38,"key":"SteroidPotion"}],"is_trial":false,"path_per_floor":["M","M","M","?","M","E","R","M","T","R","M","$","E","M","R","B",null,"M","?","?","M","$","R","T","M","T","$","?","R","M","M","R","B",null,"M","$","?","M","?","R","E"],"character_chosen":"IRONCLAD","items_purchased":["Heavy Blade","Flame Barrier","Double Tap+1","Shrug It Off+1"],"campfire_rested":2,"item_purchase_floors":[12,12,22,36],"current_hp_per_floor":[68,65,68,50,45,16,36,42,42,42,45,45,42,45,45,20,56,47,47,28,31,31,52,52,35,35,35,35,35,48,53,53,7,57,50,50,50,63,69,69,0],"gold":360,"neow_bonus":"THREE_RARE_CARDS","is_prod":false,"is_daily":false,"chose_seed":false,"campfire_upgraded":5,"win_rate":0,"timestamp":1556997493,"path_taken":["M","M","M","?","M","E","R","M","T","R","M","$","E","M","R","BOSS","M","?","?","M","?","R","?","?","T","$","?","R","M","M","R","BOSS","M","?","?","M","?","R","E"],"build_version":"2019-01-23","purchased_purges":2,"victory":false,"max_hp_per_floor":[68,68,68,68,68,68,68,68,68,68,68,68,68,68,68,68,68,68,68,73,73,73,73,73,73,73,73,73,73,73,73,73,73,73,73,73,73,73,79,79,79],"card_choices":[{"not_picked":["Dark Embrace","Exhume"],"picked":"Demon Form","floor":0},{"not_picked":["Perfected Strike","Twin Strike"],"picked":"Sword Boomerang","floor":1},{"not_picked":["Warcry","Hemokinesis"],"picked":"Battle Trance","floor":2},{"not_picked":["Flex","Second Wind","Body Slam"],"picked":"SKIP","floor":3},{"not_picked":["Perfected Strike","Evolve"],"picked":"Rampage","floor":5},{"not_picked":["Rupture","Clash"],"picked":"Flex","floor":6},{"not_picked":["Flex","Corruption"],"picked":"Shrug It Off","floor":8},{"not_picked":["Body Slam","Battle Trance"],"picked":"Rage","floor":11},{"not_picked":["Body Slam","Immolate"],"picked":"Flame Barrier","floor":13},{"not_picked":["Rupture","Anger","Clothesline"],"picked":"SKIP","floor":14},{"not_picked":["Offering+1","Fiend Fire"],"picked":"Reaper","floor":16},{"not_picked":["Spot Weakness+1","Carnage+1"],"picked":"True Grit+1","floor":18},{"not_picked":["Clothesline","Armaments+1"],"picked":"Combust","floor":21},{"not_picked":["Power Through+1","True Grit+1"],"picked":"Flame Barrier+1","floor":25},{"not_picked":["Iron Wave","Evolve"],"picked":"Rage+1","floor":30},{"not_picked":["Anger","Fire Breathing"],"picked":"Disarm+1","floor":31},{"not_picked":["Feed","Bludgeon"],"picked":"Exhume+1","floor":33},{"not_picked":["Hemokinesis","Anger"],"picked":"Thunderclap+1","floor":35},{"not_picked":["Wild Strike","Headbutt+1","Warcry+1"],"picked":"SKIP","floor":38}],"player_experience":659876,"relics_obtained":[{"floor":6,"key":"Anchor"},{"floor":9,"key":"Matryoshka"},{"floor":13,"key":"Toxic Egg 2"},{"floor":24,"key":"Regal Pillow"},{"floor":24,"key":"Blue Candle"},{"floor":26,"key":"Self Forming Clay"},{"floor":26,"key":"Du-Vu Doll"},{"floor":34,"key":"Smiling Mask"},{"floor":34,"key":"Darkstone Periapt"},{"floor":34,"key":"Turnip"}],"event_choices":[{"damage_healed":0,"gold_gain":0,"player_choice":"Success","damage_taken":18,"relics_obtained":["Vajra"],"max_hp_gain":0,"max_hp_loss":0,"event_name":"Scrap Ooze","floor":4,"gold_loss":0},{"damage_healed":0,"gold_gain":50,"player_choice":"Stole From Cult","damage_taken":0,"max_hp_gain":0,"max_hp_loss":0,"event_name":"Nest","floor":19,"gold_loss":0},{"damage_healed":0,"gold_gain":0,"player_choice":"Shed Blood","damage_taken":24,"max_hp_gain":5,"max_hp_loss":0,"event_name":"Forgotten Altar","floor":20,"gold_loss":0},{"damage_healed":0,"gold_gain":0,"player_choice":"Copied","damage_taken":0,"max_hp_gain":0,"max_hp_loss":0,"event_name":"Duplicator","floor":28,"gold_loss":0,"cards_obtained":["Shrug It Off"]},{"cards_removed":["Rampage"],"damage_healed":0,"gold_gain":0,"player_choice":"Removed Attack","damage_taken":0,"max_hp_gain":0,"max_hp_loss":0,"event_name":"Falling","floor":37,"gold_loss":0},{"damage_healed":0,"gold_gain":275,"player_choice":"Desecrate","damage_taken":0,"max_hp_gain":0,"max_hp_loss":0,"event_name":"Golden Shrine","floor":39,"gold_loss":0,"cards_obtained":["Regret"]}],"is_beta":false,"boss_relics":[{"not_picked":["Eternal Feather","Tiny House"],"picked":"Cursed Key"},{"not_picked":["Black Blood","Sozu"],"picked":"Calling Bell"}],"items_purged_floors":[12,36],"is_endless":false,"potions_floor_spawned":[5,6,8,14,16,21,33,38],"killed_by":"Nemesis","ascension_level":18}