{"gold_per_floor":[212,230,64,80,45,74,74,108,108,108,142,142,122,135,135,213,213,230,240,256,149,149],"floor_reached":22,"playtime":945,"items_purged":["Pain"],"score":377,"play_id":"08f1cbf1-0422-402f-8d12-1b97b3b161ad","local_time":"20190203144942","is_ascension_mode":true,"campfire_choices":[{"floor":7,"key":"REST"},{"data":"Zap","floor":10,"key":"SMITH"},{"data":"Sunder","floor":12,"key":"SMITH"},{"data":"Consume","floor":15,"key":"SMITH"}],"neow_cost":"NONE","seed_source_timestamp":860452586863800,"circlet_count":0,"master_deck":["AscendersBane","Strike_B","Strike_B","Strike_B","Strike_B","Defend_B","Defend_B","Defend_B","Defend_B","Zap+1","Dualcast","Coolheaded","Cold Snap","Consume+1","Ball Lightning","BootSequence","Cold Snap","Sunder+1","Core Surge","Coolheaded","Biased Cognition","Normality","Shame","Loop","Cold Snap","Self Repair+1"],"relics":["Cracked Core","Smiling Mask","Emotion Chip","Kunai","Art of War","Calling Bell","Lantern","Letter Opener","Torii"],"potions_floor_usage":[11,16,20,20,22],"damage_taken":[{"damage":6,"enemies":"Jaw Worm","floor":1,"turns":4},{"damage":0,"enemies":"2 Louse","floor":2,"turns":3},{"damage":0,"enemies":"Cultist","floor":4,"turns":3},{"damage":28,"enemies":"Gremlin Nob","floor":6,"turns":4},{"damage":18,"enemies":"3 Sentries","floor":8,"turns":9},{"damage":2,"enemies":"Gremlin Nob","floor":11,"turns":4},{"damage":2,"enemies":"Lots of Slimes","floor":14,"turns":3},{"damage":30,"enemies":"Slime Boss","floor":16,"turns":10},{"damage":20,"enemies":"Spheric Guardian","floor":18,"turns":6},{"damage":9,"enemies":"Chosen","floor":19,"turns":6},{"damage":19,"enemies":"Centurion and Healer","floor":20,"turns":12},{"damage":10,"enemies":"Colosseum Slavers","floor":22,"turns":2}],"seed_played":"5133121335576575225","potions_obtained":[{"floor":6,"key":"Block Potion"},{"floor":8,"key":"Weak Potion"},{"floor":13,"key":"PowerPotion"},{"floor":18,"key":"Energy Potion"},{"floor":19,"key":"SteroidPotion"}],"is_trial":false,"path_per_floor":["M","M","$","M","?","E","R","E","T","R","E","R","?","M","R","B",null,"M","M","M","$","?"],"character_chosen":"DEFECT","items_purchased":["Consume","Ball Lightning","BootSequence","Block Potion"],"campfire_rested":1,"item_purchase_floors":[3,3,3,21],"current_hp_per_floor":[58,58,58,58,71,43,64,46,46,46,44,44,44,42,42,12,56,36,27,8,8,0],"gold":149,"neow_bonus":"HUNDRED_GOLD","is_prod":false,"is_daily":false,"chose_seed":false,"campfire_upgraded":3,"win_rate":0,"timestamp":1549201782,"path_taken":["M","M","$","M","?","E","R","E","T","R","E","R","?","?","R","BOSS","M","M","?","$","?"],"build_version":"2019-01-23","purchased_purges":1,"victory":false,"max_hp_per_floor":[71,71,71,71,71,71,71,71,71,71,71,71,71,71,71,71,71,71,71,71,71,71],"card_choices":[{"not_picked":["Beam Cell","Steam"],"picked":"Coolheaded","floor":1},{"not_picked":["Go for the Eyes","BootSequence"],"picked":"Cold Snap","floor":2},{"not_picked":["Gash","Consume"],"picked":"Cold Snap","floor":4},{"not_picked":["Scrape","Double Energy"],"picked":"Sunder","floor":6},{"not_picked":["Sweeping Beam","Self Repair"],"picked":"Core Surge","floor":8},{"not_picked":["White Noise","Skim","Rip and Tear"],"picked":"SKIP","floor":11},{"not_picked":["Barrage","Steam"],"picked":"Coolheaded","floor":14},{"not_picked":["Buffer","Seek"],"picked":"Biased Cognition","floor":16},{"not_picked":["Barrage","Doom and Gloom"],"picked":"Loop","floor":18},{"not_picked":["Heatsinks","Turbo"],"picked":"Cold Snap","floor":19},{"not_picked":["Rip and Tear","Barrage"],"picked":"Self Repair+1","floor":20}],"player_experience":451242,"relics_obtained":[{"floor":6,"key":"Smiling Mask"},{"floor":8,"key":"Emotion Chip"},{"floor":9,"key":"Kunai"},{"floor":11,"key":"Art of War"},{"floor":17,"key":"Lantern"},{"floor":17,"key":"Letter Opener"},{"floor":17,"key":"Torii"}],"event_choices":[{"damage_healed":17,"gold_gain":0,"player_choice":"Healed","damage_taken":0,"max_hp_gain":0,"max_hp_loss":0,"event_name":"The Cleric","floor":5,"gold_loss":35},{"damage_healed":0,"gold_gain":0,"player_choice":"Bought 1 Potion","damage_taken":0,"max_hp_gain":0,"max_hp_loss":0,"event_name":"The Woman in Blue","floor":13,"gold_loss":0},{"damage_healed":0,"gold_gain":0,"player_choice":"Fight","damage_taken":0,"max_hp_gain":0,"max_hp_loss":0,"event_name":"Colosseum","floor":22,"gold_loss":0}],"is_beta":false,"boss_relics":[{"not_picked":["White Beast Statue","Black Star"],"picked":"Calling Bell"}],"items_purged_floors":[21],"is_endless":false,"potions_floor_spawned":[6,8,18,19],"killed_by":"Colosseum Slavers","ascension_level":17}