{"gold_per_floor":[19,32,42,61,77,77,102,102,102,120,120,132,132,162,162,264,264,276,276,59,75,25,55,55,86,110,128,128,128,162,180,180,285,285,298,312,312,13,28,55,20,51,51,63,94,110,120,153,153,153,153,153,11,44,44],"floor_reached":56,"playtime":3524,"items_purged":["Strike_B","Strike_B","Defend_B"],"score":1757,"play_id":"db36388a-abb3-4a23-a69e-5aea0a00ba4e","local_time":"20190301122225","is_ascension_mode":true,"campfire_choices":[{"data":"Defragment","floor":6,"key":"SMITH"},{"data":"Storm","floor":8,"key":"SMITH"},{"data":"Rainbow","floor":11,"key":"SMITH"},{"data":"Machine Learning","floor":15,"key":"SMITH"},{"floor":24,"key":"REST"},{"data":"Zap","floor":28,"key":"SMITH"},{"data":"Buffer","floor":32,"key":"SMITH"},{"floor":49,"key":"RECALL"},{"data":"Creative AI","floor":52,"key":"SMITH"}],"neow_cost":"NO_GOLD","seed_source_timestamp":261533522335709,"circlet_count":0,"master_deck":["Defend_B","Defend_B","Zap+1","Dualcast","Conserve Battery","Ball Lightning","Defragment+1","Genetic Algorithm","Storm+1","Rainbow+1","BootSequence","Machine Learning+1","Turbo","Core Surge","Coolheaded","Steam","Doom and Gloom","Coolheaded","Glacier","Heatsinks","Leap+1","Buffer+1","Electrodynamics","Go for the Eyes+1","Compile Driver","Darkness","Coolheaded+1","Storm","Stack+1","Turbo+1","Creative AI+1","Go for the Eyes+1","White Noise","Glacier+1","Steam","Loop","Conserve Battery+1"],"relics":["Cracked Core","Smiling Mask","DataDisk","Inserter","Anchor","Nunchaku","Gremlin Horn","Oddly Smooth Stone","Enchiridion","Bag of Preparation","Sozu","Bird Faced Urn","Ice Cream","Art of War","Bottled Lightning","Pear","Dream Catcher","Bottled Tornado"],"potions_floor_usage":[12,18,18,23,25,30,33,55,55],"damage_taken":[{"damage":0,"enemies":"2 Louse","floor":1,"turns":2},{"damage":0,"enemies":"Jaw Worm","floor":2,"turns":3},{"damage":0,"enemies":"Cultist","floor":3,"turns":3},{"damage":4,"enemies":"Red Slaver","floor":4,"turns":3},{"damage":18,"enemies":"3 Louse","floor":5,"turns":3},{"damage":19,"enemies":"Gremlin Nob","floor":7,"turns":4},{"damage":3,"enemies":"Looter","floor":10,"turns":3},{"damage":0,"enemies":"Gremlin Gang","floor":12,"turns":2},{"damage":2,"enemies":"Lagavulin","floor":14,"turns":5},{"damage":0,"enemies":"Hexaghost","floor":16,"turns":9},{"damage":0,"enemies":"Chosen","floor":18,"turns":4},{"damage":0,"enemies":"Spheric Guardian","floor":21,"turns":4},{"damage":41,"enemies":"Slavers","floor":23,"turns":6},{"damage":0,"enemies":"Book of Stabbing","floor":25,"turns":5},{"damage":3,"enemies":"Cultist and Chosen","floor":27,"turns":8},{"damage":0,"enemies":"Slavers","floor":30,"turns":4},{"damage":0,"enemies":"Snake Plant","floor":31,"turns":3},{"damage":0,"enemies":"Automaton","floor":33,"turns":10},{"damage":0,"enemies":"3 Shapes","floor":35,"turns":3},{"damage":0,"enemies":"Orb Walker","floor":36,"turns":3},{"damage":0,"enemies":"4 Shapes","floor":39,"turns":3},{"damage":0,"enemies":"Reptomancer","floor":40,"turns":3},{"damage":0,"enemies":"Giant Head","floor":42,"turns":9},{"damage":0,"enemies":"3 Darklings","floor":44,"turns":2},{"damage":0,"enemies":"Reptomancer","floor":45,"turns":4},{"damage":0,"enemies":"Transient","floor":46,"turns":5},{"damage":0,"enemies":"Jaw Worm Horde","floor":47,"turns":3},{"damage":0,"enemies":"Giant Head","floor":48,"turns":7},{"damage":13,"enemies":"Donu and Deca","floor":50,"turns":6},{"damage":21,"enemies":"Shield and Spear","floor":54,"turns":5},{"damage":0,"enemies":"The Heart","floor":55,"turns":7}],"seed_played":"-221921777353559989","potions_obtained":[{"floor":5,"key":"Explosive Potion"},{"floor":10,"key":"Swift Potion"},{"floor":12,"key":"FocusPotion"},{"floor":14,"key":"PowerPotion"},{"floor":18,"key":"FocusPotion"},{"floor":19,"key":"Block Potion"},{"floor":23,"key":"Explosive Potion"},{"floor":25,"key":"GamblersBrew"},{"floor":30,"key":"FocusPotion"}],"is_trial":false,"path_per_floor":["M","M","M","M","M","R","E","R","T","M","R","M","?","E","R","B",null,"M","?","$","M","$","E","R","E","T","M","R","?","E","M","R","B",null,"M","M","?","$","M","E","$","E","T","M","E","M","M","E","R","B",null,"R","$","E","B",null],"character_chosen":"DEFECT","items_purchased":["Steam","Anchor","Bird Faced Urn","Storm","Steam","Loop"],"campfire_rested":1,"item_purchase_floors":[20,20,38,41,53,53],"current_hp_per_floor":[75,75,75,71,53,53,34,34,34,31,31,31,36,34,34,34,80,80,80,80,80,80,39,63,63,63,60,60,44,44,44,44,44,80,80,80,80,80,80,80,80,80,80,80,90,90,90,90,90,85,90,90,90,81,90],"gold":44,"neow_bonus":"REMOVE_TWO","is_prod":false,"is_daily":false,"chose_seed":false,"campfire_upgraded":7,"win_rate":0,"timestamp":1551460945,"path_taken":["M","M","M","M","M","R","E","R","T","M","R","M","?","E","R","BOSS","M","?","$","?","?","E","R","E","T","M","R","?","E","M","R","BOSS","M","M","?","$","M","E","$","E","T","M","E","M","?","E","R","BOSS","R","$","E","BOSS"],"build_version":"2019-02-06","purchased_purges":3,"victory":true,"max_hp_per_floor":[75,75,75,75,75,75,75,75,75,75,75,75,80,80,80,80,80,80,80,80,80,80,80,80,80,80,80,80,80,80,80,80,80,80,80,80,80,80,80,80,80,80,80,80,90,90,90,90,90,90,90,90,90,90,90],"card_choices":[{"not_picked":["Coolheaded","Tempest"],"picked":"Conserve Battery","floor":1},{"not_picked":["Redo","Storm"],"picked":"Ball Lightning","floor":2},{"not_picked":["Go for the Eyes","Rip and Tear"],"picked":"Defragment","floor":3},{"not_picked":["Stack","Leap"],"picked":"Genetic Algorithm","floor":4},{"not_picked":["Force Field","Rebound"],"picked":"Storm","floor":5},{"not_picked":["Redo","Barrage"],"picked":"Rainbow","floor":7},{"not_picked":["Gash","Undo"],"picked":"BootSequence","floor":10},{"not_picked":["Conserve Battery","Steam"],"picked":"Machine Learning","floor":12},{"not_picked":["Fusion","Compile Driver"],"picked":"Turbo","floor":14},{"not_picked":["Rainbow","Amplify"],"picked":"Core Surge","floor":16},{"not_picked":["Sunder","Leap+1"],"picked":"Coolheaded","floor":18},{"not_picked":["Scrape+1","Aggregate+1"],"picked":"Doom and Gloom","floor":21},{"not_picked":["Compile Driver+1","Reinforced Body"],"picked":"Coolheaded","floor":23},{"not_picked":["Streamline","Force Field"],"picked":"Glacier","floor":25},{"not_picked":["Leap","Gash"],"picked":"Heatsinks","floor":27},{"not_picked":["Static Discharge","Tempest"],"picked":"Leap+1","floor":30},{"not_picked":["Sweeping Beam","Rebound"],"picked":"Buffer","floor":31},{"not_picked":["All For One","Multi-Cast"],"picked":"Electrodynamics","floor":33},{"not_picked":["FTL+1","Genetic Algorithm"],"picked":"Go for the Eyes+1","floor":35},{"not_picked":["Heatsinks+1","Gash+1"],"picked":"Compile Driver","floor":36},{"not_picked":["Melter+1","Gash","Rebound"],"picked":"SKIP","floor":39},{"not_picked":["Capacitor+1","Chill"],"picked":"Coolheaded+1","floor":40},{"not_picked":["Buffer","Compile Driver+1"],"picked":"Stack+1","floor":42},{"not_picked":["FTL+1","Ball Lightning"],"picked":"Turbo+1","floor":44},{"not_picked":["Turbo+1","Static Discharge+1"],"picked":"Creative AI","floor":45},{"not_picked":["Redo","Conserve Battery+1"],"picked":"Go for the Eyes+1","floor":46},{"not_picked":["Steam","Sunder+1"],"picked":"White Noise","floor":47},{"not_picked":["White Noise","Gash+1"],"picked":"Glacier+1","floor":48},{"not_picked":["Undo","Ball Lightning"],"picked":"Conserve Battery+1","floor":54}],"player_experience":4737309,"relics_obtained":[{"floor":7,"key":"Smiling Mask"},{"floor":14,"key":"DataDisk"},{"floor":23,"key":"Nunchaku"},{"floor":25,"key":"Gremlin Horn"},{"floor":26,"key":"Oddly Smooth Stone"},{"floor":29,"key":"Enchiridion"},{"floor":30,"key":"Bag of Preparation"},{"floor":40,"key":"Ice Cream"},{"floor":42,"key":"Art of War"},{"floor":43,"key":"Bottled Lightning"},{"floor":45,"key":"Pear"},{"floor":48,"key":"Dream Catcher"},{"floor":54,"key":"Bottled Tornado"}],"event_choices":[{"damage_healed":0,"gold_gain":0,"player_choice":"Donut","damage_taken":0,"max_hp_gain":5,"max_hp_loss":0,"event_name":"Big Fish","floor":13,"gold_loss":0},{"damage_healed":0,"gold_gain":0,"player_choice":"Got Potions","damage_taken":0,"max_hp_gain":0,"max_hp_loss":0,"event_name":"Lab","floor":19,"gold_loss":0},{"damage_healed":0,"gold_gain":0,"player_choice":"Obtained Book","damage_taken":16,"max_hp_gain":0,"max_hp_loss":0,"event_name":"Cursed Tome","floor":29,"gold_loss":0},{"damage_healed":0,"gold_gain":0,"cards_transformed":["Strike_B"],"player_choice":"Transformed","damage_taken":0,"max_hp_gain":0,"max_hp_loss":0,"event_name":"Transmorgrifier","floor":37,"gold_loss":0,"cards_obtained":["Darkness"]}],"is_beta":true,"boss_relics":[{"not_picked":["Empty Cage","Busted Crown"],"picked":"Inserter"},{"not_picked":["Lizard Tail","Tiny House"],"picked":"Sozu"}],"items_purged_floors":[20,22,53],"is_endless":false,"potions_floor_spawned":[5,10,12,14,18,21,23,25,30,35,36,40,54],"ascension_level":1}