{"gold_per_floor":[117,117,117,117,140,140,175,175,230,11,24,24,42,62,62,153,153,172,197,197],"floor_reached":20,"playtime":803,"items_purged":["Strike_R"],"score":339,"play_id":"8350da2c-580d-4ff1-b81a-60fb23260e36","local_time":"20190218133525","is_ascension_mode":true,"campfire_choices":[{"floor":6,"key":"REST"},{"data":"Bash","floor":8,"key":"SMITH"},{"data":"Inflame","floor":12,"key":"SMITH"},{"data":"Clothesline","floor":15,"key":"SMITH"}],"neow_cost":"NONE","seed_source_timestamp":74491959756566,"circlet_count":0,"master_deck":["AscendersBane","Strike_R","Strike_R","Strike_R+1","Defend_R","Defend_R","Defend_R","Defend_R","Bash+1","Anger","Hemokinesis+1","Clothesline+1","Sentinel","Inflame+1","Burning Pact","Rupture","Reaper","Spot Weakness"],"relics":["Burning Blood","Golden Idol","Potion Belt","Cursed Key"],"potions_floor_usage":[7,16,18,20,20],"damage_taken":[{"damage":5,"enemies":"2 Louse","floor":1,"turns":3},{"damage":2,"enemies":"Small Slimes","floor":5,"turns":2},{"damage":15,"enemies":"Lagavulin","floor":7,"turns":5},{"damage":2,"enemies":"Cultist","floor":11,"turns":2},{"damage":7,"enemies":"3 Louse","floor":13,"turns":4},{"damage":3,"enemies":"2 Fungi Beasts","floor":14,"turns":4},{"damage":42,"enemies":"The Guardian","floor":16,"turns":10},{"damage":9,"enemies":"Chosen","floor":18,"turns":3},{"damage":30,"enemies":"Spheric Guardian","floor":19,"turns":4},{"damage":57,"enemies":"Cultist and Chosen","floor":20,"turns":6}],"seed_played":"5198717454511342220","potions_obtained":[{"floor":1,"key":"Block Potion"},{"floor":5,"key":"SteroidPotion"},{"floor":14,"key":"SneckoOil"},{"floor":16,"key":"FearPotion"}],"is_trial":false,"path_per_floor":["M","?","?","?","M","R","E","R","T","$","M","R","M","M","R","B",null,"M","M","M"],"character_chosen":"IRONCLAD","items_purchased":["Inflame","Fire Potion"],"campfire_rested":1,"item_purchase_floors":[10,10],"current_hp_per_floor":[69,43,20,20,24,46,37,37,37,37,41,41,40,43,43,7,58,62,38,0],"gold":197,"neow_bonus":"THREE_CARDS","is_prod":false,"is_daily":false,"chose_seed":false,"campfire_upgraded":3,"win_rate":0,"timestamp":1550496925,"path_taken":["M","?","?","?","M","R","E","R","T","$","?","R","M","M","R","BOSS","M","M","M"],"build_version":"2019-02-06","purchased_purges":1,"victory":false,"max_hp_per_floor":[75,75,75,75,75,75,75,75,75,75,75,75,75,75,75,75,75,75,75,75],"card_choices":[{"not_picked":["Perfected Strike","Havoc"],"picked":"Anger","floor":0},{"not_picked":["Burning Pact","Sentinel"],"picked":"Hemokinesis","floor":1},{"not_picked":["Havoc","Rupture"],"picked":"Clothesline","floor":5},{"not_picked":["Anger","Flex"],"picked":"Sentinel","floor":7},{"not_picked":["Twin Strike","Body Slam"],"picked":"Burning Pact","floor":11},{"not_picked":["Evolve","Spot Weakness","Inflame"],"picked":"SKIP","floor":13},{"not_picked":["Flex","Wild Strike"],"picked":"Rupture","floor":14},{"not_picked":["Exhume","Barricade"],"picked":"Reaper","floor":16},{"not_picked":["Armaments","Headbutt"],"picked":"Spot Weakness","floor":18},{"not_picked":["Uppercut","Havoc","Twin Strike"],"picked":"SKIP","floor":19}],"player_experience":936206,"relics_obtained":[{"floor":7,"key":"Potion Belt"}],"event_choices":[{"damage_healed":0,"gold_gain":0,"player_choice":"Take Damage","damage_taken":26,"relics_obtained":["Golden Idol"],"max_hp_gain":0,"max_hp_loss":0,"event_name":"Golden Idol","floor":2,"gold_loss":0},{"damage_healed":0,"gold_gain":0,"player_choice":"Entered Light","damage_taken":23,"max_hp_gain":0,"max_hp_loss":0,"event_name":"Shining Light","floor":3,"gold_loss":0,"cards_upgraded":["Hemokinesis","Strike_R"]},{"cards_removed":["Strike_R"],"damage_healed":0,"gold_gain":0,"player_choice":"Offered Basic","damage_taken":0,"max_hp_gain":0,"max_hp_loss":0,"event_name":"Bonfire Elementals","floor":4,"gold_loss":0}],"is_beta":true,"boss_relics":[{"not_picked":["White Beast Statue","Astrolabe"],"picked":"Cursed Key"}],"items_purged_floors":[10],"is_endless":false,"potions_floor_spawned":[1,5,14,16],"killed_by":"Cultist and Chosen","ascension_level":19}