{"gold_per_floor":[119,119,44,44,44,79,98,98,98,98,24,199,220,239,239,360,360,378,378,378,226,240,240,256,272,272,272,272,295,295,331,331,462,462,483,483,483,325,325],"floor_reached":39,"playtime":1928,"items_purged":["Pain"],"score":578,"play_id":"738251fa-b83c-47c3-b27c-34767aafebc4","local_time":"20190219191320","is_ascension_mode":true,"campfire_choices":[{"data":"Feel No Pain","floor":8,"key":"SMITH"},{"data":"Second Wind","floor":10,"key":"SMITH"},{"data":"Corruption","floor":15,"key":"SMITH"},{"floor":23,"key":"REST"},{"floor":27,"key":"REST"},{"floor":32,"key":"REST"}],"neow_cost":"CURSE","seed_source_timestamp":450782889081709,"circlet_count":0,"master_deck":["Wild Strike","Second Wind+1","Feel No Pain+1","Corruption+1","Sword Boomerang","Shrug It Off","Exhume","Clothesline","Havoc","Offering","Rage","Barricade","True Grit","Evolve","Second Wind","Havoc","Havoc","Cleave","Reckless Charge+1","Burning Pact+1","Havoc","Fiend Fire","Reckless Charge","Inflame","Sentinel"],"relics":["Burning Blood","Turnip","Golden Idol","FossilizedHelix","Kunai","Pandora\u0027s Box","Omamori","Paper Frog","Red Skull","Cursed Key"],"potions_floor_usage":[6,14,16,16,31,31,33,39],"damage_taken":[{"damage":2,"enemies":"Small Slimes","floor":1,"turns":3},{"damage":35,"enemies":"Lagavulin","floor":6,"turns":5},{"damage":0,"enemies":"Jaw Worm","floor":7,"turns":2},{"damage":0,"enemies":"2 Louse","floor":13,"turns":3},{"damage":0,"enemies":"Blue Slaver","floor":14,"turns":4},{"damage":36,"enemies":"The Guardian","floor":16,"turns":10},{"damage":26,"enemies":"3 Byrds","floor":18,"turns":8},{"damage":39,"enemies":"Spheric Guardian","floor":22,"turns":6},{"damage":45,"enemies":"Shelled Parasite and Fungi","floor":24,"turns":8},{"damage":11,"enemies":"Sentry and Sphere","floor":25,"turns":8},{"damage":2,"enemies":"3 Cultists","floor":29,"turns":5},{"damage":26,"enemies":"Book of Stabbing","floor":31,"turns":5},{"damage":60,"enemies":"Automaton","floor":33,"turns":12},{"damage":0,"enemies":"Orb Walker","floor":35,"turns":5},{"damage":88,"enemies":"3 Darklings","floor":39,"turns":14}],"seed_played":"1503067747102130915","potions_obtained":[{"floor":1,"key":"Explosive Potion"},{"floor":7,"key":"BloodPotion"},{"floor":13,"key":"Strength Potion"},{"floor":14,"key":"Strength Potion"},{"floor":22,"key":"EssenceOfSteel"},{"floor":24,"key":"AttackPotion"},{"floor":25,"key":"AttackPotion"},{"floor":33,"key":"Regen Potion"}],"is_trial":false,"path_per_floor":["M","?","$","?","$","E","M","R","T","R","$","?","M","M","R","B",null,"M","?","?","$","M","R","M","M","T","R","$","M","T","E","R","B",null,"M","?","?","$","M"],"character_chosen":"IRONCLAD","items_purchased":["Corruption","Omamori","Inflame","Sentinel"],"campfire_rested":3,"item_purchase_floors":[11,21,38,38],"current_hp_per_floor":[76,60,60,60,60,31,37,37,37,37,37,37,43,56,56,26,62,50,50,50,50,21,43,8,7,7,29,29,45,45,32,54,8,58,71,71,71,71,0],"gold":325,"neow_bonus":"ONE_RARE_RELIC","is_prod":false,"is_daily":false,"chose_seed":false,"campfire_upgraded":3,"win_rate":0,"timestamp":1550614400,"path_taken":["M","?","$","?","$","E","M","R","T","R","?","?","?","M","R","BOSS","M","?","?","?","M","R","M","M","T","R","$","?","?","E","R","BOSS","M","?","?","$","M"],"build_version":"2019-01-23","purchased_purges":1,"victory":false,"max_hp_per_floor":[80,80,80,74,74,74,74,74,74,74,74,74,74,74,74,74,74,74,74,74,74,74,74,74,74,74,74,74,74,74,74,74,74,74,74,74,74,74,74],"card_choices":[{"not_picked":["Searing Blow","True Grit"],"picked":"Wild Strike","floor":1},{"not_picked":["Havoc","Juggernaut"],"picked":"Second Wind","floor":6},{"not_picked":["Headbutt","Iron Wave"],"picked":"Feel No Pain","floor":7},{"not_picked":["Uppercut","Carnage"],"picked":"Sword Boomerang","floor":13},{"not_picked":["Wild Strike","Clothesline"],"picked":"Shrug It Off","floor":14},{"not_picked":["Fiend Fire","Juggernaut"],"picked":"Exhume","floor":16},{"not_picked":["Pummel","Disarm"],"picked":"Havoc","floor":18},{"not_picked":["Blood for Blood","Searing Blow+1"],"picked":"Havoc","floor":22},{"not_picked":["Evolve","Corruption"],"picked":"Cleave","floor":24},{"not_picked":["Heavy Blade","Inflame"],"picked":"Reckless Charge+1","floor":25},{"not_picked":["Pommel Strike","Juggernaut"],"picked":"Burning Pact+1","floor":29},{"not_picked":["Infernal Blade","Thunderclap"],"picked":"Havoc","floor":31},{"not_picked":["Berserk","Limit Break"],"picked":"Fiend Fire","floor":33},{"not_picked":["Warcry","True Grit+1"],"picked":"Reckless Charge","floor":35}],"player_experience":796003,"relics_obtained":[{"floor":6,"key":"FossilizedHelix"},{"floor":9,"key":"Kunai"},{"floor":30,"key":"Paper Frog"},{"floor":31,"key":"Red Skull"}],"event_choices":[{"damage_healed":0,"gold_gain":0,"player_choice":"Entered Light","damage_taken":16,"max_hp_gain":0,"max_hp_loss":0,"event_name":"Shining Light","floor":2,"gold_loss":0,"cards_upgraded":["Strike_R","Defend_R"]},{"damage_healed":0,"gold_gain":0,"player_choice":"Lose Max HP","damage_taken":0,"relics_obtained":["Golden Idol"],"max_hp_gain":0,"max_hp_loss":6,"event_name":"Golden Idol","floor":4,"gold_loss":0},{"damage_healed":0,"gold_gain":175,"player_choice":"AGREE","damage_taken":0,"max_hp_gain":0,"max_hp_loss":0,"event_name":"Liars Game","floor":12,"gold_loss":0,"cards_obtained":["Doubt"]},{"cards_removed":["Doubt"],"damage_healed":0,"gold_gain":0,"player_choice":"Elegance","damage_taken":0,"max_hp_gain":0,"max_hp_loss":0,"event_name":"Back to Basics","floor":19,"gold_loss":0},{"damage_healed":0,"gold_gain":0,"player_choice":"Ignored","damage_taken":0,"max_hp_gain":0,"max_hp_loss":0,"event_name":"Vampires","floor":20,"gold_loss":0},{"cards_removed":["Reaper"],"damage_healed":0,"gold_gain":0,"player_choice":"Removed Attack","damage_taken":0,"max_hp_gain":0,"max_hp_loss":0,"event_name":"Falling","floor":36,"gold_loss":0},{"cards_removed":["Bash"],"damage_healed":0,"gold_gain":0,"player_choice":"Card Removal","damage_taken":0,"max_hp_gain":0,"max_hp_loss":0,"event_name":"Wheel of Change","floor":37,"gold_loss":0}],"is_beta":false,"boss_relics":[{"not_picked":["Empty Cage","Calling Bell"],"picked":"Pandora\u0027s Box"},{"not_picked":["Lizard Tail","Runic Cube"],"picked":"Cursed Key"}],"items_purged_floors":[3],"is_endless":false,"potions_floor_spawned":[1,7,13,14,22,24,25,33],"killed_by":"3 Darklings","ascension_level":8}