{"gold_per_floor":[111,15,35,51,51,51,68,99,99,99,116,116,116,129,129,234,234,251,29,41,41,61,78,78,96,174,174,99,19,19,30,30,128,128,143,157,1,15,26,26,43,43],"floor_reached":42,"playtime":3712,"items_purged":[],"score":454,"play_id":"e961c940-eb98-42b5-8c6c-1b5d4a4d2830","local_time":"20190408153159","is_ascension_mode":false,"campfire_choices":[{"data":"Beam Cell","floor":6.0,"key":"SMITH"},{"floor":10.0,"key":"REST"},{"floor":15.0,"key":"DIG"},{"floor":24,"key":"REST"},{"floor":30,"key":"REST"},{"floor":32,"key":"DIG"},{"floor":40,"key":"REST"}],"neow_cost":"NONE","seed_source_timestamp":0,"circlet_count":0,"master_deck":["Strike_B","Strike_B","Strike_B","Strike_B","Defend_B","Defend_B","Defend_B","Defend_B","Zap+1","Dualcast","Glacier","Leap","Beam Cell+1","Sweeping Beam","Skim","Cold Snap","Cold Snap","Gash","Steam","Creative AI","Gash+1","Doom and Gloom","Gash","Beam Cell","BootSequence","Beam Cell","Defragment","Stack+1","All For One","Beam Cell+1","Stack+1","Sweeping Beam"],"special_seed":0,"relics":["Cracked Core","NeowsBlessing","Omamori","Meat on the Bone","Shovel","Mummified Hand","Sozu","Art of War","Nilry\u0027s Codex","Pear","Incense Burner","WingedGreaves","Black Star","Regal Pillow"],"potions_floor_usage":[33,33],"damage_taken":[{"damage":0.0,"enemies":"2 Louse","floor":1.0,"turns":1.0},{"damage":0.0,"enemies":"Cultist","floor":3.0,"turns":1.0},{"damage":0.0,"enemies":"Jaw Worm","floor":4.0,"turns":1.0},{"damage":0.0,"enemies":"Blue Slaver","floor":7.0,"turns":4.0},{"damage":26.0,"enemies":"Gremlin Nob","floor":8.0,"turns":6.0},{"damage":4.0,"enemies":"Looter","floor":11.0,"turns":3.0},{"damage":12.0,"enemies":"Lots of Slimes","floor":14.0,"turns":4.0},{"damage":47.0,"enemies":"Slime Boss","floor":16.0,"turns":19.0},{"damage":0.0,"enemies":"Spheric Guardian","floor":18.0,"turns":5.0},{"damage":12.0,"enemies":"Shell Parasite","floor":20.0,"turns":6.0},{"damage":10.0,"enemies":"Centurion and Healer","floor":22.0,"turns":5.0},{"damage":11.0,"enemies":"Sentry and Sphere","floor":23.0,"turns":6.0},{"damage":14,"enemies":"Cultist and Chosen","floor":25,"turns":7},{"damage":7,"enemies":"Centurion and Healer","floor":31,"turns":7},{"damage":23,"enemies":"Champ","floor":33,"turns":11},{"damage":24,"enemies":"3 Shapes","floor":35,"turns":6},{"damage":17,"enemies":"3 Darklings","floor":36,"turns":4},{"damage":3,"enemies":"Maw","floor":38,"turns":8},{"damage":20,"enemies":"Spire Growth","floor":39,"turns":7},{"damage":15,"enemies":"3 Darklings","floor":41,"turns":8},{"damage":97,"enemies":"Giant Head","floor":42,"turns":8}],"seed_played":"3250243483670934041","potions_obtained":[{"floor":8.0,"key":"Poison Potion"},{"floor":11.0,"key":"FocusPotion"},{"floor":14.0,"key":"SkillPotion"},{"floor":16.0,"key":"Dexterity Potion"}],"is_trial":false,"path_per_floor":["M","$","M","M","?","R","M","E","T","R","M","$","T","M","R","B",null,"M","$","M","?","M","M","R","M","T","?","?","$","R","M","R","B",null,"M","M","$","M","M","R","M","E"],"character_chosen":"DEFECT","items_purchased":["Leap","Beam Cell","Art of War","Doom and Gloom","Defragment","Regal Pillow"],"campfire_rested":4,"item_purchase_floors":[2,2,19,19,29,37],"current_hp_per_floor":[75,75,75,75,75,75,75,49,49,71,67,67,67,55,55,20,75,75,75,63,47,49,38,60,46,56,40,40,40,67,60,60,49,90,66,49,49,46,38,80,65,0],"gold":43,"neow_bonus":"THREE_ENEMY_KILL","is_prod":false,"is_daily":false,"chose_seed":false,"campfire_upgraded":1,"win_rate":0.0,"timestamp":1554751919,"path_taken":["M","$","M","M","?","R","M","E","T","R","M","$","?","M","R","BOSS","M","$","M","?","M","M","R","M","T","?","?","$","R","M","R","BOSS","M","M","$","?","M","R","M","E"],"build_version":"2019-01-23","purchased_purges":0,"victory":false,"max_hp_per_floor":[75,75,75,75,75,75,75,75,75,75,75,75,75,75,75,75,75,75,75,75,75,75,75,75,75,85,90,90,90,90,90,90,90,90,90,90,90,90,90,90,90,90],"card_choices":[{"not_picked":["Hologram","Compile Driver"],"picked":"Glacier","floor":1.0},{"not_picked":["Heatsinks","Darkness"],"picked":"Sweeping Beam","floor":3.0},{"not_picked":["Sunder","Capacitor"],"picked":"Skim","floor":4.0},{"not_picked":["Barrage","Go for the Eyes"],"picked":"Cold Snap","floor":7.0},{"not_picked":["Capacitor","Stack"],"picked":"Cold Snap","floor":8.0},{"not_picked":["Go for the Eyes","Conserve Battery"],"picked":"Gash","floor":11.0},{"not_picked":["Sunder","Fission"],"picked":"Steam","floor":14.0},{"not_picked":["Reboot","Core Surge"],"picked":"Creative AI","floor":16.0},{"not_picked":["Stack","Compile Driver+1"],"picked":"Gash+1","floor":18.0},{"not_picked":["Loop","Hello World"],"picked":"Gash","floor":20.0},{"not_picked":["Leap","Steam+1"],"picked":"Beam Cell","floor":22.0},{"not_picked":["Steam","Lockon"],"picked":"BootSequence","floor":23.0},{"not_picked":["Genetic Algorithm+1","Reboot"],"picked":"Beam Cell","floor":25},{"not_picked":["Go for the Eyes","Barrage"],"picked":"Stack+1","floor":31},{"not_picked":["Buffer","Machine Learning"],"picked":"All For One","floor":33},{"not_picked":["Reprogram","Consume"],"picked":"Beam Cell+1","floor":35},{"not_picked":["Reprogram+1","Streamline"],"picked":"Stack+1","floor":36},{"not_picked":["Consume","BootSequence+1","Scrape+1"],"picked":"SKIP","floor":38},{"not_picked":["Genetic Algorithm+1","Scrape","Beam Cell+1"],"picked":"SKIP","floor":39},{"not_picked":["Redo","BootSequence+1"],"picked":"Sweeping Beam","floor":41}],"player_experience":65857,"relics_obtained":[{"floor":8.0,"key":"Omamori"},{"floor":9.0,"key":"Meat on the Bone"},{"floor":13.0,"key":"Shovel"},{"floor":15.0,"key":"Mummified Hand"},{"floor":21.0,"key":"Nilry\u0027s Codex"},{"floor":26,"key":"Pear"},{"floor":32,"key":"WingedGreaves"}],"event_choices":[{"damage_healed":0.0,"max_hp_gain":0.0,"max_hp_loss":0.0,"gold_gain":0.0,"event_name":"Upgrade Shrine","player_choice":"Upgraded","floor":5.0,"gold_loss":0.0,"damage_taken":0.0,"cards_upgraded":["Zap"]},{"damage_healed":0.0,"max_hp_gain":0.0,"max_hp_loss":0.0,"gold_gain":0.0,"event_name":"Cursed Tome","player_choice":"Obtained Book","floor":21.0,"gold_loss":0.0,"damage_taken":16.0},{"damage_healed":0,"gold_gain":0,"player_choice":"Shed Blood","damage_taken":21,"max_hp_gain":5,"max_hp_loss":0,"event_name":"Forgotten Altar","floor":27,"gold_loss":0},{"damage_healed":0,"gold_gain":0,"player_choice":"Paid Gold","damage_taken":0,"relics_obtained":["Incense Burner"],"max_hp_gain":0,"max_hp_loss":0,"event_name":"WeMeetAgain","floor":28,"gold_loss":75}],"is_beta":false,"boss_relics":[{"not_picked":["Snecko Eye","White Beast Statue"],"picked":"Sozu"},{"not_picked":["Runic Dome","Cursed Key"],"picked":"Black Star"}],"items_purged_floors":[],"is_endless":false,"potions_floor_spawned":[8,11,14,16,18,20,23,35,36,38,41],"killed_by":"Giant Head","ascension_level":0}