{"gold_per_floor":[110,185,185,204,227,227,255,255,282,299,314,314,328,362,362,436,436,456,381,381,381,381,381,431,443,443,443,461,461,461,35,35,35],"floor_reached":33,"playtime":1018,"items_purged":["Strike_R+1"],"score":477,"play_id":"768419c7-5125-4fbd-85f6-c890f834e77a","local_time":"20190430201119","is_ascension_mode":true,"campfire_choices":[{"data":"Rage","floor":6.0,"key":"SMITH"},{"floor":8.0,"key":"REST"},{"data":"Uppercut","floor":12.0,"key":"SMITH"},{"data":"Shockwave","floor":15.0,"key":"SMITH"},{"floor":23.0,"key":"REST"},{"data":"Sword Boomerang","floor":27.0,"key":"SMITH"},{"data":"RitualDagger","floor":29.0,"key":"SMITH"},{"data":"Shrug It Off","floor":32,"key":"SMITH"}],"neow_cost":"NONE","seed_source_timestamp":648410130455300,"circlet_count":0,"master_deck":["AscendersBane","Strike_R+1","Strike_R+1","Defend_R+1","Defend_R+1","Defend_R+1","Defend_R+1","Bash","Rage+1","Uppercut+1","Fiend Fire","Shockwave+1","Cleave","Sword Boomerang+1","Limit Break","Dropkick","RitualDagger+1","Battle Trance","Berserk","Shrug It Off+1","Whirlwind"],"special_seed":0,"relics":["Burning Blood","Happy Flower","Anchor","Boot","Smiling Mask","Bag of Preparation","Busted Crown","Nilry\u0027s Codex","Pantograph","Kunai"],"potions_floor_usage":[33],"damage_taken":[{"damage":8.0,"enemies":"Small Slimes","floor":1.0,"turns":5.0},{"damage":6.0,"enemies":"Cultist","floor":4.0,"turns":5.0},{"damage":35.0,"enemies":"3 Sentries","floor":7.0,"turns":12.0},{"damage":0.0,"enemies":"Jaw Worm","floor":10.0,"turns":3.0},{"damage":0.0,"enemies":"Red Slaver","floor":11.0,"turns":3.0},{"damage":0.0,"enemies":"3 Louse","floor":13.0,"turns":3.0},{"damage":21.0,"enemies":"Gremlin Nob","floor":14.0,"turns":4.0},{"damage":41.0,"enemies":"Slime Boss","floor":16.0,"turns":8.0},{"damage":19.0,"enemies":"Shell Parasite","floor":18.0,"turns":6.0},{"damage":1.0,"enemies":"2 Thieves","floor":25.0,"turns":3.0},{"damage":7.0,"enemies":"Snecko","floor":28.0,"turns":4.0},{"damage":87,"enemies":"Automaton","floor":33,"turns":10}],"seed_played":"-7598839947319303513","potions_obtained":[{"floor":3.0,"key":"PowerPotion"},{"floor":3.0,"key":"SneckoOil"},{"floor":10.0,"key":"GamblersBrew"},{"floor":13.0,"key":"SkillPotion"},{"floor":18.0,"key":"Energy Potion"}],"is_trial":false,"path_per_floor":["M","?","?","M","T","R","E","R","T","M","M","R","M","E","R","B",null,"M","?","?","?","?","R","?","M","T","R","M","R","?","$","R","B"],"character_chosen":"IRONCLAD","items_purchased":["Kunai","Shrug It Off","Whirlwind"],"campfire_rested":2,"item_purchase_floors":[31,31,31],"current_hp_per_floor":[66,55,55,55,55,55,26,48,48,54,60,60,66,51,51,16,60,47,47,47,41,20,42,42,47,47,47,46,46,46,46,46,0],"gold":35,"neow_bonus":"RANDOM_COMMON_RELIC","is_prod":false,"is_daily":false,"chose_seed":false,"campfire_upgraded":6,"win_rate":0,"timestamp":1556647879,"path_taken":["M","?","?","?","?","R","E","R","T","M","?","R","M","E","R","BOSS","M","?","?","?","?","R","?","?","T","R","M","R","?","$","R","BOSS"],"build_version":"2019-01-23","purchased_purges":1,"victory":false,"max_hp_per_floor":[75,75,75,75,75,75,75,75,75,75,75,75,75,75,75,75,75,75,75,75,75,75,75,75,75,75,75,75,75,75,75,75,75],"card_choices":[{"not_picked":["Cleave","Corruption"],"picked":"Rage","floor":1.0},{"not_picked":["Warcry","Shrug It Off"],"picked":"Uppercut","floor":4.0},{"not_picked":["Wild Strike","Ghostly Armor"],"picked":"Fiend Fire","floor":7.0},{"not_picked":["Armaments","Body Slam"],"picked":"Shockwave","floor":10.0},{"not_picked":["Fire Breathing","Perfected Strike"],"picked":"Cleave","floor":11.0},{"not_picked":["Heavy Blade","True Grit"],"picked":"Sword Boomerang","floor":13.0},{"not_picked":["Clothesline","Body Slam","Reckless Charge"],"picked":"SKIP","floor":14.0},{"not_picked":["Impervious","Offering"],"picked":"Limit Break","floor":16.0},{"not_picked":[],"picked":"Dropkick","floor":18.0},{"not_picked":[],"picked":"Battle Trance","floor":25.0},{"not_picked":["Rampage"],"picked":"SKIP","floor":28.0}],"player_experience":656915,"relics_obtained":[{"floor":5.0,"key":"Anchor"},{"floor":7.0,"key":"Boot"},{"floor":9.0,"key":"Smiling Mask"},{"floor":14.0,"key":"Bag of Preparation"},{"floor":22.0,"key":"Nilry\u0027s Codex"},{"floor":26.0,"key":"Pantograph"}],"event_choices":[{"damage_healed":0.0,"max_hp_gain":0.0,"max_hp_loss":0.0,"gold_gain":75.0,"event_name":"World of Goop","player_choice":"Gather Gold","floor":2.0,"gold_loss":0.0,"damage_taken":11.0},{"damage_healed":0.0,"max_hp_gain":0.0,"max_hp_loss":0.0,"gold_gain":0.0,"event_name":"Lab","player_choice":"Got Potions","floor":3.0,"gold_loss":0.0,"damage_taken":0.0},{"cards_removed":["Strike_R"],"damage_healed":0.0,"max_hp_gain":0.0,"max_hp_loss":0.0,"gold_gain":0.0,"event_name":"Beggar","player_choice":"Gave Gold","floor":19.0,"gold_loss":75.0,"damage_taken":0.0},{"damage_healed":0.0,"max_hp_gain":0.0,"max_hp_loss":0.0,"gold_gain":0.0,"event_name":"Back to Basics","player_choice":"Simplicity","floor":20.0,"gold_loss":0.0,"damage_taken":0.0,"cards_upgraded":["Strike_R","Strike_R","Strike_R","Strike_R","Defend_R","Defend_R","Defend_R","Defend_R"]},{"damage_healed":0.0,"max_hp_gain":0.0,"max_hp_loss":0.0,"gold_gain":0.0,"event_name":"Nest","player_choice":"Joined the Cult","floor":21.0,"gold_loss":0.0,"damage_taken":6.0,"cards_obtained":["RitualDagger"]},{"damage_healed":0.0,"max_hp_gain":0.0,"max_hp_loss":0.0,"gold_gain":0.0,"event_name":"Cursed Tome","player_choice":"Obtained Book","floor":22.0,"gold_loss":0.0,"damage_taken":21.0},{"damage_healed":0.0,"max_hp_gain":0.0,"max_hp_loss":0.0,"gold_gain":50.0,"event_name":"Golden Shrine","player_choice":"Pray","floor":24.0,"gold_loss":0.0,"damage_taken":0.0},{"damage_healed":0.0,"max_hp_gain":0.0,"max_hp_loss":0.0,"gold_gain":0.0,"cards_transformed":["Strike_R"],"event_name":"Transmorgrifier","player_choice":"Transformed","floor":30.0,"gold_loss":0.0,"damage_taken":0.0,"cards_obtained":["Berserk"]}],"is_beta":false,"boss_relics":[{"not_picked":["Pandora\u0027s Box","Coffee Dripper"],"picked":"Busted Crown"}],"items_purged_floors":[31],"is_endless":false,"potions_floor_spawned":[4,10,13,18],"killed_by":"Automaton","ascension_level":18}