{"gold_per_floor":[16,30,47,57,57,76,106,121,121,136,146,201,221,236,236,340,340,358,375,391,391,441,475,475,493,573,573,64,79,110,127,127,231,231,251,300,320,320,320,351,43,63,63,92,105,105,124,159,159,159,159,159,80,108,108],"floor_reached":56,"playtime":16669,"items_purged":["Strike_R"],"score":1747,"play_id":"778c935c-bfc6-4803-bf64-33a7eb5bec8d","local_time":"20190514104354","is_ascension_mode":false,"campfire_choices":[{"data":"Exhume","floor":15,"key":"SMITH"},{"data":"True Grit","floor":27,"key":"SMITH"},{"data":"Rupture","floor":32,"key":"SMITH"},{"data":"Demon Form","floor":46,"key":"SMITH"},{"floor":49,"key":"RECALL"},{"data":"J.A.X.","floor":52,"key":"SMITH"}],"neow_cost":"NO_GOLD","seed_source_timestamp":405085648108358,"circlet_count":0,"master_deck":["Strike_R+1","Strike_R","Strike_R","Strike_R","Defend_R+1","Defend_R","Defend_R","Defend_R","Bash","Sword Boomerang","Spot Weakness","Flame Barrier","Rupture+1","Pummel","Shrug It Off","Exhume+1","True Grit+1","Flame Barrier","Rage","Bludgeon","Shrug It Off","Whirlwind","J.A.X.+1","Burning Pact+1","Ghostly+1","Ghostly+1","Ghostly+1","Ghostly+1","Ghostly+1","Headbutt","Madness+1","Shockwave+1","Corruption+1","Havoc+1","Demon Form+1","Blind+1","Madness+1","Madness+1","Warcry+1","Anger+1","Anger","Exhume+1"],"special_seed":0,"relics":["Burning Blood","Magic Flower","Paper Frog","Mercury Hourglass","Tiny Chest","Sozu","Red Skull","Toxic Egg 2","Letter Opener","Orichalcum","Bronze Scales","Pear","Busted Crown","Ginger","Bag of Preparation","Unceasing Top","Pantograph","Potion Belt","Strawberry"],"potions_floor_usage":[],"damage_taken":[{"damage":1.0,"enemies":"Jaw Worm","floor":1.0,"turns":4.0},{"damage":3.0,"enemies":"Small Slimes","floor":2.0,"turns":3.0},{"damage":2.0,"enemies":"2 Louse","floor":3.0,"turns":3.0},{"damage":2.0,"enemies":"Blue Slaver","floor":4.0,"turns":3.0},{"damage":6.0,"enemies":"Exordium Wildlife","floor":6.0,"turns":5.0},{"damage":36.0,"enemies":"Lagavulin","floor":7.0,"turns":7.0},{"damage":1.0,"enemies":"Large Slime","floor":8.0,"turns":7.0},{"damage":0.0,"enemies":"Red Slaver","floor":10.0,"turns":4.0},{"damage":1.0,"enemies":"Gremlin Gang","floor":11.0,"turns":5.0},{"damage":0.0,"enemies":"3 Sentries","floor":12.0,"turns":5.0},{"damage":6,"enemies":"3 Louse","floor":13,"turns":2},{"damage":3,"enemies":"Large Slime","floor":14,"turns":3},{"damage":50,"enemies":"Slime Boss","floor":16,"turns":14},{"damage":17,"enemies":"Spheric Guardian","floor":18,"turns":4},{"damage":10,"enemies":"Shell Parasite","floor":19,"turns":6},{"damage":8,"enemies":"Centurion and Healer","floor":20,"turns":6},{"damage":16,"enemies":"Book of Stabbing","floor":23,"turns":6},{"damage":22,"enemies":"Snake Plant","floor":25,"turns":5},{"damage":0,"enemies":"3 Cultists","floor":29,"turns":3},{"damage":1,"enemies":"Gremlin Leader","floor":30,"turns":4},{"damage":6,"enemies":"Snecko","floor":31,"turns":3},{"damage":2,"enemies":"Collector","floor":33,"turns":10},{"damage":19,"enemies":"3 Shapes","floor":35,"turns":3},{"damage":2,"enemies":"2 Orb Walkers","floor":36,"turns":5},{"damage":1,"enemies":"Orb Walker","floor":37,"turns":5},{"damage":10,"enemies":"Giant Head","floor":40,"turns":9},{"damage":1,"enemies":"Maw","floor":42,"turns":5},{"damage":8,"enemies":"Nemesis","floor":44,"turns":5},{"damage":0,"enemies":"Spire Growth","floor":45,"turns":3},{"damage":5,"enemies":"Sphere and 2 Shapes","floor":47,"turns":4},{"damage":17,"enemies":"Giant Head","floor":48,"turns":6},{"damage":2,"enemies":"Time Eater","floor":50,"turns":6},{"damage":1,"enemies":"Shield and Spear","floor":54,"turns":6},{"damage":34,"enemies":"The Heart","floor":55,"turns":7}],"seed_played":"-4615905974149013000","potions_obtained":[{"floor":3.0,"key":"SkillPotion"},{"floor":7.0,"key":"Ancient Potion"},{"floor":10.0,"key":"EssenceOfSteel"},{"floor":11.0,"key":"PowerPotion"},{"floor":12.0,"key":"Ancient Potion"},{"floor":13,"key":"FairyPotion"}],"is_trial":false,"path_per_floor":["M","M","M","M","?","M","E","M","T","M","M","E","M","M","R","B",null,"M","M","M","?","T","E","?","M","T","R","$","M","E","M","R","B",null,"M","?","M","?","?","E","$","M","T","E","M","R","M","E","R","B",null,"R","$","E","B",null],"character_chosen":"IRONCLAD","items_purchased":["Madness+1","Shockwave+1","Orichalcum","Bronze Scales","Unceasing Top","Warcry+1","Exhume+1"],"campfire_rested":0,"item_purchase_floors":[28,28,28,28,41,41,53],"current_hp_per_floor":[80,80,80,80,64,67,40,48,48,57,65,74,77,80,80,39,80,72,71,72,72,72,65,40,27,27,27,27,36,50,50,50,50,50,40,47,50,50,44,43,43,50,50,50,50,50,50,42,42,50,50,50,50,57,32],"gold":108,"neow_bonus":"ONE_RARE_RELIC","is_prod":false,"is_daily":false,"chose_seed":false,"campfire_upgraded":5,"win_rate":0,"timestamp":1557810834,"path_taken":["M","M","M","M","?","M","E","M","T","M","M","E","M","M","R","BOSS","M","M","M","?","?","E","?","M","T","R","$","?","E","M","R","BOSS","M","?","M","?","?","E","?","?","T","E","M","R","M","E","R","BOSS","R","$","E","BOSS"],"build_version":"2019-01-23","purchased_purges":1,"victory":true,"max_hp_per_floor":[80,80,80,80,80,80,80,80,80,80,80,80,80,80,80,80,80,80,80,80,80,80,80,40,40,40,40,40,40,50,50,50,50,50,50,50,50,50,50,50,50,50,50,50,50,50,50,50,50,50,50,50,50,57,57],"card_choices":[{"not_picked":["Flex","Warcry"],"picked":"Sword Boomerang","floor":1.0},{"not_picked":["Combust","Wild Strike"],"picked":"Spot Weakness","floor":2.0},{"not_picked":["Flex","Cleave"],"picked":"Flame Barrier","floor":3.0},{"not_picked":["Dual Wield","Combust"],"picked":"Rupture","floor":4.0},{"not_picked":["Body Slam","Warcry"],"picked":"Pummel","floor":6.0},{"not_picked":["Rupture","Spot Weakness"],"picked":"Shrug It Off","floor":7.0},{"not_picked":["Cleave","Iron Wave","Flex"],"picked":"SKIP","floor":8.0},{"not_picked":["Dropkick","Perfected Strike"],"picked":"Exhume","floor":10.0},{"not_picked":["Cleave","Clothesline"],"picked":"True Grit","floor":11.0},{"not_picked":["Hemokinesis","Iron Wave","Anger"],"picked":"SKIP","floor":12.0},{"not_picked":["Sword Boomerang","Metallicize"],"picked":"Flame Barrier","floor":13},{"not_picked":["Armaments","Berserk"],"picked":"Rage","floor":14},{"not_picked":["Barricade","Juggernaut"],"picked":"Bludgeon","floor":16},{"not_picked":["Seeing Red","Flex"],"picked":"Shrug It Off","floor":18},{"not_picked":["Seeing Red","Pommel Strike"],"picked":"Whirlwind","floor":19},{"not_picked":["Cleave","Perfected Strike","Burning Pact"],"picked":"SKIP","floor":20},{"not_picked":["True Grit","Juggernaut"],"picked":"Burning Pact","floor":23},{"not_picked":["Combust","Iron Wave"],"picked":"Headbutt","floor":25},{"not_picked":["Pommel Strike","Second Wind+1"],"picked":"Corruption+1","floor":29},{"not_picked":["Twin Strike","Body Slam"],"picked":"Havoc+1","floor":30},{"not_picked":["Iron Wave+1","Body Slam","Inflame"],"picked":"SKIP","floor":31},{"not_picked":["Juggernaut","Double Tap+1"],"picked":"Demon Form","floor":33},{"not_picked":["Body Slam+1"],"picked":"SKIP","floor":35},{"not_picked":["Perfected Strike+1"],"picked":"SKIP","floor":37},{"not_picked":[],"picked":"Blind+1","floor":38},{"not_picked":["Armaments+1"],"picked":"SKIP","floor":40},{"not_picked":[],"picked":"Anger+1","floor":42},{"not_picked":["Anger"],"picked":"SKIP","floor":44},{"not_picked":[],"picked":"Anger","floor":44},{"not_picked":["True Grit+1"],"picked":"SKIP","floor":45},{"not_picked":["Iron Wave+1"],"picked":"SKIP","floor":47},{"not_picked":["Heavy Blade+1"],"picked":"SKIP","floor":48},{"not_picked":["Ghostly Armor+1"],"picked":"SKIP","floor":54}],"player_experience":258794,"relics_obtained":[{"floor":7.0,"key":"Paper Frog"},{"floor":9.0,"key":"Mercury Hourglass"},{"floor":12.0,"key":"Tiny Chest"},{"floor":22,"key":"Red Skull"},{"floor":23,"key":"Toxic Egg 2"},{"floor":26,"key":"Letter Opener"},{"floor":30,"key":"Pear"},{"floor":36,"key":"Ginger"},{"floor":40,"key":"Bag of Preparation"},{"floor":44,"key":"Pantograph"},{"floor":48,"key":"Potion Belt"},{"floor":54,"key":"Strawberry"}],"event_choices":[{"damage_healed":0.0,"max_hp_gain":0.0,"max_hp_loss":0.0,"gold_gain":0.0,"event_name":"Shining Light","player_choice":"Entered Light","floor":5.0,"gold_loss":0.0,"damage_taken":16.0,"cards_upgraded":["Defend_R","Strike_R"]},{"damage_healed":0,"gold_gain":0,"player_choice":"Obtain J.A.X.","damage_taken":0,"max_hp_gain":0,"max_hp_loss":0,"event_name":"Drug Dealer","floor":21,"gold_loss":0,"cards_obtained":["J.A.X."]},{"damage_healed":0,"gold_gain":0,"player_choice":"Became a Ghost","damage_taken":0,"max_hp_gain":0,"max_hp_loss":40,"event_name":"Ghosts","floor":24,"gold_loss":0,"cards_obtained":["Ghostly","Ghostly","Ghostly","Ghostly","Ghostly"]},{"damage_healed":0,"gold_gain":0,"player_choice":"Fight","damage_taken":0,"max_hp_gain":0,"max_hp_loss":0,"event_name":"Mysterious Sphere","floor":36,"gold_loss":0},{"damage_healed":0,"gold_gain":0,"player_choice":"Memory 1","damage_taken":0,"max_hp_gain":0,"max_hp_loss":0,"event_name":"SensoryStone","floor":38,"gold_loss":0},{"damage_healed":0,"gold_gain":0,"player_choice":"Embrace Madness","damage_taken":6,"max_hp_gain":0,"max_hp_loss":0,"event_name":"Winding Halls","floor":39,"gold_loss":0,"cards_obtained":["Madness","Madness"]}],"is_beta":false,"boss_relics":[{"not_picked":["Runic Cube","Orrery"],"picked":"Sozu"},{"not_picked":["Runic Pyramid","Runic Dome"],"picked":"Busted Crown"}],"items_purged_floors":[28],"is_endless":false,"potions_floor_spawned":[3,7,10,11,12,13,23,29,30,35,36,37,42,45,54],"ascension_level":0}