{"gold_per_floor":[210,226,18,32,51,80,80,107,152,132,132,158,174,185,185,185],"floor_reached":16,"playtime":516,"items_purged":[],"score":232,"play_id":"73e44e35-c24a-436a-887f-51b307306998","local_time":"20190506194610","is_ascension_mode":true,"campfire_choices":[{"data":"Uppercut","floor":7,"key":"SMITH"},{"floor":11,"key":"REST"},{"data":"Body Slam","floor":15,"key":"SMITH"}],"neow_cost":"NONE","seed_source_timestamp":157916342379200,"circlet_count":0,"master_deck":["AscendersBane","Strike_R","Strike_R","Strike_R","Strike_R","Strike_R","Defend_R","Defend_R","Defend_R","Defend_R","Bash","Uppercut+1","Cleave","Immolate","Carnage","Body Slam+1","Bludgeon","Shrug It Off","Dropkick"],"relics":["Burning Blood","Strawberry","Dodecahedron","Boot","Ancient Tea Set"],"potions_floor_usage":[6,6,16],"damage_taken":[{"damage":11,"enemies":"Jaw Worm","floor":1,"turns":5},{"damage":7,"enemies":"Cultist","floor":2,"turns":4},{"damage":0,"enemies":"Small Slimes","floor":4,"turns":2},{"damage":15,"enemies":"Exordium Wildlife","floor":5,"turns":4},{"damage":30,"enemies":"Lagavulin","floor":6,"turns":6},{"damage":26,"enemies":"Gremlin Nob","floor":8,"turns":4},{"damage":19,"enemies":"Lagavulin","floor":12,"turns":5},{"damage":6,"enemies":"Looter","floor":13,"turns":3},{"damage":0,"enemies":"Gremlin Gang","floor":14,"turns":2},{"damage":39,"enemies":"The Guardian","floor":16,"turns":7}],"seed_played":"-3766451753679700772","potions_obtained":[{"floor":2,"key":"Poison Potion"},{"floor":8,"key":"Strength Potion"},{"floor":10,"key":"Strength Potion"}],"is_trial":false,"path_per_floor":["M","M","$","M","M","E","R","E","T","?","R","E","M","M","R","B"],"character_chosen":"IRONCLAD","items_purchased":["Immolate","Weak Potion"],"campfire_rested":1,"item_purchase_floors":[3,3],"current_hp_per_floor":[63,62,62,68,59,42,42,22,22,22,46,33,33,39,39,0],"gold":185,"neow_bonus":"HUNDRED_GOLD","is_prod":false,"is_daily":false,"chose_seed":false,"campfire_upgraded":2,"win_rate":0,"timestamp":1557164770,"path_taken":["M","M","$","M","M","E","R","E","T","?","R","E","M","?","R","BOSS"],"build_version":"2019-01-23","purchased_purges":0,"victory":false,"max_hp_per_floor":[75,75,75,75,75,82,82,82,82,82,82,82,82,82,82,82],"card_choices":[{"not_picked":["Sword Boomerang","Havoc"],"picked":"Uppercut","floor":1},{"not_picked":["Shockwave","Infernal Blade"],"picked":"Cleave","floor":2},{"not_picked":["Second Wind","Intimidate"],"picked":"Carnage","floor":4},{"not_picked":["Perfected Strike","Armaments"],"picked":"Body Slam","floor":5},{"not_picked":["True Grit","Clash"],"picked":"Bludgeon","floor":6},{"not_picked":["Pommel Strike","Burning Pact"],"picked":"Shrug It Off","floor":8},{"not_picked":["Wild Strike","Dark Embrace"],"picked":"Dropkick","floor":12},{"not_picked":["Warcry","Clash","Flex"],"picked":"SKIP","floor":13},{"not_picked":["Perfected Strike","Clash","Searing Blow"],"picked":"SKIP","floor":14}],"player_experience":666200,"relics_obtained":[{"floor":6,"key":"Strawberry"},{"floor":8,"key":"Dodecahedron"},{"floor":9,"key":"Boot"},{"floor":12,"key":"Ancient Tea Set"}],"event_choices":[{"damage_healed":0,"gold_gain":0,"player_choice":"Bought 1 Potion","damage_taken":0,"max_hp_gain":0,"max_hp_loss":0,"event_name":"The Woman in Blue","floor":10,"gold_loss":0}],"is_beta":false,"boss_relics":[],"items_purged_floors":[],"is_endless":false,"potions_floor_spawned":[2,4,8,12,13],"killed_by":"The Guardian","ascension_level":18}