{"gold_per_floor":[118,88,104,120,132,132,167,167,249,284,301,334,82,95,95,95],"floor_reached":16,"playtime":1107,"items_purged":[],"score":159,"play_id":"370bb4f6-2297-473a-a3ca-728e19ddcc38","local_time":"20181223015007","is_ascension_mode":true,"campfire_choices":[{"data":"Berserk","floor":6,"key":"SMITH"},{"floor":8,"key":"REST"},{"floor":15,"key":"REST"}],"neow_cost":"NONE","seed_source_timestamp":105226571871824,"circlet_count":0,"master_deck":["Strike_R","Strike_R","Strike_R","Strike_R","Strike_R","Defend_R","Defend_R","Defend_R","Defend_R","Bash","Berserk+1","Flex","Clothesline","Shrug It Off","Flex","Shrug It Off","Immolate","Clash","Flex","Shrug It Off","True Grit"],"relics":["Burning Blood","WingedGreaves","Pear","Bag of Marbles","Bronze Scales","OrangePellets"],"potions_floor_usage":[5,5,10,10,12],"damage_taken":[{"damage":13,"enemies":"Jaw Worm","floor":1,"turns":3},{"damage":4,"enemies":"Cultist","floor":3,"turns":3},{"damage":0,"enemies":"Small Slimes","floor":4,"turns":3},{"damage":11,"enemies":"Exordium Wildlife","floor":5,"turns":5},{"damage":53,"enemies":"3 Sentries","floor":7,"turns":9},{"damage":39,"enemies":"Lagavulin","floor":10,"turns":6},{"damage":0,"enemies":"2 Fungi Beasts","floor":11,"turns":2},{"damage":14,"enemies":"Gremlin Nob","floor":12,"turns":3},{"damage":4,"enemies":"Blue Slaver","floor":14,"turns":2},{"damage":51,"enemies":"Hexaghost","floor":16,"turns":9}],"seed_played":"-3453868164265973820","potions_obtained":[{"floor":1,"key":"Swift Potion"},{"floor":2,"key":"Explosive Potion"},{"floor":2,"key":"SkillPotion"},{"floor":5,"key":"AttackPotion"},{"floor":10,"key":"Poison Potion"}],"is_trial":false,"path_per_floor":["M","?","M","M","M","R","E","R","T","E","M","E","$","M","R","B"],"character_chosen":"IRONCLAD","items_purchased":["OrangePellets","Shrug It Off"],"campfire_rested":2,"item_purchase_floors":[13,13],"current_hp_per_floor":[65,65,67,73,68,68,21,45,55,22,28,20,20,22,49,0],"gold":95,"neow_bonus":"ONE_RANDOM_RARE_CARD","is_prod":false,"is_daily":false,"chose_seed":false,"campfire_upgraded":1,"win_rate":0,"timestamp":1545540607,"path_taken":["M","?","?","M","?","R","E","R","T","E","M","E","$","?","R","BOSS"],"build_version":"2018-12-20","purchased_purges":0,"victory":false,"max_hp_per_floor":[80,80,80,80,80,80,80,80,90,90,90,90,90,90,90,90],"card_choices":[{"not_picked":["Second Wind","Warcry"],"picked":"Flex","floor":1},{"not_picked":["Body Slam","Shockwave"],"picked":"Clothesline","floor":3},{"not_picked":["Heavy Blade","Pommel Strike"],"picked":"Shrug It Off","floor":4},{"not_picked":["Anger","Shockwave"],"picked":"Flex","floor":5},{"not_picked":["Body Slam","Rampage"],"picked":"Shrug It Off","floor":7},{"not_picked":["Armaments","Sword Boomerang"],"picked":"Immolate","floor":10},{"not_picked":["Dual Wield","Twin Strike"],"picked":"Clash","floor":11},{"not_picked":["Wild Strike","Thunderclap"],"picked":"Flex","floor":12},{"not_picked":["Sentinel","Entrench"],"picked":"True Grit","floor":14}],"player_experience":527452,"relics_obtained":[{"floor":7,"key":"WingedGreaves"},{"floor":9,"key":"Pear"},{"floor":10,"key":"Bag of Marbles"},{"floor":12,"key":"Bronze Scales"}],"event_choices":[{"damage_healed":0,"gold_gain":0,"player_choice":"Bought 2 Potions","damage_taken":0,"max_hp_gain":0,"max_hp_loss":0,"event_name":"The Woman in Blue","floor":2,"gold_loss":0}],"is_beta":false,"boss_relics":[],"items_purged_floors":[],"is_endless":false,"potions_floor_spawned":[1,5,10],"killed_by":"Hexaghost","ascension_level":6}