{"path_per_floor":["M","?","$","M","?","E","R","?","T","$","?","M","M","M","R","B",null,"M","M","?","?","?","E","M","?","T"],"character_chosen":"DEFECT","items_purchased":["Chill","Capacitor","Rebound","Beam Cell","Mercury Hourglass","Ball Lightning","Capacitor"],"gold_per_floor":[360,325,150,167,267,300,300,475,475,89,89,109,126,138,138,239,239,251,269,184,107,107,133,153,253,305,305],"floor_reached":27,"campfire_rested":1,"playtime":1276,"current_hp_per_floor":[38,56,56,50,50,34,34,34,48,48,48,42,34,34,60,19,89,86,76,76,76,76,28,16,16,16,0],"items_purged":[],"gold":305,"score":231,"play_id":"d6072b24-2dc2-4619-b9af-2e1725566e0d","local_time":"20180513040310","is_prod":false,"is_daily":false,"chose_seed":false,"is_ascension_mode":false,"campfire_upgraded":1,"timestamp":1526194990,"path_taken":["M","?","$","M","?","E","R","?","T","?","?","?","M","M","R","BOSS","M","M","?","?","?","E","M","?","T","?"],"build_version":"2018-05-12v2","seed_source_timestamp":91728642502710,"purchased_purges":0,"victory":false,"master_deck":["Strike_B","Strike_B","Strike_B","Strike_B","Defend_B","Defend_B","Defend_B","Defend_B","Zap","Dualcast","Capacitor","Chill+1","Capacitor","Rebound","Hello World+1","Rainbow","Doubt","Beam Cell","Ball Lightning","Capacitor","Stack","Rebound","Genetic Algorithm","Rainbow","Beam Cell+1","Rebound+1","J.A.X.","Biased Cognition","Steam+1"],"max_hp_per_floor":[75,75,75,75,75,75,75,75,89,89,89,89,89,89,89,89,89,89,89,89,89,89,89,89,89,89,89],"relics":["Cracked Core","Letter Opener","Mango","Mercury Hourglass","Sozu","Vajra","Ginger","Oddly Smooth Stone"],"card_choices":[{"not_picked":["Go for the Eyes","Cold Snap"],"picked":"Capacitor","floor":1},{"not_picked":["Streamline","Hologram"],"picked":"Hello World","floor":4},{"not_picked":["BootSequence","Lockon"],"picked":"Rainbow","floor":6},{"not_picked":["Beam Cell","Leap"],"picked":"Stack","floor":12},{"not_picked":["Undo","Go for the Eyes"],"picked":"Rebound","floor":13},{"not_picked":["FTL","Capacitor"],"picked":"Genetic Algorithm","floor":14},{"not_picked":["Thunder Strike","All For One"],"picked":"Rainbow","floor":16},{"not_picked":["Turbo+1","Hologram+1"],"picked":"Beam Cell+1","floor":18},{"not_picked":["Skim+1","Coolheaded"],"picked":"Rebound+1","floor":19},{"not_picked":["Beam Cell","Recycle"],"picked":"Biased Cognition","floor":23},{"not_picked":["Steam Power","Beam Cell"],"picked":"Steam+1","floor":24}],"player_experience":24488,"potions_floor_usage":[14,16,16,23],"damage_taken":[{"damage":0,"enemies":"2 Louse","floor":1,"turns":2},{"damage":6,"enemies":"Jaw Worm","floor":4,"turns":3},{"damage":16,"enemies":"3 Sentries","floor":6,"turns":9},{"damage":6,"enemies":"Small Slimes","floor":12,"turns":3},{"damage":8,"enemies":"2 Fungi Beasts","floor":13,"turns":2},{"damage":0,"enemies":"Gremlin Gang","floor":14,"turns":2},{"damage":41,"enemies":"Hexaghost","floor":16,"turns":9},{"damage":3,"enemies":"Chosen","floor":18,"turns":3},{"damage":10,"enemies":"Shell Parasite","floor":19,"turns":4},{"damage":48,"enemies":"Gremlin Leader","floor":23,"turns":8},{"damage":12,"enemies":"Centurion and Healer","floor":24,"turns":6},{"damage":16,"enemies":"Slaver and Parasite","floor":27,"turns":1}],"event_choices":[{"event_name":"The Cleric","player_choice":"Healed","floor":2,"damage_taken":0},{"event_name":"Golden Shrine","player_choice":"Pray","floor":5,"damage_taken":0},{"event_name":"Liars Game","player_choice":"agreed","floor":8,"damage_taken":0},{"event_name":"Living Wall","player_choice":"Grow","floor":11,"damage_taken":0},{"event_name":"Addict","player_choice":"Obtained Relic","floor":20,"damage_taken":0},{"event_name":"Drug Dealer","player_choice":"Got JAXXED","floor":21,"damage_taken":0},{"event_name":"Vampires","player_choice":"Ignored","floor":22,"damage_taken":0},{"event_name":"Golden Shrine","player_choice":"Pray","floor":25,"damage_taken":0}],"boss_relics":[{"not_picked":["Orrery","Cursed Key"],"picked":"Sozu"}],"potions_floor_spawned":[4,6,12,14,18,23],"seed_played":"7910312183082009872","killed_by":"Slaver and Parasite","ascension_level":0,"is_trial":false}