{"gold_per_floor":[117,117,127,127,145,145,164,7,7,7,7,18,34,62,62,161,211,225,4,4,16,16,16,16,16,98,98,98,111,130,143,143,247,247,262,47,0,0,11,11,11],"floor_reached":41,"playtime":2303,"items_purged":[],"score":430,"play_id":"0f4547b3-1f0b-4646-a885-c89f09b27390","local_time":"20190509101111","is_ascension_mode":true,"campfire_choices":[{"data":"Neutralize","floor":6,"key":"SMITH"},{"data":"Sucker Punch","floor":10,"key":"SMITH"},{"floor":15,"key":"REST"},{"data":"Phantasmal Killer","floor":23,"key":"SMITH"},{"data":"Deflect","floor":25,"key":"SMITH"},{"floor":27,"key":"RECALL"},{"floor":32,"key":"REST"},{"data":"Envenom","floor":40,"key":"SMITH"}],"neow_cost":"NONE","seed_source_timestamp":289172556173600,"circlet_count":0,"master_deck":["Defend_G+1","Defend_G+1","Defend_G+1","Defend_G+1","Defend_G+1","Strike_G+1","Strike_G+1","Strike_G+1","Strike_G+1","Strike_G+1","Survivor+1","Neutralize+1","Sucker Punch+1","Deflect+1","Poisoned Stab","Crippling Poison","Cloak And Dagger+1","PiercingWail","Deadly Poison","Underhanded Strike","Phantasmal Killer+1","Acrobatics+1","Well Laid Plans+1","Dagger Throw+1","All Out Attack","Backflip","Flying Knee+1","Envenom+1","Slice+1","Noxious Fumes"],"relics":["Ring of the Snake","Pen Nib","Oddly Smooth Stone","Meat on the Bone","Tiny House","Vajra","Singing Bowl","Black Star","Centennial Puzzle","Red Mask"],"potions_floor_usage":[31,31,33],"damage_taken":[{"damage":2,"enemies":"2 Louse","floor":1,"turns":3},{"damage":2,"enemies":"Small Slimes","floor":3,"turns":6},{"damage":0,"enemies":"Cultist","floor":5,"turns":3},{"damage":14,"enemies":"Large Slime","floor":7,"turns":10},{"damage":1,"enemies":"Gremlin Gang","floor":12,"turns":4},{"damage":9,"enemies":"Lots of Slimes","floor":13,"turns":4},{"damage":6,"enemies":"3 Sentries","floor":14,"turns":7},{"damage":20,"enemies":"The Guardian","floor":16,"turns":13},{"damage":5,"enemies":"Chosen","floor":18,"turns":7},{"damage":12,"enemies":"Shell Parasite","floor":21,"turns":5},{"damage":1,"enemies":"Centurion and Healer","floor":29,"turns":6},{"damage":36,"enemies":"3 Cultists","floor":30,"turns":6},{"damage":31,"enemies":"Cultist and Chosen","floor":31,"turns":6},{"damage":18,"enemies":"Collector","floor":33,"turns":13},{"damage":52,"enemies":"3 Darklings","floor":35,"turns":6},{"damage":4,"enemies":"Orb Walker","floor":39,"turns":4},{"damage":53,"enemies":"Sphere and 2 Shapes","floor":41,"turns":7}],"seed_played":"7113608332626489266","potions_obtained":[{"floor":5,"key":"SneckoOil"},{"floor":7,"key":"GhostInAJar"},{"floor":12,"key":"Swift Potion"},{"floor":31,"key":"SpeedPotion"}],"is_trial":false,"path_per_floor":["M","?","M","?","M","R","M","$","T","R","?","M","M","E","R","B",null,"M","$","?","M","?","R","?","R","T","R","$","M","M","M","R","B",null,"M","$","?","?","M","R","M"],"character_chosen":"THE_SILENT","items_purchased":["Pen Nib","Vajra","Well Laid Plans","Noxious Fumes","Centennial Puzzle"],"campfire_rested":2,"item_purchase_floors":[8,19,19,36,36],"current_hp_per_floor":[68,68,66,66,66,66,52,52,52,52,52,51,42,36,57,37,75,70,70,70,58,58,58,58,58,58,58,58,57,33,14,36,30,75,35,35,35,35,45,45,0],"gold":11,"neow_bonus":"THREE_CARDS","is_prod":false,"is_daily":false,"chose_seed":false,"campfire_upgraded":5,"win_rate":0,"timestamp":1557411071,"path_taken":["M","?","M","?","M","R","?","$","T","R","?","M","?","E","R","BOSS","M","?","?","?","?","R","?","R","T","R","?","M","?","M","R","BOSS","M","$","?","?","M","R","M"],"build_version":"2019-01-23","purchased_purges":0,"victory":false,"max_hp_per_floor":[70,70,70,70,70,70,70,70,70,70,70,70,70,70,70,70,75,75,75,75,75,75,75,75,75,75,75,75,75,75,75,75,75,75,75,75,75,75,77,77,77],"card_choices":[{"not_picked":["Calculated Gamble","Tactician"],"picked":"Sucker Punch","floor":0},{"not_picked":["Reflex","Accuracy"],"picked":"Deflect","floor":1},{"not_picked":["Sucker Punch","Acrobatics"],"picked":"Poisoned Stab","floor":3},{"not_picked":["Underhanded Strike","Sucker Punch"],"picked":"Crippling Poison","floor":5},{"not_picked":["Reflex","Underhanded Strike"],"picked":"Cloak And Dagger","floor":7},{"not_picked":["Dagger Throw","Outmaneuver"],"picked":"PiercingWail","floor":12},{"not_picked":["Expertise","Sucker Punch"],"picked":"Deadly Poison","floor":13},{"not_picked":["Predator","Prepared"],"picked":"Underhanded Strike","floor":14},{"not_picked":["Die Die Die","Venomology"],"picked":"Phantasmal Killer","floor":16},{"not_picked":["Acrobatics","Masterful Stab"],"picked":"Bane","floor":17},{"not_picked":["Underhanded Strike","Dagger Throw"],"picked":"Acrobatics+1","floor":18},{"not_picked":["Poisoned Stab","Endless Agony"],"picked":"Dagger Throw+1","floor":21},{"not_picked":["Tactician","Blade Dance"],"picked":"All Out Attack","floor":29},{"not_picked":["Dash+1","Poisoned Stab"],"picked":"Backflip","floor":30},{"not_picked":["Dash+1","Acrobatics"],"picked":"Flying Knee+1","floor":31},{"not_picked":["Adrenaline","Phantasmal Killer"],"picked":"Envenom","floor":33},{"not_picked":["Deadly Poison","Acrobatics+1"],"picked":"Slice+1","floor":35},{"not_picked":["Outmaneuver","Footwork+1","Setup+1"],"picked":"Singing Bowl","floor":39}],"player_experience":159608,"relics_obtained":[{"floor":9,"key":"Oddly Smooth Stone"},{"floor":14,"key":"Meat on the Bone"},{"floor":26,"key":"Singing Bowl"}],"event_choices":[{"damage_healed":0,"gold_gain":0,"player_choice":"Ignored","damage_taken":0,"max_hp_gain":0,"max_hp_loss":0,"event_name":"Liars Game","floor":2,"gold_loss":0},{"damage_healed":0,"gold_gain":0,"player_choice":"Bought 0 Potions","damage_taken":0,"max_hp_gain":0,"max_hp_loss":0,"event_name":"The Woman in Blue","floor":4,"gold_loss":0},{"damage_healed":0,"gold_gain":0,"player_choice":"Forge","damage_taken":0,"max_hp_gain":0,"max_hp_loss":0,"event_name":"Accursed Blacksmith","floor":11,"gold_loss":0,"cards_upgraded":["Cloak And Dagger"]},{"damage_healed":0,"gold_gain":0,"player_choice":"Upgraded","damage_taken":0,"max_hp_gain":0,"max_hp_loss":0,"event_name":"Upgrade Shrine","floor":20,"gold_loss":0,"cards_upgraded":["Well Laid Plans"]},{"damage_healed":0,"gold_gain":0,"player_choice":"Simplicity","damage_taken":0,"max_hp_gain":0,"max_hp_loss":0,"event_name":"Back to Basics","floor":22,"gold_loss":0,"cards_upgraded":["Defend_G","Defend_G","Defend_G","Defend_G","Defend_G","Strike_G","Strike_G","Strike_G","Strike_G","Strike_G"]},{"damage_healed":0,"gold_gain":0,"player_choice":"Ignored","damage_taken":0,"max_hp_gain":0,"max_hp_loss":0,"event_name":"Ghosts","floor":24,"gold_loss":0},{"damage_healed":0,"gold_gain":0,"player_choice":"Paid","damage_taken":0,"relics_obtained":["Red Mask"],"max_hp_gain":0,"max_hp_loss":0,"event_name":"Tomb of Lord Red Mask","floor":37,"gold_loss":47},{"cards_removed":["Bane"],"damage_healed":0,"gold_gain":0,"player_choice":"Removed Attack","damage_taken":0,"max_hp_gain":0,"max_hp_loss":0,"event_name":"Falling","floor":38,"gold_loss":0}],"is_beta":false,"boss_relics":[{"not_picked":["WristBlade","Orrery"],"picked":"Tiny House"},{"not_picked":["Eternal Feather","Pandora\u0027s Box"],"picked":"Black Star"}],"items_purged_floors":[],"is_endless":false,"potions_floor_spawned":[5,7,12,16,29,31],"killed_by":"Sphere and 2 Shapes","ascension_level":2}