{"gold_per_floor":[110,130,37,49,66,66,99,99,129,129,75,104,175,195,195,297,297,317,317,337,354,6,6,25,55,81,81,81,95,95,57,57,158,158,175,175,107,177,227,227],"floor_reached":40,"playtime":1326,"items_purged":[],"score":609,"play_id":"7c081440-f09a-4d4a-a6f1-08e8236e9bb0","local_time":"20190103002828","is_ascension_mode":true,"campfire_choices":[{"floor":6,"key":"REST"},{"floor":10,"key":"REST"},{"floor":15,"key":"REST"},{"floor":28,"key":"REST"},{"floor":30,"key":"REST"},{"floor":32,"key":"REST"}],"neow_cost":"CURSE","seed_source_timestamp":1050608654572576,"circlet_count":0,"master_deck":["Strike_B","Strike_B","Strike_B","Defend_B","Defend_B","Defend_B","Defend_B","Zap","Dualcast","Injury","Cold Snap","Turbo","Cold Snap","Static Discharge","Conserve Battery","Ball Lightning","Hyperbeam+1","Compile Driver","Capacitor","Buffer","Gash+1","Cold Snap","Gash+1","Go for the Eyes","Self Repair","Turbo","Loop","Electrodynamics","Skim","Defragment","Scrape","Steam Power"],"relics":["Cracked Core","Turnip","Art of War","Tiny Chest","Pantograph","Bottled Tornado","Fusion Hammer","Bronze Scales","Lee\u0027s Waffle","Mango","Strawberry","Busted Crown","SsserpentHead"],"potions_floor_usage":[14,33,40],"damage_taken":[{"damage":10,"enemies":"Cultist","floor":1,"turns":4},{"damage":7,"enemies":"Jaw Worm","floor":2,"turns":4},{"damage":3,"enemies":"Small Slimes","floor":4,"turns":3},{"damage":11,"enemies":"Red Slaver","floor":5,"turns":3},{"damage":28,"enemies":"Gremlin Nob","floor":7,"turns":4},{"damage":28,"enemies":"Lagavulin","floor":12,"turns":5},{"damage":10,"enemies":"3 Louse","floor":14,"turns":2},{"damage":52,"enemies":"Hexaghost","floor":16,"turns":8},{"damage":7,"enemies":"3 Byrds","floor":18,"turns":3},{"damage":26,"enemies":"2 Thieves","floor":20,"turns":3},{"damage":24,"enemies":"Shelled Parasite and Fungi","floor":21,"turns":5},{"damage":10,"enemies":"Snecko","floor":24,"turns":5},{"damage":21,"enemies":"Book of Stabbing","floor":25,"turns":4},{"damage":30,"enemies":"Cultist and Chosen","floor":29,"turns":6},{"damage":104,"enemies":"Automaton","floor":33,"turns":13},{"damage":15,"enemies":"3 Shapes","floor":35,"turns":2},{"damage":18,"enemies":"Orb Walker","floor":38,"turns":3},{"damage":75,"enemies":"Giant Head","floor":40,"turns":8}],"seed_played":"-516734655127286943","potions_obtained":[{"floor":4,"key":"Dexterity Potion"},{"floor":5,"key":"SpeedPotion"},{"floor":12,"key":"AttackPotion"},{"floor":20,"key":"GamblersBrew"},{"floor":21,"key":"AttackPotion"},{"floor":33,"key":"SteroidPotion"}],"is_trial":false,"path_per_floor":["M","M","$","M","M","R","E","?","T","R","$","E","T","M","R","B",null,"M","?","M","M","$","?","M","E","T","?","R","M","R","$","R","B",null,"M","?","$","M","?","E"],"character_chosen":"DEFECT","items_purchased":["Cold Snap","Static Discharge","Compile Driver","Bronze Scales","Lee\u0027s Waffle","Loop","Defragment","Scrape"],"campfire_rested":6,"item_purchase_floors":[3,3,11,22,22,31,37,37],"current_hp_per_floor":[58,51,51,48,37,59,31,31,31,53,53,25,25,15,37,10,59,52,85,59,35,92,92,82,75,82,82,113,90,113,113,113,9,87,72,72,72,61,61,0],"gold":227,"neow_bonus":"ONE_RARE_RELIC","is_prod":false,"is_daily":false,"chose_seed":false,"campfire_upgraded":0,"win_rate":0,"timestamp":1546486108,"path_taken":["M","M","?","M","M","R","E","?","T","R","$","E","?","M","R","BOSS","M","?","?","M","?","?","M","E","T","?","R","M","R","$","R","BOSS","M","?","?","?","?","E"],"build_version":"2018-12-20","purchased_purges":0,"victory":false,"max_hp_per_floor":[75,75,75,75,75,75,75,75,75,75,75,75,75,75,75,75,75,75,85,85,85,92,92,92,106,113,113,113,113,113,113,113,113,113,113,113,113,113,113,113],"card_choices":[{"not_picked":["Streamline","Aggregate"],"picked":"Cold Snap","floor":1},{"not_picked":["Doom and Gloom","Gash"],"picked":"Turbo","floor":2},{"not_picked":["Leap","Beam Cell"],"picked":"Conserve Battery","floor":4},{"not_picked":["Beam Cell","Go for the Eyes"],"picked":"Ball Lightning","floor":5},{"not_picked":["Compile Driver","Steam Power"],"picked":"Hyperbeam","floor":7},{"not_picked":["Auto Shields","Fusion"],"picked":"Fission","floor":12},{"not_picked":["Streamline","Rebound"],"picked":"Capacitor","floor":14},{"not_picked":["Core Surge","Amplify"],"picked":"Buffer","floor":16},{"not_picked":["Rebound","Steam"],"picked":"Gash+1","floor":18},{"not_picked":["FTL","Reprogram"],"picked":"Cold Snap","floor":20},{"not_picked":["Compile Driver+1","Turbo"],"picked":"Gash+1","floor":21},{"not_picked":["Hologram","Hello World"],"picked":"Go for the Eyes","floor":24},{"not_picked":["Meteor Strike","Reinforced Body"],"picked":"Self Repair","floor":25},{"not_picked":["Undo+1","Genetic Algorithm+1"],"picked":"Turbo","floor":29},{"not_picked":["Multi-Cast","Fission"],"picked":"Electrodynamics","floor":33},{"not_picked":[],"picked":"Skim","floor":35},{"not_picked":["Darkness"],"picked":"SKIP","floor":38}],"player_experience":608695,"relics_obtained":[{"floor":7,"key":"Art of War"},{"floor":9,"key":"Tiny Chest"},{"floor":12,"key":"Pantograph"},{"floor":13,"key":"Bottled Tornado"},{"floor":25,"key":"Mango"},{"floor":26,"key":"Strawberry"}],"event_choices":[{"damage_healed":0,"gold_gain":0,"player_choice":"Grow","damage_taken":0,"max_hp_gain":0,"max_hp_loss":0,"event_name":"Living Wall","floor":8,"gold_loss":0,"cards_upgraded":["Hyperbeam"]},{"cards_removed":["Fission"],"damage_healed":23,"gold_gain":0,"player_choice":"Offered Rare","damage_taken":0,"max_hp_gain":10,"max_hp_loss":0,"event_name":"Bonfire Elementals","floor":19,"gold_loss":0},{"damage_healed":0,"gold_gain":0,"player_choice":"Ignored","damage_taken":0,"max_hp_gain":0,"max_hp_loss":0,"event_name":"Ghosts","floor":23,"gold_loss":0},{"damage_healed":0,"gold_gain":0,"player_choice":"Ignored","damage_taken":0,"max_hp_gain":0,"max_hp_loss":0,"event_name":"Beggar","floor":27,"gold_loss":0},{"damage_healed":0,"gold_gain":0,"player_choice":"Trade","damage_taken":0,"relics_obtained":["SsserpentHead"],"max_hp_gain":0,"max_hp_loss":0,"event_name":"FaceTrader","floor":36,"gold_loss":0},{"damage_healed":0,"gold_gain":0,"cards_transformed":["Strike_B"],"player_choice":"Transformed","damage_taken":0,"max_hp_gain":0,"max_hp_loss":0,"event_name":"Transmorgrifier","floor":39,"gold_loss":0,"cards_obtained":["Steam Power"]}],"is_beta":false,"boss_relics":[{"not_picked":["Eternal Feather","Runic Pyramid"],"picked":"Fusion Hammer"},{"not_picked":["Black Star","Orrery"],"picked":"Busted Crown"}],"items_purged_floors":[],"is_endless":false,"potions_floor_spawned":[4,5,12,20,21,25,33],"killed_by":"Giant Head","ascension_level":7}