{"gold_per_floor":[11,11,31,50,62,62,90,68,68,68,79,96,62,92,92,195,195,214,232,332,348,174,174,186,196,196,196,196,196],"floor_reached":29,"playtime":854,"items_purged":[],"score":284,"play_id":"cde346ab-c641-4cdd-a9d9-7911f6cdbe2b","local_time":"20190102163700","is_ascension_mode":true,"campfire_choices":[{"data":"Adrenaline","floor":6,"key":"SMITH"},{"floor":10,"key":"REST"},{"floor":15,"key":"REST"},{"floor":23,"key":"REST"}],"neow_cost":"NO_GOLD","seed_source_timestamp":1022781827490801,"circlet_count":0,"master_deck":["Defend_G","Defend_G","Defend_G","Defend_G","Defend_G","Strike_G","Strike_G","Strike_G","Strike_G","Strike_G","Survivor","Neutralize","Adrenaline+1","Riddle With Holes","Dodge and Roll","Backstab+1","Dagger Spray","Caltrops","Outmaneuver","Flechettes","Cloak And Dagger","Dash","A Thousand Cuts","Burst","Blade Dance","Dodge and Roll","Blade Dance","Glass Knife","Sucker Punch","Well Laid Plans+1","Setup+1","Decay"],"relics":["Ring of the Snake","Shuriken","WingedGreaves","Unceasing Top","WristBlade","Ice Cream"],"potions_floor_usage":[7,19,24,29,29],"damage_taken":[{"damage":0,"enemies":"Jaw Worm","floor":1,"turns":4},{"damage":0,"enemies":"Small Slimes","floor":3,"turns":3},{"damage":0,"enemies":"Cultist","floor":4,"turns":3},{"damage":0,"enemies":"Lots of Slimes","floor":5,"turns":5},{"damage":30,"enemies":"Gremlin Nob","floor":7,"turns":5},{"damage":4,"enemies":"Large Slime","floor":11,"turns":5},{"damage":6,"enemies":"2 Fungi Beasts","floor":12,"turns":3},{"damage":10,"enemies":"3 Sentries","floor":14,"turns":6},{"damage":54,"enemies":"Hexaghost","floor":16,"turns":10},{"damage":0,"enemies":"Chosen","floor":18,"turns":4},{"damage":0,"enemies":"3 Byrds","floor":19,"turns":3},{"damage":38,"enemies":"Cultist and Chosen","floor":21,"turns":8},{"damage":31,"enemies":"Sentry and Sphere","floor":24,"turns":6},{"damage":17,"enemies":"Snecko","floor":25,"turns":4},{"damage":8,"enemies":"Snake Plant","floor":29,"turns":2}],"seed_played":"-7865729076281205944","potions_obtained":[{"floor":1,"key":"Block Potion"},{"floor":14,"key":"Explosive Potion"},{"floor":16,"key":"Dexterity Potion"},{"floor":21,"key":"Swift Potion"},{"floor":25,"key":"SkillPotion"}],"is_trial":false,"path_per_floor":["M","?","M","M","M","R","E","$","T","R","M","M","$","E","R","B",null,"M","M","?","M","$","R","M","M","T","?","?","M"],"character_chosen":"THE_SILENT","items_purchased":["Outmaneuver","Dash","Glass Knife","Sucker Punch"],"campfire_rested":3,"item_purchase_floors":[8,13,22,22],"current_hp_per_floor":[70,70,70,70,70,70,40,40,40,61,57,51,51,41,62,8,70,70,70,70,32,32,53,22,5,5,5,5,0],"gold":196,"neow_bonus":"THREE_RARE_CARDS","is_prod":false,"is_daily":false,"chose_seed":false,"campfire_upgraded":1,"win_rate":0,"timestamp":1546457820,"path_taken":["M","?","M","M","M","R","E","$","T","R","M","M","$","E","R","BOSS","M","M","?","?","$","R","?","M","T","?","?","M"],"build_version":"2018-12-20","purchased_purges":0,"victory":false,"max_hp_per_floor":[70,70,70,70,70,70,70,70,70,70,70,70,70,70,70,70,70,70,70,70,70,70,70,70,70,70,70,70,70],"card_choices":[{"not_picked":["Glass Knife","Unload"],"picked":"Adrenaline","floor":0},{"not_picked":["Poisoned Stab","Bane"],"picked":"Riddle With Holes","floor":1},{"not_picked":["Outmaneuver","Dagger Throw"],"picked":"Dodge and Roll","floor":3},{"not_picked":["Tools of the Trade","Backflip"],"picked":"Backstab","floor":4},{"not_picked":["Bane","Deflect"],"picked":"Dagger Spray","floor":5},{"not_picked":["A Thousand Cuts","Backflip"],"picked":"Caltrops","floor":7},{"not_picked":["Predator","Reflex"],"picked":"Flechettes","floor":11},{"not_picked":["Sucker Punch","Expertise"],"picked":"Cloak And Dagger","floor":12},{"not_picked":["Leg Sweep","Deflect"],"picked":"A Thousand Cuts","floor":14},{"not_picked":["Malaise","Venomology"],"picked":"Burst","floor":16},{"not_picked":["Flying Knee","Dagger Throw"],"picked":"Blade Dance","floor":18},{"not_picked":["Tactician","Poisoned Stab"],"picked":"Dodge and Roll","floor":19},{"not_picked":["Quick Slash+1","Poisoned Stab"],"picked":"Blade Dance","floor":21},{"not_picked":["Calculated Gamble+1","Predator"],"picked":"Well Laid Plans+1","floor":24},{"not_picked":["Predator","Finisher"],"picked":"Setup+1","floor":25}],"player_experience":607219,"relics_obtained":[{"floor":7,"key":"Shuriken"},{"floor":9,"key":"WingedGreaves"},{"floor":14,"key":"Unceasing Top"},{"floor":26,"key":"Ice Cream"}],"event_choices":[{"damage_healed":0,"gold_gain":0,"player_choice":"Leave","damage_taken":0,"max_hp_gain":0,"max_hp_loss":0,"event_name":"The Cleric","floor":2,"gold_loss":0},{"damage_healed":0,"gold_gain":100,"player_choice":"Pray","damage_taken":0,"max_hp_gain":0,"max_hp_loss":0,"event_name":"Golden Shrine","floor":20,"gold_loss":0},{"damage_healed":0,"gold_gain":0,"player_choice":"Smashed Altar","damage_taken":0,"max_hp_gain":0,"max_hp_loss":0,"event_name":"Forgotten Altar","floor":27,"gold_loss":0,"cards_obtained":["Decay"]},{"damage_healed":0,"gold_gain":0,"player_choice":"Upgraded","damage_taken":0,"max_hp_gain":0,"max_hp_loss":0,"event_name":"Upgrade Shrine","floor":28,"gold_loss":0,"cards_upgraded":["Backstab"]}],"is_beta":false,"boss_relics":[{"not_picked":["Ectoplasm","Ring of the Serpent"],"picked":"WristBlade"}],"items_purged_floors":[],"is_endless":false,"potions_floor_spawned":[1,14,16,21,25],"killed_by":"Snake Plant","ascension_level":4}