{"gold_per_floor":[17,31,31,44,44,44,70,70,94,125,153,194,219,257,269,382,394,417,429,441,453,482,525,550,595,632,672,55,90,90,107,107,204,204,222,234,250,81,181,181,212,212,283,312,327,358,10,10,10,10,10,10,10,36,36],"floor_reached":56,"playtime":3855,"items_purged":["Writhe","Reprogram"],"score":1786,"play_id":"5f36edd0-e91c-4a6d-9545-ac5fd338bd77","local_time":"20190317071844","is_ascension_mode":true,"campfire_choices":[{"data":"Zap","floor":6,"key":"SMITH"},{"data":"Steam","floor":8,"key":"SMITH"},{"data":"Loop","floor":15,"key":"SMITH"},{"data":"Fission","floor":32,"key":"SMITH"},{"data":"Storm","floor":40,"key":"SMITH"},{"data":"Consume","floor":42,"key":"SMITH"},{"floor":49,"key":"RECALL"},{"floor":52,"key":"REST"}],"neow_cost":"NO_GOLD","seed_source_timestamp":473820050334011,"circlet_count":0,"master_deck":["Zap+1","Dualcast+1","Ball Lightning+1","Steam+1","FTL+1","Echo Form+1","Loop+1","Hologram+1","Hello World+1","Sunder+1","Fission+1","Auto Shields+1","Ghostly+1","Ghostly+1","Ghostly+1","Ghostly+1","Ghostly+1","Coolheaded+1","BootSequence+1","Core Surge+1","Storm+1","Electrodynamics+1","Echo Form+1","Glacier+1","Electrodynamics+1","Seek+1","Stack+1","Darkness+1","Beam Cell+1","Hyperbeam+1","Fusion+1","Aggregate+1","Leap+1","Capacitor+1","Consume+1","Coolheaded+1","Leap+1","Reboot+1","Parasite","BootSequence+1","Static Discharge+1","Storm+1","Recycle"],"relics":["Cracked Core","Turnip","Strawberry","Regal Pillow","MawBank","Lantern","Meat on the Bone","Snecko Eye","Enchiridion","Question Card","Kunai","Dead Branch","Happy Flower","Mummified Hand","Ice Cream","FossilizedHelix","Pandora\u0027s Box","Gambling Chip","Letter Opener","Centennial Puzzle","PreservedInsect","Runic Capacitor","Mark of the Bloom","Boot"],"potions_floor_usage":[16,24,25,55,55],"damage_taken":[{"damage":1,"enemies":"Cultist","floor":1,"turns":3},{"damage":0,"enemies":"Small Slimes","floor":2,"turns":2},{"damage":3,"enemies":"2 Louse","floor":4,"turns":3},{"damage":14,"enemies":"Gremlin Nob","floor":7,"turns":3},{"damage":3,"enemies":"Lagavulin","floor":10,"turns":6},{"damage":1,"enemies":"2 Fungi Beasts","floor":11,"turns":3},{"damage":14,"enemies":"Gremlin Nob","floor":12,"turns":3},{"damage":0,"enemies":"Exordium Wildlife","floor":13,"turns":4},{"damage":9,"enemies":"3 Sentries","floor":14,"turns":5},{"damage":0,"enemies":"Hexaghost","floor":16,"turns":9},{"damage":12,"enemies":"Shell Parasite","floor":18,"turns":5},{"damage":0,"enemies":"Spheric Guardian","floor":22,"turns":4},{"damage":0,"enemies":"Book of Stabbing","floor":23,"turns":7},{"damage":2,"enemies":"Shelled Parasite and Fungi","floor":24,"turns":6},{"damage":3,"enemies":"Slavers","floor":25,"turns":7},{"damage":0,"enemies":"Gremlin Leader","floor":27,"turns":6},{"damage":0,"enemies":"Book of Stabbing","floor":29,"turns":4},{"damage":0,"enemies":"3 Cultists","floor":31,"turns":1},{"damage":0,"enemies":"Automaton","floor":33,"turns":5},{"damage":0,"enemies":"3 Shapes","floor":35,"turns":3},{"damage":0,"enemies":"Orb Walker","floor":36,"turns":3},{"damage":0,"enemies":"4 Shapes","floor":37,"turns":2},{"damage":0,"enemies":"Reptomancer","floor":41,"turns":4},{"damage":0,"enemies":"Nemesis","floor":44,"turns":3},{"damage":0,"enemies":"Writhing Mass","floor":45,"turns":4},{"damage":0,"enemies":"Reptomancer","floor":46,"turns":4},{"damage":0,"enemies":"Awakened One","floor":50,"turns":7},{"damage":0,"enemies":"Shield and Spear","floor":54,"turns":3},{"damage":0,"enemies":"The Heart","floor":55,"turns":7}],"seed_played":"-2204882061218220564","potions_obtained":[{"floor":10,"key":"LiquidBronze"},{"floor":11,"key":"Weak Potion"},{"floor":12,"key":"Energy Potion"},{"floor":16,"key":"FairyPotion"},{"floor":25,"key":"SpeedPotion"},{"floor":29,"key":"Regen Potion"},{"floor":35,"key":"Weak Potion"},{"floor":44,"key":"Block Potion"},{"floor":46,"key":"LiquidBronze"}],"is_trial":false,"path_per_floor":["M","M","?","M","$","R","E","R","T","E","M","E","M","E","R","B",null,"M","?","?","?","M","E","M","E","T","E","$","E","?","M","R","B",null,"M","M","M","$","?","R","E","R","T","E","M","E","$","?","R","B",null,"R","$","E","B",null],"character_chosen":"DEFECT","items_purchased":["Mummified Hand","Ice Cream","Capacitor","Consume","Coolheaded","Runic Capacitor","Storm"],"campfire_rested":1,"item_purchase_floors":[28,28,38,38,38,47,47],"current_hp_per_floor":[74,74,67,64,64,64,57,57,57,54,53,39,39,30,30,42,82,70,41,25,25,25,25,23,32,32,32,32,32,32,32,32,32,41,41,41,41,41,41,41,41,41,41,41,41,41,41,41,41,41,41,41,41,41,41],"gold":36,"neow_bonus":"ONE_RARE_RELIC","is_prod":false,"is_daily":false,"chose_seed":false,"campfire_upgraded":6,"win_rate":0,"timestamp":1552821524,"path_taken":["M","M","?","M","$","R","E","R","T","E","M","E","M","E","R","BOSS","M","?","?","?","M","E","?","E","T","E","?","E","?","?","R","BOSS","M","?","M","$","?","R","E","R","T","E","?","E","$","?","R","BOSS","R","$","E","BOSS"],"build_version":"2019-03-15","purchased_purges":2,"victory":true,"max_hp_per_floor":[75,75,75,75,75,75,82,82,82,82,82,82,82,82,82,82,82,82,41,41,41,41,41,41,41,41,41,41,41,41,41,41,41,41,41,41,41,41,41,41,41,41,41,41,41,41,41,41,41,41,41,41,41,41,41],"card_choices":[{"not_picked":["Sweeping Beam","Loop"],"picked":"Ball Lightning","floor":1},{"not_picked":["Turbo","Beam Cell"],"picked":"Steam","floor":2},{"not_picked":["Hologram","Beam Cell"],"picked":"FTL","floor":4},{"not_picked":["Redo","Doom and Gloom"],"picked":"Echo Form","floor":7},{"not_picked":["Hologram","Steam Power"],"picked":"Loop","floor":10},{"not_picked":["Streamline","Redo"],"picked":"Hologram","floor":11},{"not_picked":["Streamline","Hologram"],"picked":"Hello World","floor":12},{"not_picked":["Static Discharge","Heatsinks"],"picked":"Sunder","floor":13},{"not_picked":["Gash","Blizzard","Rebound"],"picked":"SKIP","floor":14},{"not_picked":["Amplify","All For One"],"picked":"Fission","floor":16},{"not_picked":["Beam Cell","Rebound"],"picked":"Auto Shields","floor":18},{"not_picked":["Go for the Eyes","Barrage","Compile Driver","Melter"],"picked":"SKIP","floor":22},{"not_picked":["Gash","Rebound","Fission"],"picked":"Coolheaded","floor":23},{"not_picked":["Beam Cell","Skim","Gash"],"picked":"BootSequence","floor":24},{"not_picked":["Aggregate","Sweeping Beam","Gash"],"picked":"Core Surge","floor":25},{"not_picked":["Darkness","Streamline","Leap"],"picked":"Storm","floor":27},{"not_picked":["Gash","Steam Power","Capacitor"],"picked":"Electrodynamics","floor":29},{"not_picked":["Go for the Eyes+1","Coolheaded","White Noise"],"picked":"Glacier","floor":31},{"not_picked":["Machine Learning","Seek","Core Surge"],"picked":"Electrodynamics","floor":33},{"not_picked":["Chaos","Compile Driver","Barrage+1"],"picked":"Aggregate","floor":35},{"not_picked":["Go for the Eyes+1","Cold Snap+1","Compile Driver+1","Reinforced Body"],"picked":"SKIP","floor":36},{"not_picked":["Darkness","Beam Cell+1","Barrage"],"picked":"Leap+1","floor":37},{"not_picked":["Melter+1","Blizzard","Turbo"],"picked":"Leap+1","floor":41},{"not_picked":["Leap+1","Skim","Hologram+1"],"picked":"Reboot","floor":44},{"not_picked":["Hologram","Hello World","Leap"],"picked":"BootSequence+1","floor":45},{"not_picked":["Streamline","Rip and Tear+1","Scrape+1"],"picked":"Static Discharge","floor":46},{"not_picked":["BootSequence","Electrodynamics","Coolheaded"],"picked":"Recycle","floor":54}],"player_experience":4922437,"relics_obtained":[{"floor":7,"key":"Strawberry"},{"floor":9,"key":"Regal Pillow"},{"floor":10,"key":"MawBank"},{"floor":12,"key":"Lantern"},{"floor":14,"key":"Meat on the Bone"},{"floor":20,"key":"Enchiridion"},{"floor":23,"key":"Kunai"},{"floor":25,"key":"Dead Branch"},{"floor":27,"key":"Happy Flower"},{"floor":29,"key":"FossilizedHelix"},{"floor":41,"key":"Gambling Chip"},{"floor":43,"key":"Letter Opener"},{"floor":44,"key":"Centennial Puzzle"},{"floor":46,"key":"PreservedInsect"},{"floor":54,"key":"Boot"}],"event_choices":[{"cards_removed":["Strike_B"],"damage_healed":0,"gold_gain":0,"player_choice":"Card Removal","damage_taken":7,"max_hp_gain":0,"max_hp_loss":0,"event_name":"Golden Wing","floor":3,"gold_loss":0},{"damage_healed":0,"gold_gain":0,"player_choice":"Became a Ghost","damage_taken":0,"max_hp_gain":0,"max_hp_loss":41,"event_name":"Ghosts","floor":19,"gold_loss":0,"cards_obtained":["Ghostly","Ghostly","Ghostly","Ghostly","Ghostly"]},{"damage_healed":0,"gold_gain":0,"player_choice":"Obtained Book","damage_taken":16,"max_hp_gain":0,"max_hp_loss":0,"event_name":"Cursed Tome","floor":20,"gold_loss":0},{"damage_healed":0,"gold_gain":0,"player_choice":"Opened","damage_taken":0,"relics_obtained":["Question Card"],"max_hp_gain":0,"max_hp_loss":0,"event_name":"The Mausoleum","floor":21,"gold_loss":0,"cards_obtained":["Writhe"]},{"damage_healed":0,"gold_gain":0,"player_choice":"Copied","damage_taken":0,"max_hp_gain":0,"max_hp_loss":0,"event_name":"Duplicator","floor":30,"gold_loss":0,"cards_obtained":["Echo Form"]},{"damage_healed":0,"gold_gain":100,"player_choice":"Pray","damage_taken":0,"max_hp_gain":0,"max_hp_loss":0,"event_name":"Golden Shrine","floor":39,"gold_loss":0},{"damage_healed":0,"gold_gain":0,"player_choice":"Upgrade","damage_taken":0,"relics_obtained":["Mark of the Bloom"],"max_hp_gain":0,"max_hp_loss":0,"event_name":"MindBloom","floor":48,"gold_loss":0,"cards_upgraded":["Dualcast","Ball Lightning","FTL","Echo Form","Hologram","Hello World","Sunder","Auto Shields","Ghostly","Ghostly","Ghostly","Ghostly","Ghostly","Coolheaded","BootSequence","Core Surge","Electrodynamics","Echo Form","Glacier","Electrodynamics","Seek","Stack","Darkness","Beam Cell","Hyperbeam","Fusion","Aggregate","Capacitor","Coolheaded","Reboot","Static Discharge","Storm"]}],"is_beta":true,"boss_relics":[{"not_picked":["Philosopher\u0027s Stone","Black Star"],"picked":"Snecko Eye"},{"not_picked":["Sozu","Busted Crown"],"picked":"Pandora\u0027s Box"}],"items_purged_floors":[28,47],"is_endless":false,"potions_floor_spawned":[10,11,12,16,23,25,29,31,35,44,46],"ascension_level":1}