{"gold_per_floor":[116,126,18,18,32,57,57,90,90,125,16,26,46,66,66,169,169,183,183,19,19,19,19,48,48,73,101,114,132,165,176,176,280,280,294,294,310,326,345,374,401,73,73,102,128,156,168,180,192,204,216,228,24,50,50],"floor_reached":56,"playtime":4125,"items_purged":["Strike_B","Strike_B"],"score":1684,"play_id":"017977e3-90f3-41bf-bfd9-89824fa67ffb","local_time":"20190430002728","is_ascension_mode":true,"campfire_choices":[{"data":"Zap","floor":7,"key":"SMITH"},{"data":"Hello World","floor":15,"key":"SMITH"},{"data":"Biased Cognition","floor":23,"key":"SMITH"},{"data":"Defragment","floor":25,"key":"SMITH"},{"data":"Rainbow","floor":32,"key":"SMITH"},{"floor":49,"key":"RECALL"},{"data":"Echo Form","floor":52,"key":"SMITH"}],"neow_cost":"NONE","seed_source_timestamp":4250472114599889,"circlet_count":0,"master_deck":["Strike_B","Defend_B","Defend_B","Defend_B","Defend_B","Zap+1","Dualcast","Ball Lightning","Chill","Steam","Sunder","Coolheaded","Echo Form","Doom and Gloom","Hello World+1","Cold Snap","Undo","Auto Shields","Redo","Biased Cognition+1","Glacier","Chill","Ghostly","Ghostly","Ghostly","Ghostly","Ghostly","Echo Form+1","Defragment+1","Hologram","Electrodynamics","Stack","Rainbow+1","Leap+1","Coolheaded","Seek","Consume+1","BootSequence+1","Master of Strategy","Doom and Gloom","White Noise"],"relics":["Cracked Core","Anchor","WingedGreaves","Turnip","Prayer Wheel","Symbiotic Virus","Odd Mushroom","Coffee Dripper","Regal Pillow","Lantern","Bag of Marbles","Incense Burner","Philosopher\u0027s Stone","Strawberry","Dream Catcher","DataDisk","Pen Nib","MawBank","Oddly Smooth Stone","Blue Candle"],"potions_floor_usage":[6,54,55,55,55],"damage_taken":[{"damage":0,"enemies":"Small Slimes","floor":1,"turns":2},{"damage":0,"enemies":"Cultist","floor":2,"turns":3},{"damage":0,"enemies":"2 Louse","floor":5,"turns":1},{"damage":11,"enemies":"Gremlin Nob","floor":6,"turns":4},{"damage":0,"enemies":"3 Sentries","floor":8,"turns":6},{"damage":1,"enemies":"Lagavulin","floor":10,"turns":8},{"damage":0,"enemies":"Large Slime","floor":12,"turns":3},{"damage":0,"enemies":"Lots of Slimes","floor":13,"turns":1},{"damage":2,"enemies":"The Mushroom Lair","floor":14,"turns":2},{"damage":32,"enemies":"Hexaghost","floor":16,"turns":8},{"damage":0,"enemies":"Spheric Guardian","floor":18,"turns":3},{"damage":0,"enemies":"Book of Stabbing","floor":24,"turns":5},{"damage":6,"enemies":"Slavers","floor":27,"turns":6},{"damage":0,"enemies":"2 Thieves","floor":28,"turns":4},{"damage":0,"enemies":"Centurion and Healer","floor":29,"turns":5},{"damage":0,"enemies":"Book of Stabbing","floor":30,"turns":5},{"damage":0,"enemies":"Sentry and Sphere","floor":31,"turns":6},{"damage":0,"enemies":"Collector","floor":33,"turns":14},{"damage":0,"enemies":"3 Shapes","floor":35,"turns":4},{"damage":0,"enemies":"Orb Walker","floor":37,"turns":3},{"damage":0,"enemies":"Spire Growth","floor":38,"turns":4},{"damage":0,"enemies":"Maw","floor":39,"turns":8},{"damage":2,"enemies":"Nemesis","floor":40,"turns":8},{"damage":0,"enemies":"Giant Head","floor":41,"turns":9},{"damage":0,"enemies":"Nemesis","floor":44,"turns":9},{"damage":0,"enemies":"Giant Head","floor":45,"turns":10},{"damage":6,"enemies":"3 Darklings","floor":46,"turns":4},{"damage":0,"enemies":"Awakened One","floor":50,"turns":14},{"damage":0,"enemies":"Shield and Spear","floor":54,"turns":7},{"damage":28,"enemies":"The Heart","floor":55,"turns":12}],"seed_played":"2458504433760148055","potions_obtained":[{"floor":5,"key":"Block Potion"},{"floor":10,"key":"Block Potion"},{"floor":13,"key":"Strength Potion"},{"floor":16,"key":"Ancient Potion"},{"floor":27,"key":"Energy Potion"},{"floor":54,"key":"Regen Potion"}],"is_trial":false,"path_per_floor":["M","M","$","?","M","E","R","E","T","E","$","M","M","?","R","B",null,"M","?","$","?","?","R","E","R","T","E","M","M","E","M","R","B",null,"M","?","M","M","M","E","E","$","T","E","E","M","?","?","R","B",null,"R","$","E","B",null],"character_chosen":"DEFECT","items_purchased":["Steam","Sunder","Hello World","Echo Form","DataDisk","Master of Strategy","Ancient Potion","White Noise"],"campfire_rested":0,"item_purchase_floors":[3,3,11,20,42,42,53,53],"current_hp_per_floor":[75,75,75,75,75,64,64,64,64,63,63,63,63,61,61,29,75,75,37,37,37,37,37,37,37,37,31,31,31,31,31,31,31,37,37,37,37,37,37,42,42,42,42,42,42,36,36,36,36,36,44,44,44,44,31],"gold":50,"neow_bonus":"RANDOM_COMMON_RELIC","is_prod":false,"is_daily":false,"chose_seed":false,"campfire_upgraded":6,"win_rate":0,"timestamp":1556598448,"path_taken":["M","M","$","?","?","E","R","E","T","E","$","M","M","?","R","BOSS","M","?","$","?","?","R","E","R","T","E","M","M","E","M","R","BOSS","M","?","M","M","?","E","E","$","T","E","E","M","?","?","R","BOSS","R","$","E","BOSS"],"build_version":"2019-04-23","purchased_purges":2,"victory":true,"max_hp_per_floor":[75,75,75,75,75,75,75,75,75,75,75,75,75,75,75,75,75,75,37,37,37,37,37,37,37,37,37,37,37,37,37,37,37,37,37,37,37,37,37,44,44,44,44,44,44,44,44,44,44,44,44,44,44,44,44],"card_choices":[{"not_picked":["Steam","Cold Snap"],"picked":"Ball Lightning","floor":1},{"not_picked":["Stack","Auto Shields"],"picked":"Chill","floor":2},{"not_picked":["Streamline","Redo","Rebound"],"picked":"SKIP","floor":5},{"not_picked":["Cold Snap","Leap"],"picked":"Coolheaded","floor":6},{"not_picked":["Stack","Compile Driver"],"picked":"Echo Form","floor":8},{"not_picked":["Stack","Cold Snap"],"picked":"Doom and Gloom","floor":10},{"not_picked":["Turbo","Hello World"],"picked":"Cold Snap","floor":12},{"not_picked":["Chaos","Darkness"],"picked":"Undo","floor":12},{"not_picked":["Compile Driver","Cold Snap"],"picked":"Ball Lightning","floor":13},{"not_picked":["Go for the Eyes","Beam Cell"],"picked":"Auto Shields","floor":13},{"not_picked":["Cold Snap","Hello World"],"picked":"Redo","floor":14},{"not_picked":["Machine Learning","Reboot"],"picked":"Biased Cognition","floor":16},{"not_picked":["Streamline+1","Double Energy+1"],"picked":"Glacier","floor":18},{"not_picked":["Streamline+1","Barrage"],"picked":"Chill","floor":18},{"not_picked":["Gash","Ball Lightning"],"picked":"Defragment","floor":24},{"not_picked":["Reinforced Body","Sweeping Beam"],"picked":"Hologram","floor":27},{"not_picked":["Steam","Compile Driver"],"picked":"Electrodynamics","floor":28},{"not_picked":["Compile Driver","Streamline+1"],"picked":"Stack","floor":28},{"not_picked":["Ball Lightning+1","Undo"],"picked":"Rainbow","floor":29},{"not_picked":["Compile Driver","Hologram"],"picked":"Leap+1","floor":29},{"not_picked":["Beam Cell","Compile Driver","Go for the Eyes"],"picked":"SKIP","floor":30},{"not_picked":["Stack","Go for the Eyes"],"picked":"Coolheaded","floor":31},{"not_picked":["Streamline+1","Static Discharge","Gash+1"],"picked":"SKIP","floor":31},{"not_picked":["Echo Form","Thunder Strike"],"picked":"Seek","floor":33},{"not_picked":["Gash+1","Reprogram","Reinforced Body+1"],"picked":"SKIP","floor":35},{"not_picked":["Stack","Turbo","Cold Snap"],"picked":"SKIP","floor":35},{"not_picked":["Recycle+1","Self Repair+1","Hyperbeam"],"picked":"SKIP","floor":37},{"not_picked":["Leap+1","Reprogram+1","Heatsinks"],"picked":"SKIP","floor":37},{"not_picked":["Coolheaded","Steam","Rebound+1"],"picked":"SKIP","floor":38},{"not_picked":["Steam+1","Coolheaded","Go for the Eyes"],"picked":"SKIP","floor":38},{"not_picked":["Chill+1","Sweeping Beam"],"picked":"Consume+1","floor":39},{"not_picked":["Conserve Battery+1","Sweeping Beam+1","Barrage"],"picked":"SKIP","floor":39},{"not_picked":["Compile Driver+1","Steam"],"picked":"BootSequence+1","floor":40},{"not_picked":["Lockon+1","Redo+1","Rainbow"],"picked":"SKIP","floor":41},{"not_picked":["Static Discharge","Ball Lightning"],"picked":"Doom and Gloom","floor":44},{"not_picked":["Hologram","Redo+1","Melter+1"],"picked":"SKIP","floor":45},{"not_picked":["Beam Cell+1","Double Energy+1","Sunder"],"picked":"SKIP","floor":46},{"not_picked":["Barrage","Hologram+1","Streamline+1"],"picked":"SKIP","floor":46},{"not_picked":["Barrage+1","Static Discharge","Consume"],"picked":"SKIP","floor":54}],"player_experience":5557117,"relics_obtained":[{"floor":6,"key":"WingedGreaves"},{"floor":8,"key":"Turnip"},{"floor":9,"key":"Prayer Wheel"},{"floor":10,"key":"Symbiotic Virus"},{"floor":14,"key":"Odd Mushroom"},{"floor":24,"key":"Regal Pillow"},{"floor":26,"key":"Lantern"},{"floor":27,"key":"Bag of Marbles"},{"floor":30,"key":"Incense Burner"},{"floor":40,"key":"Strawberry"},{"floor":41,"key":"Dream Catcher"},{"floor":44,"key":"Pen Nib"},{"floor":45,"key":"MawBank"},{"floor":54,"key":"Blue Candle"}],"event_choices":[{"cards_removed":["Strike_B"],"damage_healed":0,"gold_gain":0,"player_choice":"Offered Basic","damage_taken":0,"max_hp_gain":0,"max_hp_loss":0,"event_name":"Bonfire Elementals","floor":4,"gold_loss":0},{"damage_healed":0,"gold_gain":0,"player_choice":"Fought Mushrooms","damage_taken":0,"max_hp_gain":0,"max_hp_loss":0,"event_name":"Mushrooms","floor":14,"gold_loss":0},{"damage_healed":0,"gold_gain":0,"player_choice":"Became a Ghost","damage_taken":0,"max_hp_gain":0,"max_hp_loss":38,"event_name":"Ghosts","floor":19,"gold_loss":0,"cards_obtained":["Ghostly","Ghostly","Ghostly","Ghostly","Ghostly"]},{"damage_healed":0,"gold_gain":0,"player_choice":"Ignored","damage_taken":0,"max_hp_gain":0,"max_hp_loss":0,"event_name":"Beggar","floor":21,"gold_loss":0},{"damage_healed":0,"gold_gain":0,"player_choice":"Ignored","damage_taken":0,"max_hp_gain":0,"max_hp_loss":0,"event_name":"Vampires","floor":22,"gold_loss":0},{"damage_healed":0,"gold_gain":0,"player_choice":"Ignored","damage_taken":0,"max_hp_gain":0,"max_hp_loss":0,"event_name":"NoteForYourself","floor":36,"gold_loss":0},{"cards_removed":["Ball Lightning"],"damage_healed":0,"gold_gain":0,"player_choice":"Removed Attack","damage_taken":0,"max_hp_gain":0,"max_hp_loss":0,"event_name":"Falling","floor":47,"gold_loss":0},{"damage_healed":0,"gold_gain":0,"player_choice":"Gave Potion","damage_taken":0,"relics_obtained":["Oddly Smooth Stone"],"max_hp_gain":0,"max_hp_loss":0,"event_name":"WeMeetAgain","floor":48,"gold_loss":0}],"is_beta":true,"boss_relics":[{"not_picked":["Calling Bell","Empty Cage"],"picked":"Coffee Dripper"},{"not_picked":["Lizard Tail","Nuclear Battery"],"picked":"Philosopher\u0027s Stone"}],"items_purged_floors":[11,53],"is_endless":false,"potions_floor_spawned":[5,10,13,16,27,29,35,37,38,39,54],"ascension_level":1}