{"gold_per_floor":[112,77,77,77,100,100,25,64,103,115,105,139,164,182,182,311,311,324,324,324,324,339,339,350,350,350,350,360,360,7,23,23,120,120,140,240,252,0,14,14,44,44,44,44,60,72,91,39,39,39],"floor_reached":50,"playtime":1255,"items_purged":["Injury"],"score":732,"play_id":"684f3a29-67f8-449a-9c46-f1e3d37043de","local_time":"20190202192857","is_ascension_mode":true,"campfire_choices":[{"data":"Flex","floor":6,"key":"SMITH"},{"data":"Pommel Strike","floor":10,"key":"SMITH"},{"data":"Perfected Strike","floor":15,"key":"SMITH"},{"data":"Armaments","floor":23,"key":"SMITH"},{"data":"Limit Break","floor":25,"key":"SMITH"},{"floor":27,"key":"REST"},{"floor":29,"key":"RECALL"},{"floor":32,"key":"REST"},{"data":"Limit Break","floor":40,"key":"SMITH"},{"data":"Limit Break","floor":44,"key":"SMITH"},{"floor":49,"key":"REST"}],"neow_cost":"PERCENT_DAMAGE","seed_source_timestamp":325977028965743,"circlet_count":0,"master_deck":["Strike_R","Strike_R","Strike_R","Strike_R","Strike_R","Defend_R","Defend_R","Defend_R","Defend_R","Bash","Shockwave+1","Flex+1","Pommel Strike+1","Perfected Strike+1","Clothesline","Iron Wave","Headbutt","Limit Break+1","Armaments+1","Havoc+1","Heavy Blade","True Grit","Limit Break+1","Sword Boomerang","Limit Break+1","Armaments+1","Heavy Blade+1","Flex+1","Inflame+1","Heavy Blade+1","Headbutt+1","Heavy Blade+1"],"relics":["Burning Blood","Bloody Idol","MawBank","Boot","Runic Dome","MutagenicStrength","Nilry\u0027s Codex","Bird Faced Urn","Brimstone","Velvet Choker","Red Mask","Dodecahedron","Champion Belt","Toxic Egg 2"],"potions_floor_usage":[8,16,22,24,28,45,50],"damage_taken":[{"damage":3,"enemies":"2 Louse","floor":1,"turns":4},{"damage":7,"enemies":"Jaw Worm","floor":5,"turns":5},{"damage":13,"enemies":"Gremlin Nob","floor":8,"turns":4},{"damage":27,"enemies":"Lagavulin","floor":12,"turns":6},{"damage":7,"enemies":"Small Slimes","floor":13,"turns":2},{"damage":10,"enemies":"3 Louse","floor":14,"turns":3},{"damage":55,"enemies":"Slime Boss","floor":16,"turns":12},{"damage":12,"enemies":"Chosen","floor":18,"turns":4},{"damage":19,"enemies":"3 Byrds","floor":22,"turns":4},{"damage":33,"enemies":"Shelled Parasite and Fungi","floor":24,"turns":5},{"damage":13,"enemies":"Chosen and Byrds","floor":28,"turns":4},{"damage":18,"enemies":"Centurion and Healer","floor":31,"turns":3},{"damage":38,"enemies":"Champ","floor":33,"turns":4},{"damage":14,"enemies":"3 Shapes","floor":35,"turns":4},{"damage":6,"enemies":"3 Darklings","floor":37,"turns":5},{"damage":17,"enemies":"Sphere and 2 Shapes","floor":39,"turns":3},{"damage":7,"enemies":"Giant Head","floor":41,"turns":4},{"damage":4,"enemies":"Jaw Worm Horde","floor":45,"turns":3},{"damage":27,"enemies":"Maw","floor":46,"turns":5},{"damage":8,"enemies":"3 Darklings","floor":47,"turns":3},{"damage":110,"enemies":"Awakened One","floor":50,"turns":5}],"seed_played":"-3182266698640939222","potions_obtained":[{"floor":1,"key":"Block Potion"},{"floor":5,"key":"SpeedPotion"},{"floor":12,"key":"Regen Potion"},{"floor":22,"key":"BloodPotion"},{"floor":24,"key":"Regen Potion"},{"floor":33,"key":"GamblersBrew"},{"floor":35,"key":"SkillPotion"},{"floor":41,"key":"Swift Potion"},{"floor":47,"key":"Energy Potion"}],"is_trial":false,"path_per_floor":["M","?","?","?","M","R","$","E","T","R","$","E","M","M","R","B",null,"M","?","?","?","M","R","M","R","T","R","M","R","$","M","R","B",null,"M","?","M","?","M","R","E","?","T","R","M","M","M","$","R","B"],"character_chosen":"IRONCLAD","items_purchased":["Perfected Strike","Brimstone","Limit Break","PowerPotion"],"campfire_rested":3,"item_purchase_floors":[11,30,30,48],"current_hp_per_floor":[70,94,94,94,93,93,93,86,86,86,86,65,64,60,60,11,75,69,69,69,53,57,57,44,44,44,72,82,82,82,75,96,69,89,86,91,96,96,90,90,94,94,94,94,96,80,83,83,96,0],"gold":39,"neow_bonus":"TWENTY_PERCENT_HP_BONUS","is_prod":false,"is_daily":false,"chose_seed":false,"campfire_upgraded":7,"win_rate":0,"timestamp":1549146537,"path_taken":["M","?","?","?","?","R","$","E","T","R","$","E","M","M","R","BOSS","M","?","?","?","M","R","M","R","T","R","M","R","?","?","R","BOSS","M","?","?","?","M","R","E","?","T","R","M","M","M","$","R","BOSS"],"build_version":"2019-01-23","purchased_purges":1,"victory":false,"max_hp_per_floor":[96,96,96,96,96,96,96,96,96,96,96,96,96,96,96,96,96,96,96,96,96,96,96,96,96,96,96,96,96,96,96,96,96,96,96,96,96,96,96,96,96,96,96,96,96,96,96,96,96,96],"card_choices":[{"not_picked":["Flame Barrier","Headbutt"],"picked":"Shockwave","floor":1},{"not_picked":["Dual Wield","Cleave"],"picked":"Flex","floor":5},{"not_picked":["Combust","Searing Blow"],"picked":"Pommel Strike","floor":8},{"not_picked":["Brutality","Flame Barrier"],"picked":"Clothesline","floor":12},{"not_picked":["Perfected Strike","Uppercut"],"picked":"Iron Wave","floor":13},{"not_picked":["Wild Strike","Dual Wield"],"picked":"Headbutt","floor":14},{"not_picked":["Dark Embrace","Barricade"],"picked":"Limit Break","floor":16},{"not_picked":["Warcry","Cleave+1"],"picked":"Armaments","floor":18},{"not_picked":["Whirlwind+1","Battle Trance"],"picked":"Havoc+1","floor":22},{"not_picked":["Warcry","Hemokinesis"],"picked":"Heavy Blade","floor":24},{"not_picked":["Clash","Twin Strike"],"picked":"True Grit","floor":28},{"not_picked":["Disarm","Cleave"],"picked":"Sword Boomerang","floor":31},{"not_picked":["Immolate","Demon Form"],"picked":"Limit Break","floor":33},{"not_picked":["Disarm+1","Dropkick"],"picked":"Armaments+1","floor":35},{"not_picked":["Body Slam","Shrug It Off"],"picked":"Heavy Blade+1","floor":37},{"not_picked":["Cleave","Twin Strike"],"picked":"Flex+1","floor":39},{"not_picked":["Infernal Blade+1","Armaments"],"picked":"Inflame+1","floor":41},{"not_picked":["Pommel Strike","Battle Trance+1"],"picked":"Heavy Blade+1","floor":45},{"not_picked":["Wild Strike+1","Anger"],"picked":"Headbutt+1","floor":46},{"not_picked":["Clothesline","Headbutt+1"],"picked":"Heavy Blade+1","floor":47}],"player_experience":705941,"relics_obtained":[{"floor":8,"key":"MawBank"},{"floor":12,"key":"Boot"},{"floor":21,"key":"Nilry\u0027s Codex"},{"floor":26,"key":"Bird Faced Urn"},{"floor":41,"key":"Dodecahedron"},{"floor":42,"key":"Champion Belt"},{"floor":43,"key":"Toxic Egg 2"}],"event_choices":[{"damage_healed":24,"gold_gain":0,"player_choice":"Healed","damage_taken":0,"max_hp_gain":0,"max_hp_loss":0,"event_name":"The Cleric","floor":2,"gold_loss":35},{"damage_healed":0,"gold_gain":0,"player_choice":"Take Wound","damage_taken":0,"relics_obtained":["Golden Idol"],"max_hp_gain":0,"max_hp_loss":0,"event_name":"Golden Idol","floor":3,"gold_loss":0,"cards_obtained":["Injury"]},{"damage_healed":0,"gold_gain":0,"player_choice":"Grow","damage_taken":0,"max_hp_gain":0,"max_hp_loss":0,"event_name":"Living Wall","floor":4,"gold_loss":0,"cards_upgraded":["Shockwave"]},{"damage_healed":0,"gold_gain":0,"player_choice":"Inject Mutagens","damage_taken":0,"relics_obtained":["MutagenicStrength"],"max_hp_gain":0,"max_hp_loss":0,"event_name":"Drug Dealer","floor":19,"gold_loss":0},{"damage_healed":0,"gold_gain":0,"player_choice":"Gave Idol","damage_taken":0,"relics_obtained":["Bloody Idol"],"max_hp_gain":0,"max_hp_loss":0,"event_name":"Forgotten Altar","floor":20,"relics_lost":["Golden Idol"],"gold_loss":0},{"damage_healed":0,"gold_gain":0,"player_choice":"Obtained Book","damage_taken":16,"max_hp_gain":0,"max_hp_loss":0,"event_name":"Cursed Tome","floor":21,"gold_loss":0},{"damage_healed":0,"gold_gain":100,"player_choice":"Pray","damage_taken":0,"max_hp_gain":0,"max_hp_loss":0,"event_name":"Golden Shrine","floor":36,"gold_loss":0},{"damage_healed":0,"gold_gain":0,"player_choice":"Paid","damage_taken":0,"relics_obtained":["Red Mask"],"max_hp_gain":0,"max_hp_loss":0,"event_name":"Tomb of Lord Red Mask","floor":38,"gold_loss":252},{"damage_healed":0,"gold_gain":0,"player_choice":"Relic","damage_taken":0,"max_hp_gain":0,"max_hp_loss":0,"event_name":"Wheel of Change","floor":42,"gold_loss":0}],"is_beta":false,"boss_relics":[{"not_picked":["Ectoplasm","Pandora\u0027s Box"],"picked":"Runic Dome"},{"not_picked":["Black Star","Runic Cube"],"picked":"Velvet Choker"}],"items_purged_floors":[7],"is_endless":false,"potions_floor_spawned":[1,5,12,22,24,33,35,41,47],"killed_by":"Awakened One","ascension_level":7}