{"gold_per_floor":[113,129,146,146,164,164,207,207,207,240,259,259,209,234,234,234],"floor_reached":16,"playtime":483,"items_purged":[],"score":162,"play_id":"c5ba164c-4448-4aaf-8698-12c9529a37fb","local_time":"20190224025533","is_ascension_mode":true,"campfire_choices":[{"data":"Anger","floor":6,"key":"SMITH"},{"data":"Anger","floor":8,"key":"SMITH"},{"data":"Sword Boomerang","floor":15,"key":"SMITH"}],"neow_cost":"PERCENT_DAMAGE","seed_source_timestamp":825583675819908,"circlet_count":0,"master_deck":["Strike_R","Strike_R","Strike_R","Strike_R","Defend_R","Defend_R","Defend_R","Defend_R","Bash","Anger+1","Intimidate","Anger+1","Injury","Wild Strike","Sword Boomerang+1","Dual Wield"],"relics":["Burning Blood","Pocketwatch","Golden Idol","Magic Flower","Meat on the Bone","Mercury Hourglass","Blood Vial"],"potions_floor_usage":[7,10,16],"damage_taken":[{"damage":13,"enemies":"Jaw Worm","floor":1,"turns":5},{"damage":1,"enemies":"2 Louse","floor":2,"turns":2},{"damage":4,"enemies":"Small Slimes","floor":3,"turns":4},{"damage":10,"enemies":"2 Fungi Beasts","floor":5,"turns":4},{"damage":16,"enemies":"Gremlin Nob","floor":7,"turns":3},{"damage":30,"enemies":"3 Sentries","floor":10,"turns":8},{"damage":10,"enemies":"Lots of Slimes","floor":11,"turns":2},{"damage":9,"enemies":"Exordium Thugs","floor":14,"turns":3},{"damage":64,"enemies":"The Guardian","floor":16,"turns":8}],"seed_played":"-8049006511657246633","potions_obtained":[{"floor":5,"key":"Explosive Potion"},{"floor":7,"key":"Block Potion"},{"floor":10,"key":"SteroidPotion"}],"is_trial":false,"path_per_floor":["M","M","M","?","M","R","E","R","T","E","M","?","?","M","R","B"],"character_chosen":"IRONCLAD","items_purchased":[],"campfire_rested":0,"item_purchase_floors":[],"current_hp_per_floor":[44,49,51,51,47,47,37,37,37,34,51,39,39,60,60,0],"gold":234,"neow_bonus":"ONE_RARE_RELIC","is_prod":false,"is_daily":false,"chose_seed":false,"campfire_upgraded":3,"win_rate":0,"timestamp":1550987733,"path_taken":["M","M","M","?","M","R","E","R","T","E","M","?","?","M","R","BOSS"],"build_version":"2019-01-23","purchased_purges":0,"victory":false,"max_hp_per_floor":[80,80,80,80,80,80,80,80,80,80,80,80,80,80,80,80],"card_choices":[{"not_picked":["Twin Strike","Clash"],"picked":"Anger","floor":1},{"not_picked":["True Grit","Sword Boomerang"],"picked":"Intimidate","floor":2},{"not_picked":["Armaments","Metallicize"],"picked":"Anger","floor":3},{"not_picked":["Clash","Barricade"],"picked":"Wild Strike","floor":5},{"not_picked":["Body Slam","Twin Strike","Pommel Strike"],"picked":"SKIP","floor":7},{"not_picked":["Clothesline","True Grit"],"picked":"Sword Boomerang","floor":10},{"not_picked":["Sever Soul","Anger"],"picked":"Dual Wield","floor":11},{"not_picked":["Headbutt","Iron Wave","Anger"],"picked":"SKIP","floor":14}],"player_experience":851324,"relics_obtained":[{"floor":7,"key":"Magic Flower"},{"floor":9,"key":"Meat on the Bone"},{"floor":10,"key":"Mercury Hourglass"}],"event_choices":[{"damage_healed":0,"gold_gain":0,"player_choice":"Take Wound","damage_taken":0,"relics_obtained":["Golden Idol"],"max_hp_gain":0,"max_hp_loss":0,"event_name":"Golden Idol","floor":4,"gold_loss":0,"cards_obtained":["Injury"]},{"damage_healed":0,"gold_gain":0,"player_choice":"Success","damage_taken":12,"relics_obtained":["Blood Vial"],"max_hp_gain":0,"max_hp_loss":0,"event_name":"Scrap Ooze","floor":12,"gold_loss":0},{"cards_removed":["Strike_R"],"damage_healed":0,"gold_gain":0,"player_choice":"Card Removal","damage_taken":0,"max_hp_gain":0,"max_hp_loss":0,"event_name":"The Cleric","floor":13,"gold_loss":50}],"is_beta":false,"boss_relics":[],"items_purged_floors":[],"is_endless":false,"potions_floor_spawned":[5,7,10],"killed_by":"The Guardian","ascension_level":9}