{"gold_per_floor":[13,88,88,103,119,119,119,187,238,263,109,133,173,173,173,299,299,319,342,342,77,101,101],"floor_reached":23,"playtime":819,"items_purged":["Normality"],"score":319,"play_id":"969c162f-473a-4f47-88fc-4c4da7ead8bb","local_time":"20181220190911","is_ascension_mode":true,"campfire_choices":[{"data":"Dark Embrace","floor":6,"key":"SMITH"},{"floor":15,"key":"REST"}],"neow_cost":"NO_GOLD","seed_source_timestamp":676955219652833,"circlet_count":0,"master_deck":["Strike_R","Strike_R","Strike_R","Strike_R","Strike_R","Defend_R","Defend_R","Defend_R","Defend_R","Bash","Dark Embrace+1","Flex","Spot Weakness","Cleave","Injury","Intimidate","Inflame","Limit Break","Anger","Dual Wield","Offering","Clumsy","Doubt","Heavy Blade+1","Havoc+1","Necronomicurse","Rupture+1"],"relics":["Burning Blood","Golden Idol","Tiny Chest","Centennial Puzzle","Letter Opener","Calling Bell","Vajra","Pear","Incense Burner","Necronomicon","Brimstone"],"potions_floor_usage":[10,13,13,16,22,23,23],"damage_taken":[{"damage":2,"enemies":"2 Louse","floor":1,"turns":4},{"damage":2,"enemies":"Small Slimes","floor":4,"turns":5},{"damage":19,"enemies":"Jaw Worm","floor":5,"turns":4},{"damage":60,"enemies":"Lagavulin","floor":8,"turns":7},{"damage":1,"enemies":"Looter","floor":10,"turns":3},{"damage":10,"enemies":"3 Louse","floor":12,"turns":2},{"damage":7,"enemies":"3 Sentries","floor":13,"turns":6},{"damage":24,"enemies":"Hexaghost","floor":16,"turns":6},{"damage":31,"enemies":"Shell Parasite","floor":18,"turns":4},{"damage":14,"enemies":"Chosen","floor":19,"turns":3},{"damage":14,"enemies":"Shelled Parasite and Fungi","floor":22,"turns":2},{"damage":24,"enemies":"Book of Stabbing","floor":23,"turns":2}],"seed_played":"-7920713559842301458","potions_obtained":[{"floor":1,"key":"Energy Potion"},{"floor":8,"key":"SkillPotion"},{"floor":12,"key":"Weak Potion"},{"floor":13,"key":"SteroidPotion"},{"floor":18,"key":"SkillPotion"},{"floor":19,"key":"Explosive Potion"},{"floor":22,"key":"SneckoOil"}],"is_trial":false,"path_per_floor":["M","?","?","M","M","R","?","E","T","M","$","M","E","?","R","B",null,"M","M","?","$","M","E"],"character_chosen":"IRONCLAD","items_purchased":["Limit Break","Brimstone"],"campfire_rested":1,"item_purchase_floors":[11,21],"current_hp_per_floor":[76,65,70,74,61,61,61,7,7,12,12,8,7,7,32,14,77,52,44,28,28,20,0],"gold":101,"neow_bonus":"THREE_RARE_CARDS","is_prod":false,"is_daily":false,"chose_seed":false,"campfire_upgraded":1,"win_rate":0,"timestamp":1545343751,"path_taken":["M","?","?","M","M","R","?","E","T","M","$","M","E","?","R","BOSS","M","M","?","$","M","E"],"build_version":"2018-12-13","purchased_purges":1,"victory":false,"max_hp_per_floor":[80,80,85,85,85,85,85,85,85,85,85,85,85,85,85,85,95,95,95,95,95,95,95],"card_choices":[{"not_picked":["Exhume","Reaper"],"picked":"Dark Embrace","floor":0},{"not_picked":["Power Through","Feel No Pain"],"picked":"Flex","floor":1},{"not_picked":["Entrench","Pommel Strike"],"picked":"Spot Weakness","floor":4},{"not_picked":["Evolve","Clash"],"picked":"Cleave","floor":5},{"not_picked":["Dropkick","Bludgeon"],"picked":"Intimidate","floor":8},{"not_picked":["Power Through","Iron Wave"],"picked":"Inflame","floor":10},{"not_picked":["Clothesline","Headbutt"],"picked":"Anger","floor":12},{"not_picked":["Corruption","Evolve"],"picked":"Dual Wield","floor":13},{"not_picked":["Feed","Berserk"],"picked":"Offering","floor":16},{"not_picked":["Bloodletting","Searing Blow"],"picked":"Heavy Blade+1","floor":18},{"not_picked":["Anger","Entrench"],"picked":"Havoc+1","floor":19},{"not_picked":["Uppercut","Wild Strike"],"picked":"Rupture+1","floor":22}],"player_experience":514913,"relics_obtained":[{"floor":8,"key":"Tiny Chest"},{"floor":9,"key":"Centennial Puzzle"},{"floor":13,"key":"Letter Opener"},{"floor":17,"key":"Vajra"},{"floor":17,"key":"Pear"},{"floor":17,"key":"Incense Burner"},{"floor":20,"key":"Necronomicon"}],"event_choices":[{"damage_healed":0,"gold_gain":75,"player_choice":"Gather Gold","damage_taken":11,"max_hp_gain":0,"max_hp_loss":0,"event_name":"World of Goop","floor":2,"gold_loss":0},{"damage_healed":0,"gold_gain":0,"player_choice":"Donut","damage_taken":0,"max_hp_gain":5,"max_hp_loss":0,"event_name":"Big Fish","floor":3,"gold_loss":0},{"damage_healed":0,"gold_gain":0,"player_choice":"Take Wound","damage_taken":0,"relics_obtained":["Golden Idol"],"max_hp_gain":0,"max_hp_loss":0,"event_name":"Golden Idol","floor":7,"gold_loss":0,"cards_obtained":["Injury"]},{"damage_healed":0,"gold_gain":0,"player_choice":"Ignored","damage_taken":0,"max_hp_gain":0,"max_hp_loss":0,"event_name":"Shining Light","floor":14,"gold_loss":0},{"damage_healed":0,"gold_gain":0,"player_choice":"Obtained Book","damage_taken":16,"max_hp_gain":0,"max_hp_loss":0,"event_name":"Cursed Tome","floor":20,"gold_loss":0}],"is_beta":false,"boss_relics":[{"not_picked":["White Beast Statue","Runic Dome"],"picked":"Calling Bell"}],"items_purged_floors":[21],"is_endless":false,"potions_floor_spawned":[1,8,12,13,18,19,22],"killed_by":"Book of Stabbing","ascension_level":6}