{"gold_per_floor":[109,159,172,182,197,197,227,227,227,227,302,314,341,341,341,415,415,415,415,415,415,16,16,16,16,16,16,16,16,16],"floor_reached":30,"playtime":2705,"items_purged":["Strike_B"],"score":646,"play_id":"fdcf0eec-c138-4e55-9ccd-cd500e362576","local_time":"20181226190502","is_ascension_mode":true,"campfire_choices":[{"data":"Zap","floor":6,"key":"SMITH"},{"data":"Doom and Gloom","floor":8,"key":"SMITH"},{"data":"Conserve Battery","floor":10,"key":"SMITH"},{"data":"Defragment","floor":15,"key":"SMITH"},{"floor":24,"key":"REST"},{"floor":28,"key":"REST"}],"neow_cost":"NONE","seed_source_timestamp":607507251452207,"circlet_count":0,"master_deck":["AscendersBane","Strike_B","Strike_B","Strike_B","Defend_B","Defend_B","Defend_B","Defend_B","Zap+1","Dualcast","Doom and Gloom+1","Coolheaded","Ball Lightning","Cold Snap","Conserve Battery+1","Defragment+1","Leap+1","Electrodynamics","Cold Snap","Conserve Battery+1","Coolheaded+1","Blind+1","Master of Strategy+1","Genetic Algorithm+1","Hologram+1"],"relics":["Cracked Core","Dream Catcher","Bottled Flame","The Courier","Toxic Egg 2","Ectoplasm","Bronze Scales","Sundial","Molten Egg 2","Lantern"],"potions_floor_usage":[7,25,30],"damage_taken":[{"damage":2,"enemies":"Jaw Worm","floor":1,"turns":5},{"damage":0,"enemies":"Cultist","floor":3,"turns":3},{"damage":9,"enemies":"Small Slimes","floor":4,"turns":4},{"damage":4,"enemies":"Looter","floor":5,"turns":3},{"damage":6,"enemies":"Gremlin Nob","floor":7,"turns":3},{"damage":0,"enemies":"Lots of Slimes","floor":12,"turns":1},{"damage":8,"enemies":"Lagavulin","floor":13,"turns":7},{"damage":4,"enemies":"The Guardian","floor":16,"turns":8},{"damage":16,"enemies":"Chosen","floor":18,"turns":5},{"damage":1,"enemies":"3 Byrds","floor":20,"turns":3},{"damage":7,"enemies":"Centurion and Healer","floor":21,"turns":8},{"damage":0,"enemies":"Gremlin Leader","floor":23,"turns":5},{"damage":26,"enemies":"Book of Stabbing","floor":25,"turns":4},{"damage":8,"enemies":"Snake Plant","floor":27,"turns":3},{"damage":36,"enemies":"Slavers","floor":29,"turns":3},{"damage":7,"enemies":"Shelled Parasite and Fungi","floor":30,"turns":3}],"seed_played":"-5229682609868136723","potions_obtained":[{"floor":1,"key":"Fire Potion"},{"floor":12,"key":"GamblersBrew"},{"floor":16,"key":"FocusPotion"},{"floor":20,"key":"PowerPotion"},{"floor":29,"key":"SteroidPotion"}],"is_trial":false,"path_per_floor":["M","?","M","M","M","R","E","R","T","R","?","M","E","?","R","B",null,"M","?","M","M","$","E","R","E","T","M","R","E","M"],"character_chosen":"DEFECT","items_purchased":["Bronze Scales","Blind+1","Master of Strategy+1"],"campfire_rested":2,"item_purchase_floors":[22,22,22],"current_hp_per_floor":[62,62,62,53,49,49,43,43,43,43,32,32,24,24,24,20,58,42,42,41,34,34,34,55,29,29,21,42,6,0],"gold":16,"neow_bonus":"RANDOM_COMMON_RELIC","is_prod":false,"is_daily":false,"chose_seed":false,"campfire_upgraded":4,"win_rate":0,"timestamp":1545869102,"path_taken":["M","?","M","?","M","R","E","R","T","R","?","M","E","?","R","BOSS","M","?","?","M","$","E","R","E","T","M","R","E","?"],"build_version":"2018-12-25","purchased_purges":1,"victory":false,"max_hp_per_floor":[71,71,71,71,71,71,71,71,71,71,71,71,71,71,71,71,71,71,71,71,71,71,71,71,71,71,71,71,71,71],"card_choices":[{"not_picked":["FTL","Ball Lightning"],"picked":"Doom and Gloom","floor":1},{"not_picked":["Reprogram","Rebound"],"picked":"Coolheaded","floor":3},{"not_picked":["Coolheaded","Barrage"],"picked":"Ball Lightning","floor":4},{"not_picked":["Hologram","Blizzard"],"picked":"Cold Snap","floor":5},{"not_picked":["Reboot","Rebound"],"picked":"Conserve Battery","floor":7},{"not_picked":["Rip and Tear","Tempest"],"picked":"Defragment","floor":12},{"not_picked":["Rebound","Chaos"],"picked":"Leap","floor":13},{"not_picked":["Creative AI","Fission+1"],"picked":"Electrodynamics","floor":16},{"not_picked":["Melter","Aggregate+1"],"picked":"Cold Snap","floor":18},{"not_picked":["Aggregate+1","Cold Snap"],"picked":"Conserve Battery+1","floor":20},{"not_picked":["Leap+1","Recycle+1"],"picked":"Coolheaded+1","floor":21},{"not_picked":["Cold Snap","Chaos+1","Steam+1"],"picked":"SKIP","floor":23},{"not_picked":["Beam Cell","Turbo+1","Rainbow+1"],"picked":"SKIP","floor":25},{"not_picked":["Scrape+1","Ball Lightning+1"],"picked":"Genetic Algorithm+1","floor":27},{"not_picked":["Turbo+1","Rebound+1"],"picked":"Hologram+1","floor":28},{"not_picked":["Melter+1","Storm","Streamline+1"],"picked":"SKIP","floor":29}],"player_experience":1078799,"relics_obtained":[{"floor":7,"key":"Bottled Flame"},{"floor":9,"key":"The Courier"},{"floor":13,"key":"Toxic Egg 2"},{"floor":23,"key":"Sundial"},{"floor":25,"key":"Molten Egg 2"},{"floor":29,"key":"Lantern"}],"event_choices":[{"damage_healed":0,"gold_gain":50,"player_choice":"Pray","damage_taken":0,"max_hp_gain":0,"max_hp_loss":0,"event_name":"Golden Shrine","floor":2,"gold_loss":0},{"damage_healed":0,"gold_gain":75,"player_choice":"Gather Gold","damage_taken":11,"max_hp_gain":0,"max_hp_loss":0,"event_name":"World of Goop","floor":11,"gold_loss":0},{"damage_healed":0,"gold_gain":0,"player_choice":"Ignored","damage_taken":0,"max_hp_gain":0,"max_hp_loss":0,"event_name":"Shining Light","floor":14,"gold_loss":0},{"damage_healed":0,"gold_gain":0,"player_choice":"0 cards matched","damage_taken":0,"max_hp_gain":0,"max_hp_loss":0,"event_name":"Match and Keep!","floor":19,"gold_loss":0,"cards_obtained":[]}],"is_beta":true,"boss_relics":[{"not_picked":["Sozu","Fusion Hammer"],"picked":"Ectoplasm"}],"items_purged_floors":[22],"is_endless":false,"potions_floor_spawned":[1,12,16,20,29],"killed_by":"Shelled Parasite and Fungi","ascension_level":20}