{"gold_per_floor":[110,24,37,49,49,49,79,79,104,104,116,133,166,179,179,252,252,252,252,252,252,252,252,252,252],"floor_reached":25,"playtime":924,"items_purged":[],"score":464,"play_id":"47aa5a15-00b2-4ed4-8a7c-d1b296f56fa6","local_time":"20190412014733","is_ascension_mode":true,"campfire_choices":[{"data":"Chaos","floor":6,"key":"SMITH"},{"floor":10,"key":"REST"},{"floor":15,"key":"REST"},{"data":"Rainbow","floor":24,"key":"SMITH"}],"neow_cost":"NONE","seed_source_timestamp":42636023967579,"circlet_count":0,"master_deck":["AscendersBane","Defend_B","Defend_B+1","Defend_B","Defend_B","Zap","Dualcast","Loop","Coolheaded","Compile Driver","Chaos+1","Glacier","Coolheaded","Defragment","Biased Cognition","Sweeping Beam","Rainbow+1","Chill","Loop","Bite","Bite","Bite","Bite","Bite","Coolheaded","Echo Form"],"relics":["Velvet Choker","Bronze Scales","Emotion Chip","Blue Candle","Ectoplasm","MawBank"],"potions_floor_usage":[7,16,16,25,25],"damage_taken":[{"damage":1,"enemies":"Cultist","floor":1,"turns":3},{"damage":0,"enemies":"Small Slimes","floor":3,"turns":3},{"damage":12,"enemies":"Jaw Worm","floor":4,"turns":4},{"damage":17,"enemies":"3 Sentries","floor":7,"turns":7},{"damage":18,"enemies":"Gremlin Gang","floor":11,"turns":4},{"damage":2,"enemies":"Looter","floor":12,"turns":3},{"damage":13,"enemies":"Gremlin Nob","floor":13,"turns":4},{"damage":2,"enemies":"Blue Slaver","floor":14,"turns":3},{"damage":23,"enemies":"The Guardian","floor":16,"turns":8},{"damage":9,"enemies":"Shell Parasite","floor":18,"turns":5},{"damage":1,"enemies":"Chosen","floor":21,"turns":3},{"damage":1,"enemies":"Snake Plant","floor":22,"turns":5},{"damage":12,"enemies":"Slavers","floor":23,"turns":5},{"damage":61,"enemies":"Gremlin Leader","floor":25,"turns":6}],"seed_played":"4344164365606096170","potions_obtained":[{"floor":3,"key":"PowerPotion"},{"floor":7,"key":"EssenceOfSteel"},{"floor":11,"key":"Ancient Potion"},{"floor":13,"key":"LiquidBronze"},{"floor":14,"key":"PowerPotion"},{"floor":18,"key":"SpeedPotion"},{"floor":22,"key":"SpeedPotion"}],"is_trial":false,"path_per_floor":["M","$","M","M","?","R","E","?","T","R","M","M","E","M","R","B",null,"M","?","?","M","M","E","R","E"],"character_chosen":"DEFECT","items_purchased":["Loop","Coolheaded"],"campfire_rested":2,"item_purchase_floors":[2,2],"current_hp_per_floor":[63,63,63,51,37,37,20,20,20,41,23,21,8,6,27,4,54,45,45,45,48,49,47,47,0],"gold":252,"neow_bonus":"BOSS_RELIC","is_prod":false,"is_daily":false,"chose_seed":false,"campfire_upgraded":2,"win_rate":0,"timestamp":1555044453,"path_taken":["M","$","?","M","?","R","E","?","T","R","?","M","E","M","R","BOSS","M","?","?","M","M","E","R","E"],"build_version":"2019-01-23","purchased_purges":0,"victory":false,"max_hp_per_floor":[71,71,71,71,71,71,71,71,71,71,71,71,71,71,71,71,71,71,71,49,49,49,49,49,49],"card_choices":[{"not_picked":["Go for the Eyes","Steam","Steam Power"],"picked":"SKIP","floor":1},{"not_picked":["Beam Cell","Go for the Eyes"],"picked":"Compile Driver","floor":3},{"not_picked":["Compile Driver","Stack"],"picked":"Chaos","floor":4},{"not_picked":["Machine Learning","Cold Snap"],"picked":"Glacier","floor":7},{"not_picked":["Genetic Algorithm","FTL"],"picked":"Coolheaded","floor":11},{"not_picked":["Stack","Conserve Battery"],"picked":"Defragment","floor":12},{"not_picked":["Turbo","Hologram"],"picked":"Biased Cognition","floor":13},{"not_picked":["Turbo","Rebound"],"picked":"Sweeping Beam","floor":14},{"not_picked":["Multi-Cast","Amplify"],"picked":"Rainbow","floor":16},{"not_picked":["White Noise","Barrage"],"picked":"Chill","floor":18},{"not_picked":["Sweeping Beam","Go for the Eyes","Heatsinks+1"],"picked":"SKIP","floor":21},{"not_picked":["Steam","Conserve Battery"],"picked":"Coolheaded","floor":22},{"not_picked":["Rip and Tear+1","Conserve Battery+1"],"picked":"Echo Form","floor":23}],"player_experience":1083064,"relics_obtained":[{"floor":7,"key":"Bronze Scales"},{"floor":13,"key":"Blue Candle"},{"floor":23,"key":"MawBank"}],"event_choices":[{"damage_healed":0,"gold_gain":0,"player_choice":"Entered Light","damage_taken":14,"max_hp_gain":0,"max_hp_loss":0,"event_name":"Shining Light","floor":5,"gold_loss":0,"cards_upgraded":["Strike_B","Defend_B"]},{"damage_healed":0,"gold_gain":0,"player_choice":"Gave Potion","damage_taken":0,"relics_obtained":["Emotion Chip"],"max_hp_gain":0,"max_hp_loss":0,"event_name":"WeMeetAgain","floor":8,"gold_loss":0},{"damage_healed":0,"gold_gain":0,"player_choice":"Read","damage_taken":0,"max_hp_gain":0,"max_hp_loss":0,"event_name":"The Library","floor":19,"gold_loss":0,"cards_obtained":["Loop"]},{"damage_healed":0,"gold_gain":0,"player_choice":"Became a vampire","damage_taken":0,"max_hp_gain":0,"max_hp_loss":22,"event_name":"Vampires","floor":20,"gold_loss":0,"cards_obtained":["Bite","Bite","Bite","Bite","Bite"]}],"is_beta":false,"boss_relics":[{"not_picked":["White Beast Statue","Eternal Feather"],"picked":"Ectoplasm"}],"items_purged_floors":[],"is_endless":false,"potions_floor_spawned":[3,7,11,13,14,18,22,23],"killed_by":"Gremlin Leader","ascension_level":14}