{"gold_per_floor":[119,134,151,151,167,167,167,196,277,277,277,287,303,315,315,414,414,431,447,460,460,233,233,250,250,250,281,26,26,56,104,104,206,206,223,243,1,0,14,47,67,84,111,111,123,137,137,153,153,153,153,153,4,35,35],"floor_reached":56,"playtime":3170,"items_purged":["Strike_G"],"score":1323,"play_id":"cada23f5-ddca-4ba9-8b4e-d7e0a68450fe","local_time":"20190505234501","is_ascension_mode":false,"campfire_choices":[{"data":"Storm of Steel","floor":7,"key":"SMITH"},{"floor":15,"key":"REST"},{"data":"Accuracy","floor":23,"key":"SMITH"},{"data":"Blade Dance","floor":25,"key":"SMITH"},{"data":"Cloak And Dagger","floor":32,"key":"SMITH"},{"floor":47,"key":"RECALL"},{"data":"After Image","floor":49,"key":"SMITH"},{"data":"Cloak And Dagger","floor":52,"key":"SMITH"}],"neow_cost":"NONE","seed_source_timestamp":2106721575699866,"circlet_count":0,"master_deck":["Defend_G+1","Defend_G","Defend_G","Defend_G+1","Defend_G","Strike_G","Strike_G","Survivor","Neutralize+1","Acrobatics","Storm of Steel+1","Blade Dance+1","Cloak And Dagger+1","Envenom+1","After Image+1","Blade Dance+1","Accuracy+1","Escape Plan","vexMod:Fear","Cloak And Dagger+1","After Image+1","Finisher","Blade Dance+1","Blade Dance+1","Sickly","Infinite Blades","Terror","Finisher"],"relics":["Ring of the Snake","Singing Bowl","vexMod:BetterTron","Kunai","Cursed Key","trackpad:ChainingVapors","PreservedInsect","Pet Ghost","Snack Pack","War Paint","ReplayTheSpireMod:TigerMarble","hubris:Backtick","Shuriken","Red Mask","Centennial Puzzle","Ring of Fury","vexMod:MemoryStick"],"potions_floor_usage":[16,16,55,55],"damage_taken":[{"damage":0,"enemies":"Cultist","floor":1,"turns":4},{"damage":0,"enemies":"2 Louse","floor":2,"turns":4},{"damage":8,"enemies":"Small Slimes","floor":3,"turns":2},{"damage":2,"enemies":"2 Fungi Beasts","floor":5,"turns":3},{"damage":28,"enemies":"Gremlin Nob","floor":8,"turns":4},{"damage":11,"enemies":"Exordium Thugs","floor":12,"turns":3},{"damage":5,"enemies":"3 Louse","floor":13,"turns":3},{"damage":0,"enemies":"2 Fungi Beasts","floor":14,"turns":2},{"damage":27,"enemies":"Fading Forest","floor":16,"turns":11},{"damage":5,"enemies":"Chosen","floor":18,"turns":5},{"damage":8,"enemies":"Spheric Guardian","floor":19,"turns":6},{"damage":18,"enemies":"Snake Plant","floor":20,"turns":5},{"damage":9,"enemies":"Snecko","floor":24,"turns":5},{"damage":0,"enemies":"Replay:Snechameleon","floor":27,"turns":4},{"damage":6,"enemies":"Book of Stabbing","floor":30,"turns":3},{"damage":0,"enemies":"Champ","floor":33,"turns":9},{"damage":26,"enemies":"3 Shapes","floor":35,"turns":3},{"damage":0,"enemies":"3 Darklings","floor":36,"turns":4},{"damage":5,"enemies":"4 Shapes","floor":39,"turns":5},{"damage":0,"enemies":"R_Hoarder","floor":40,"turns":5},{"damage":23,"enemies":"Writhing Mass","floor":41,"turns":4},{"damage":0,"enemies":"Spire Growth","floor":42,"turns":4},{"damage":0,"enemies":"Sphere and 2 Shapes","floor":45,"turns":3},{"damage":7,"enemies":"Jaw Worm Horde","floor":46,"turns":3},{"damage":0,"enemies":"Spire Growth","floor":48,"turns":4},{"damage":25,"enemies":"hubris:GrandSnecko","floor":50,"turns":9},{"damage":43,"enemies":"Shield and Spear","floor":54,"turns":4},{"damage":54,"enemies":"The Heart","floor":55,"turns":7}],"seed_played":"8313936893739451842","potions_obtained":[{"floor":12,"key":"vexMod:BlazePotion"},{"floor":13,"key":"Regen Potion"},{"floor":14,"key":"Dexterity Potion"},{"floor":16,"key":"SteroidPotion"},{"floor":18,"key":"Poison Potion"}],"is_trial":false,"path_per_floor":["M","M","M","?","M","T","R","E","T","?","?","M","M","M","R","B",null,"M","M","M","?","$","R","M","R","T","E","$","?","E","T","R","B",null,"M","M","$","?","M","E","M","M","T","?","M","M","R","M","R","B",null,"R","$","E","B",null],"character_chosen":"THE_SILENT","items_purchased":["Accuracy","Escape Plan","Snack Pack","After Image","Finisher","Terror","Finisher"],"campfire_rested":1,"item_purchase_floors":[22,22,28,37,37,53,53],"current_hp_per_floor":[70,70,62,62,60,60,60,32,32,32,32,23,20,22,44,42,76,73,65,49,49,49,49,42,42,42,44,44,44,48,48,48,76,78,58,72,72,72,75,82,67,75,75,75,85,85,85,88,88,75,88,88,88,51,11],"gold":35,"neow_bonus":"RANDOM_EVENT","is_prod":false,"is_daily":false,"chose_seed":false,"campfire_upgraded":6,"win_rate":0,"timestamp":1557110701,"path_taken":["M","M","M","?","?","?","R","E","T","?","?","M","?","M","R","BOSS","M","M","M","?","$","R","M","R","T","E","?","?","E","?","R","BOSS","M","M","$","?","M","E","M","M","T","?","?","M","R","M","R","BOSS","R","$","E","BOSS"],"build_version":"2019-01-23","purchased_purges":1,"victory":true,"max_hp_per_floor":[70,70,70,70,70,70,70,70,70,70,70,72,74,76,76,76,76,78,78,80,70,70,70,72,72,72,74,74,74,76,76,76,78,78,78,80,80,80,82,82,84,84,84,84,86,88,88,88,88,88,88,88,88,90,90],"card_choices":[{"not_picked":["Deflect","vexMod:PinpointKick"],"picked":"Acrobatics","floor":1},{"not_picked":["Backflip","Bane"],"picked":"Storm of Steel","floor":2},{"not_picked":["Hidden Blade","All Out Attack"],"picked":"Blade Dance","floor":3},{"not_picked":["Deadly Poison","Backstab"],"picked":"Cloak And Dagger","floor":5},{"not_picked":["Fluid Movement","All Out Attack"],"picked":"Envenom","floor":8},{"not_picked":["Dagger Throw","Deflect","Sucker Punch"],"picked":"Singing Bowl","floor":12},{"not_picked":["vexMod:EntryPlan","Riddle With Holes","Backflip"],"picked":"Singing Bowl","floor":13},{"not_picked":["Dagger Spray","Bane","Slice"],"picked":"Singing Bowl","floor":14},{"not_picked":["Unload","ReplayTheSpireMod:Necrosis"],"picked":"After Image","floor":16},{"not_picked":["ReplayTheSpireMod:Speed Training","PiercingWail","vexMod:VenomSigh"],"picked":"Singing Bowl","floor":18},{"not_picked":["Draining Mist","Prepared+1"],"picked":"Blade Dance","floor":19},{"not_picked":["Acrobatics","PiercingWail+1","Sucker Punch"],"picked":"Singing Bowl","floor":20},{"not_picked":["Quick Slash","Sneak Up","Deflect"],"picked":"Singing Bowl","floor":24},{"not_picked":["hubris:TrickCloak","ReplayTheSpireMod:From All Sides","Bouncing Flask+1"],"picked":"Singing Bowl","floor":27},{"not_picked":["Acrobatics","vexMod:ShieldSwipe","vexMod:ScaledPoison+1"],"picked":"Singing Bowl","floor":30},{"not_picked":["Tools of the Trade","Glass Knife","ReplayTheSpireMod:From All Sides"],"picked":"Singing Bowl","floor":33},{"not_picked":["hubris:Counter+1","Blade Dance"],"picked":"Cloak And Dagger","floor":35},{"not_picked":["Flying Knee","PiercingWail+1","Prepared"],"picked":"Singing Bowl","floor":36},{"not_picked":["All Out Attack+1","Deflect","Underhanded Strike"],"picked":"Singing Bowl","floor":39},{"not_picked":["vexMod:EvasiveThoughts","ReplayTheSpireMod:Shiv Toss+1"],"picked":"Blade Dance+1","floor":40},{"not_picked":["Prepared+1","Dagger Spray","Caltrops"],"picked":"Singing Bowl","floor":41},{"not_picked":["Slice+1","Fluid Movement+1"],"picked":"Blade Dance+1","floor":42},{"not_picked":["Heel Hook+1","Blade Dance","Wraith Form v2"],"picked":"Singing Bowl","floor":45},{"not_picked":["Dodge and Roll+1","Sucker Punch","vexMod:ShadowStrike+1"],"picked":"Singing Bowl","floor":46},{"not_picked":["Blade Dance+1","Bouncing Flask"],"picked":"Infinite Blades","floor":48},{"not_picked":["Backflip+1","Die Die Die","vexMod:EvasiveThoughts"],"picked":"Singing Bowl","floor":54}],"player_experience":1294411,"relics_obtained":[{"floor":6,"key":"Singing Bowl"},{"floor":8,"key":"vexMod:BetterTron"},{"floor":9,"key":"Kunai"},{"floor":26,"key":"PreservedInsect"},{"floor":27,"key":"Pet Ghost"},{"floor":30,"key":"War Paint"},{"floor":31,"key":"ReplayTheSpireMod:TigerMarble"},{"floor":40,"key":"Centennial Puzzle"},{"floor":44,"key":"Ring of Fury"},{"floor":54,"key":"vexMod:MemoryStick"}],"event_choices":[{"damage_healed":0,"gold_gain":0,"player_choice":"Grow","damage_taken":0,"max_hp_gain":0,"max_hp_loss":0,"event_name":"Living Wall","floor":0,"gold_loss":0,"cards_upgraded":["Neutralize"]},{"cards_removed":["Strike_G"],"damage_healed":0,"gold_gain":0,"player_choice":"Offered Basic","damage_taken":0,"max_hp_gain":0,"max_hp_loss":0,"event_name":"Bonfire Elementals","floor":4,"gold_loss":0},{"damage_healed":0,"gold_gain":0,"player_choice":"Paid","damage_taken":0,"relics_obtained":["Red Mask"],"max_hp_gain":0,"max_hp_loss":0,"event_name":"Tomb of Lord Red Mask","floor":38,"gold_loss":1}],"is_beta":false,"boss_relics":[{"not_picked":["Fusion Hammer","Calling Bell"],"picked":"Cursed Key"},{"not_picked":["Replay:Drink Me","Empty Cage"],"picked":"hubris:Backtick"}],"items_purged_floors":[22],"is_endless":false,"potions_floor_spawned":[12,13,14,16,18,20,33,39,41,45,46],"ascension_level":0}