{"gold_per_floor":[119,137,137,137,90,116,129,146,146,163,195,214,227,227,227,325,325,337,26,26,26,31,31,56,56,128,147,147,181,181,201,201,303,303,321,176,276,293,310,310,343,14,63,63,63],"floor_reached":45,"playtime":5175,"items_purged":["Shame"],"score":699,"play_id":"41adb8e9-0c44-4324-addd-6ffdc1ae0123","local_time":"20190211141045","is_ascension_mode":true,"campfire_choices":[{"data":"Spot Weakness","floor":15,"key":"SMITH"},{"data":"Armaments","floor":23,"key":"SMITH"},{"data":"Battle Trance","floor":25,"key":"SMITH"},{"floor":30,"key":"REST"},{"floor":32,"key":"REST"},{"floor":40,"key":"RECALL"}],"neow_cost":"NONE","seed_source_timestamp":499452711973333,"circlet_count":0,"master_deck":["Strike_R","Strike_R","Strike_R","Strike_R","Defend_R","Defend_R","Defend_R","Defend_R","Bash","Rampage+1","Intimidate","Armaments+1","Battle Trance+1","Iron Wave","Shockwave","Headbutt+1","Spot Weakness+1","Thunderclap+1","Berserk+1","Heavy Blade+1","Panache+1","Inflame+1","Metallicize+1","Heavy Blade+1","Second Wind+1","Juggernaut+1","Headbutt+1","Corruption+1","Perfected Strike+1","Feel No Pain+1","Magnetism+1"],"relics":["Burning Blood","NeowsBlessing","Bronze Scales","Frozen Egg 2","Molten Egg 2","Magic Flower","Mark of Pain","Strawberry","Gremlin Horn","Centennial Puzzle","Toxic Egg 2","Enchiridion","Blood Vial","Lizard Tail","StoneCalendar","Meat on the Bone","Pen Nib"],"potions_floor_usage":[10,11,18,24,27,29,29,29,41,41],"damage_taken":[{"damage":0,"enemies":"Small Slimes","floor":1,"turns":1},{"damage":0,"enemies":"Cultist","floor":2,"turns":1},{"damage":0,"enemies":"Gremlin Nob","floor":6,"turns":1},{"damage":0,"enemies":"2 Louse","floor":7,"turns":2},{"damage":6,"enemies":"Exordium Wildlife","floor":8,"turns":4},{"damage":0,"enemies":"Exordium Thugs","floor":10,"turns":4},{"damage":17,"enemies":"Lagavulin","floor":11,"turns":5},{"damage":0,"enemies":"Looter","floor":12,"turns":4},{"damage":7,"enemies":"2 Fungi Beasts","floor":13,"turns":3},{"damage":25,"enemies":"The Guardian","floor":16,"turns":8},{"damage":22,"enemies":"3 Byrds","floor":18,"turns":3},{"damage":8,"enemies":"2 Thieves","floor":22,"turns":4},{"damage":17,"enemies":"Gremlin Leader","floor":24,"turns":4},{"damage":19,"enemies":"Snecko","floor":27,"turns":5},{"damage":24,"enemies":"Slavers","floor":29,"turns":2},{"damage":24,"enemies":"Centurion and Healer","floor":31,"turns":7},{"damage":20,"enemies":"Collector","floor":33,"turns":5},{"damage":15,"enemies":"3 Shapes","floor":35,"turns":4},{"damage":35,"enemies":"Mind Bloom Boss Battle","floor":37,"turns":6},{"damage":25,"enemies":"Orb Walker","floor":38,"turns":3},{"damage":71,"enemies":"Writhing Mass","floor":39,"turns":5},{"damage":37,"enemies":"Reptomancer","floor":41,"turns":3},{"damage":53,"enemies":"2 Orb Walkers","floor":45,"turns":3}],"seed_played":"8343817257075438186","potions_obtained":[{"floor":1,"key":"PowerPotion"},{"floor":2,"key":"EssenceOfSteel"},{"floor":7,"key":"AttackPotion"},{"floor":11,"key":"Energy Potion"},{"floor":12,"key":"SkillPotion"},{"floor":22,"key":"Energy Potion"},{"floor":24,"key":"BloodPotion"},{"floor":27,"key":"Explosive Potion"},{"floor":38,"key":"FearPotion"},{"floor":39,"key":"AttackPotion"}],"is_trial":false,"path_per_floor":["M","M","?","?","$","E","M","M","T","M","E","M","M","?","R","B",null,"M","$","?","?","M","R","E","R","T","M","?","E","R","M","R","B",null,"M","$","?","M","M","R","E","$","T","?","?"],"character_chosen":"IRONCLAD","items_purchased":["Armaments","Strawberry","Panache+1","Corruption+1","Pen Nib","Magnetism+1"],"campfire_rested":2,"item_purchase_floors":[5,19,19,36,42,42],"current_hp_per_floor":[78,80,73,73,73,79,80,80,80,80,69,75,74,62,62,46,72,59,66,66,66,67,67,59,59,59,61,45,30,56,44,70,62,81,78,78,55,42,57,57,32,32,32,32,0],"gold":63,"neow_bonus":"THREE_ENEMY_KILL","is_prod":false,"is_daily":false,"chose_seed":false,"campfire_upgraded":3,"win_rate":0,"timestamp":1549905045,"path_taken":["M","M","?","?","$","E","M","?","T","M","E","?","M","?","R","BOSS","M","$","?","?","?","R","E","R","T","M","?","E","R","M","R","BOSS","M","$","?","M","M","R","E","$","T","?","?"],"build_version":"2019-01-23","purchased_purges":1,"victory":false,"max_hp_per_floor":[80,80,80,80,80,80,80,80,80,80,80,80,80,80,80,80,80,80,87,87,87,87,87,87,87,87,87,87,87,87,87,87,87,87,87,87,87,87,87,87,87,87,87,87,87],"card_choices":[{"not_picked":["Perfected Strike","Iron Wave"],"picked":"Rampage","floor":1},{"not_picked":["Dropkick","Flex"],"picked":"Intimidate","floor":2},{"not_picked":["Clothesline","Carnage"],"picked":"Battle Trance","floor":6},{"not_picked":["Reckless Charge","Armaments"],"picked":"Iron Wave","floor":7},{"not_picked":["Carnage","Fire Breathing","Iron Wave"],"picked":"SKIP","floor":8},{"not_picked":["Impervious","Warcry"],"picked":"Shockwave","floor":10},{"not_picked":["Body Slam","Ghostly Armor"],"picked":"Headbutt","floor":11},{"not_picked":["Wild Strike+1","Thunderclap+1"],"picked":"Spot Weakness","floor":12},{"not_picked":["Evolve+1","Anger+1"],"picked":"Thunderclap+1","floor":13},{"not_picked":["Fiend Fire+1","Immolate+1"],"picked":"Berserk+1","floor":16},{"not_picked":["Twin Strike+1","Feel No Pain+1"],"picked":"Heavy Blade+1","floor":18},{"not_picked":["Warcry","Twin Strike+1","Reckless Charge+1"],"picked":"SKIP","floor":22},{"not_picked":["Clash+1","Shrug It Off"],"picked":"Inflame+1","floor":24},{"not_picked":["Headbutt+1","Body Slam+1"],"picked":"Metallicize+1","floor":27},{"not_picked":["Sentinel+1","Warcry+1"],"picked":"Heavy Blade+1","floor":29},{"not_picked":["Body Slam+1","Carnage+1"],"picked":"Second Wind+1","floor":31},{"not_picked":["Fiend Fire+1","Immolate+1"],"picked":"Juggernaut+1","floor":33},{"not_picked":["Anger+1","Battle Trance+1"],"picked":"Headbutt+1","floor":35},{"not_picked":["Thunderclap+1","True Grit+1"],"picked":"Perfected Strike+1","floor":37},{"not_picked":["Armaments+1","Twin Strike+1"],"picked":"Feel No Pain+1","floor":38},{"not_picked":["Sever Soul+1","Twin Strike+1","Wild Strike+1"],"picked":"SKIP","floor":39},{"not_picked":["Sentinel+1","Clothesline+1","Brutality+1"],"picked":"SKIP","floor":41}],"player_experience":748040,"relics_obtained":[{"floor":6,"key":"Bronze Scales"},{"floor":9,"key":"Frozen Egg 2"},{"floor":11,"key":"Molten Egg 2"},{"floor":24,"key":"Centennial Puzzle"},{"floor":26,"key":"Toxic Egg 2"},{"floor":28,"key":"Enchiridion"},{"floor":29,"key":"Blood Vial"},{"floor":37,"key":"StoneCalendar"},{"floor":41,"key":"Meat on the Bone"}],"event_choices":[{"cards_removed":["Strike_R"],"damage_healed":0,"gold_gain":0,"player_choice":"Card Removal","damage_taken":7,"max_hp_gain":0,"max_hp_loss":0,"event_name":"Golden Wing","floor":3,"gold_loss":0},{"damage_healed":0,"gold_gain":0,"player_choice":"Forge","damage_taken":0,"max_hp_gain":0,"max_hp_loss":0,"event_name":"Accursed Blacksmith","floor":4,"gold_loss":0,"cards_upgraded":["Rampage"]},{"damage_healed":0,"gold_gain":0,"player_choice":"Success","damage_taken":12,"relics_obtained":["Magic Flower"],"max_hp_gain":0,"max_hp_loss":0,"event_name":"Scrap Ooze","floor":14,"gold_loss":0},{"damage_healed":0,"gold_gain":0,"player_choice":"Ignored","damage_taken":0,"max_hp_gain":0,"max_hp_loss":0,"event_name":"Ghosts","floor":20,"gold_loss":0},{"damage_healed":0,"gold_gain":0,"player_choice":"Stole Relic","damage_taken":0,"relics_obtained":["Gremlin Horn"],"max_hp_gain":0,"max_hp_loss":0,"event_name":"Addict","floor":21,"gold_loss":0,"cards_obtained":["Shame"]},{"damage_healed":0,"gold_gain":0,"player_choice":"Obtained Book","damage_taken":16,"max_hp_gain":0,"max_hp_loss":0,"event_name":"Cursed Tome","floor":28,"gold_loss":0},{"damage_healed":0,"gold_gain":0,"player_choice":"Fight","damage_taken":0,"max_hp_gain":0,"max_hp_loss":0,"event_name":"MindBloom","floor":37,"gold_loss":0},{"damage_healed":0,"gold_gain":0,"player_choice":"Memory 1","damage_taken":0,"max_hp_gain":0,"max_hp_loss":0,"event_name":"SensoryStone","floor":44,"gold_loss":0},{"damage_healed":0,"gold_gain":0,"player_choice":"Fight","damage_taken":0,"max_hp_gain":0,"max_hp_loss":0,"event_name":"Mysterious Sphere","floor":45,"gold_loss":0}],"is_beta":false,"boss_relics":[{"not_picked":["Philosopher\u0027s Stone","White Beast Statue"],"picked":"Mark of Pain"},{"not_picked":["Orrery","Astrolabe"],"picked":"Lizard Tail"}],"items_purged_floors":[36],"is_endless":false,"potions_floor_spawned":[1,2,7,11,12,22,24,27,38,39],"killed_by":"2 Orb Walkers","ascension_level":7}