{"gold_per_floor":[114,114,130,143,160,160,160,188,237,237],"floor_reached":10,"playtime":475,"items_purged":[],"score":126,"play_id":"6ae53723-434e-49f2-ae46-ce3eff6f480d","local_time":"20190424231750","is_ascension_mode":true,"campfire_choices":[{"data":"Metallicize","floor":6,"key":"SMITH"}],"neow_cost":"PERCENT_DAMAGE","seed_source_timestamp":1157371927092132,"circlet_count":0,"master_deck":["AscendersBane","Strike_R","Strike_R","Strike_R","Defend_R","Defend_R","Defend_R","Defend_R","Bash","Flex","Metallicize","Shrug It Off","Metallicize+1","Evolve"],"relics":["Burning Blood","Bird Faced Urn","Blue Candle","Omamori"],"potions_floor_usage":[8,8],"damage_taken":[{"damage":13,"enemies":"Small Slimes","floor":1,"turns":4},{"damage":1,"enemies":"Cultist","floor":3,"turns":3},{"damage":16,"enemies":"Jaw Worm","floor":4,"turns":6},{"damage":6,"enemies":"Looter","floor":5,"turns":4},{"damage":37,"enemies":"Gremlin Nob","floor":8,"turns":7},{"damage":22,"enemies":"Exordium Wildlife","floor":10,"turns":7}],"seed_played":"2033988872657499479","potions_obtained":[{"floor":3,"key":"SpeedPotion"},{"floor":4,"key":"Strength Potion"}],"is_trial":false,"path_per_floor":["M","?","M","M","M","R","?","E","T","M"],"character_chosen":"IRONCLAD","items_purchased":[],"campfire_rested":0,"item_purchase_floors":[],"current_hp_per_floor":[43,43,48,40,42,42,42,15,15,0],"gold":237,"neow_bonus":"ONE_RARE_RELIC","is_prod":false,"is_daily":false,"chose_seed":false,"campfire_upgraded":1,"win_rate":0,"timestamp":1556158670,"path_taken":["M","?","?","M","M","R","?","E","T","M"],"build_version":"2019-01-23","purchased_purges":0,"victory":false,"max_hp_per_floor":[75,75,75,75,75,75,75,75,75,75],"card_choices":[{"not_picked":["Clothesline","Iron Wave"],"picked":"Flex","floor":1},{"not_picked":["Perfected Strike","Uppercut"],"picked":"Metallicize","floor":3},{"not_picked":["Thunderclap","Cleave"],"picked":"Shrug It Off","floor":4},{"not_picked":["Sword Boomerang","Spot Weakness"],"picked":"Metallicize","floor":5},{"not_picked":["Flex","Sever Soul"],"picked":"Evolve","floor":8}],"player_experience":1211255,"relics_obtained":[{"floor":8,"key":"Blue Candle"},{"floor":9,"key":"Omamori"}],"event_choices":[{"cards_removed":["Strike_R"],"damage_healed":0,"gold_gain":0,"player_choice":"Offered Basic","damage_taken":0,"max_hp_gain":0,"max_hp_loss":0,"event_name":"Bonfire Elementals","floor":2,"gold_loss":0},{"cards_removed":["Strike_R"],"damage_healed":0,"gold_gain":0,"player_choice":"Purged","damage_taken":0,"max_hp_gain":0,"max_hp_loss":0,"event_name":"Purifier","floor":7,"gold_loss":0}],"is_beta":false,"boss_relics":[],"items_purged_floors":[],"is_endless":false,"potions_floor_spawned":[3,4,5],"killed_by":"Exordium Wildlife","ascension_level":17}