{"gold_per_floor":[365,73,90,18,37,37,63,63,63,82,96,96,123,143,143,244,244,257,14,14,25,37,67,84,9,9,9,9,44,44,44,44,144,144,161,181,229,240,33,64,64,74,122,138,138,173,185,219,219,219,219,219,66,96,96],"floor_reached":56,"playtime":2225,"items_purged":["Regret","Strike_R"],"score":1487,"play_id":"06377732-8fd2-4c6b-bccb-97867af532ad","local_time":"20190423124523","is_ascension_mode":false,"campfire_choices":[{"data":"Whirlwind","floor":6,"key":"SMITH"},{"data":"Body Slam","floor":8,"key":"SMITH"},{"data":"Double Tap","floor":15,"key":"SMITH"},{"data":"Impervious","floor":28,"key":"SMITH"},{"floor":32,"key":"REST"},{"data":"Disarm","floor":41,"key":"SMITH"},{"floor":49,"key":"RECALL"},{"data":"Seeing Red","floor":52,"key":"SMITH"}],"neow_cost":"CURSE","seed_source_timestamp":216442937526082,"circlet_count":0,"master_deck":["Strike_R","Strike_R+1","Defend_R","Defend_R+1","Defend_R+1","Defend_R","Bash","Body Slam+1","Impervious+1","Headbutt+1","Whirlwind+1","Shrug It Off","Uppercut+1","Double Tap+1","Impervious","Rage+1","Body Slam+1","Body Slam+1","Barricade","Havoc+1","Seeing Red+1","Disarm+1","Warcry+1","Entrench+1","Warcry+1"],"relics":["Burning Blood","War Paint","Molten Egg 2","Pear","Kunai","Ornamental Fan","Philosopher\u0027s Stone","Bag of Preparation","Bottled Lightning","Bottled Flame","Orichalcum","Paper Frog","Runic Pyramid","Incense Burner","Chemical X","Bronze Scales","Whetstone","Gremlin Horn","Oddly Smooth Stone","Anchor"],"potions_floor_usage":[50],"damage_taken":[{"damage":7,"enemies":"2 Louse","floor":1,"turns":3},{"damage":0,"enemies":"Small Slimes","floor":3,"turns":3},{"damage":7,"enemies":"Jaw Worm","floor":5,"turns":4},{"damage":13,"enemies":"3 Sentries","floor":7,"turns":6},{"damage":0,"enemies":"Blue Slaver","floor":10,"turns":3},{"damage":5,"enemies":"3 Louse","floor":11,"turns":2},{"damage":13,"enemies":"Gremlin Nob","floor":13,"turns":4},{"damage":0,"enemies":"Lots of Slimes","floor":14,"turns":2},{"damage":47,"enemies":"Hexaghost","floor":16,"turns":10},{"damage":0,"enemies":"2 Thieves","floor":18,"turns":3},{"damage":0,"enemies":"Shell Parasite","floor":21,"turns":3},{"damage":12,"enemies":"3 Cultists","floor":22,"turns":6},{"damage":17,"enemies":"Slavers","floor":23,"turns":6},{"damage":0,"enemies":"Snake Plant","floor":24,"turns":2},{"damage":17,"enemies":"Book of Stabbing","floor":29,"turns":3},{"damage":17,"enemies":"Champ","floor":33,"turns":7},{"damage":0,"enemies":"3 Shapes","floor":35,"turns":3},{"damage":8,"enemies":"3 Darklings","floor":36,"turns":2},{"damage":0,"enemies":"2 Orb Walkers","floor":37,"turns":3},{"damage":0,"enemies":"Spire Growth","floor":38,"turns":4},{"damage":0,"enemies":"Nemesis","floor":40,"turns":3},{"damage":0,"enemies":"Maw","floor":42,"turns":5},{"damage":8,"enemies":"Sphere and 2 Shapes","floor":44,"turns":3},{"damage":6,"enemies":"Giant Head","floor":46,"turns":4},{"damage":0,"enemies":"3 Darklings","floor":47,"turns":1},{"damage":0,"enemies":"Reptomancer","floor":48,"turns":2},{"damage":0,"enemies":"Awakened One","floor":50,"turns":4},{"damage":10,"enemies":"Shield and Spear","floor":54,"turns":3},{"damage":0,"enemies":"The Heart","floor":55,"turns":8}],"seed_played":"3274294208818015594","potions_obtained":[{"floor":3,"key":"SteroidPotion"},{"floor":5,"key":"Weak Potion"},{"floor":14,"key":"AttackPotion"},{"floor":23,"key":"Swift Potion"}],"is_trial":false,"path_per_floor":["M","$","M","$","M","R","E","R","T","M","M","?","E","M","R","B",null,"M","$","?","M","M","E","M","?","T","$","R","E","T","?","R","B",null,"M","M","?","M","$","E","R","M","T","M","?","E","M","E","R","B",null,"R","$","E","B",null],"character_chosen":"IRONCLAD","items_purchased":["Impervious","War Paint","Whirlwind","Bag of Preparation","Chemical X","Oddly Smooth Stone"],"campfire_rested":1,"item_purchase_floors":[2,2,4,19,39,53],"current_hp_per_floor":[79,79,80,80,79,79,72,72,82,88,89,86,79,85,85,44,90,90,90,90,90,84,73,79,79,79,79,79,68,68,50,78,67,95,95,93,95,95,95,95,95,95,95,93,93,93,95,95,95,95,95,95,95,91,95],"gold":96,"neow_bonus":"TWO_FIFTY_GOLD","is_prod":false,"is_daily":false,"chose_seed":false,"campfire_upgraded":6,"win_rate":0,"timestamp":1556019923,"path_taken":["M","$","M","$","M","R","E","R","T","M","M","?","E","M","R","BOSS","M","$","?","M","M","E","M","?","T","?","R","E","?","?","R","BOSS","M","M","?","M","$","E","R","M","T","M","?","E","?","E","R","BOSS","R","$","E","BOSS"],"build_version":"2019-04-21","purchased_purges":2,"victory":true,"max_hp_per_floor":[80,80,80,80,80,80,80,80,90,90,90,90,90,90,90,90,90,90,90,90,90,90,90,90,90,90,90,90,90,90,95,95,95,95,95,95,95,95,95,95,95,95,95,95,95,95,95,95,95,95,95,95,95,95,95],"card_choices":[{"not_picked":["Havoc","Clash"],"picked":"Body Slam","floor":1},{"not_picked":["Iron Wave","Armaments"],"picked":"Headbutt","floor":3},{"not_picked":["Entrench","Corruption"],"picked":"Shrug It Off","floor":5},{"not_picked":["Havoc","Rupture"],"picked":"Uppercut","floor":7},{"not_picked":["Whirlwind+1","Blood for Blood+1","Evolve"],"picked":"SKIP","floor":10},{"not_picked":["Whirlwind+1","Sentinel","Cleave+1"],"picked":"SKIP","floor":11},{"not_picked":["Disarm","Brutality"],"picked":"Double Tap","floor":13},{"not_picked":["Headbutt+1","Armaments","Twin Strike+1"],"picked":"SKIP","floor":14},{"not_picked":["Bludgeon+1","Reaper+1"],"picked":"Impervious","floor":16},{"not_picked":["Shrug It Off+1","Second Wind"],"picked":"Rage+1","floor":18},{"not_picked":["Perfected Strike+1","Flex","Heavy Blade+1"],"picked":"SKIP","floor":21},{"not_picked":["Combust+1","Sentinel","Thunderclap+1"],"picked":"SKIP","floor":22},{"not_picked":["Cleave+1","Bloodletting"],"picked":"Body Slam+1","floor":23},{"not_picked":["Warcry","Corruption+1","Hemokinesis+1"],"picked":"SKIP","floor":24},{"not_picked":["Corruption","Cleave+1"],"picked":"Body Slam+1","floor":29},{"not_picked":["Impervious","Immolate+1"],"picked":"Barricade","floor":33},{"not_picked":["Havoc","Perfected Strike+1","Blood for Blood+1"],"picked":"SKIP","floor":35},{"not_picked":["Clothesline+1","Heavy Blade+1"],"picked":"Havoc+1","floor":36},{"not_picked":["Thunderclap+1","Perfected Strike+1"],"picked":"Seeing Red","floor":37},{"not_picked":["Feel No Pain+1","Second Wind","Wild Strike+1"],"picked":"SKIP","floor":38},{"not_picked":["Headbutt+1","Power Through"],"picked":"Disarm","floor":40},{"not_picked":["Perfected Strike+1","Iron Wave+1"],"picked":"Warcry+1","floor":42},{"not_picked":["Anger+1","Blood for Blood+1","Sentinel+1"],"picked":"SKIP","floor":44},{"not_picked":["Searing Blow+1","Fire Breathing"],"picked":"Entrench+1","floor":46},{"not_picked":["True Grit","Barricade","Headbutt+1"],"picked":"SKIP","floor":47},{"not_picked":["Thunderclap+1","Shockwave+1"],"picked":"Warcry+1","floor":48},{"not_picked":["Berserk","Inflame","Cleave+1"],"picked":"SKIP","floor":54}],"player_experience":1220348,"relics_obtained":[{"floor":7,"key":"Molten Egg 2"},{"floor":9,"key":"Pear"},{"floor":13,"key":"Ornamental Fan"},{"floor":23,"key":"Bottled Lightning"},{"floor":26,"key":"Bottled Flame"},{"floor":29,"key":"Orichalcum"},{"floor":30,"key":"Paper Frog"},{"floor":37,"key":"Incense Burner"},{"floor":40,"key":"Bronze Scales"},{"floor":46,"key":"Whetstone"},{"floor":48,"key":"Gremlin Horn"},{"floor":54,"key":"Anchor"}],"event_choices":[{"damage_healed":0,"gold_gain":0,"player_choice":"Success","damage_taken":3,"relics_obtained":["Kunai"],"max_hp_gain":0,"max_hp_loss":0,"event_name":"Scrap Ooze","floor":12,"gold_loss":0},{"cards_removed":["Strike_R"],"damage_healed":0,"gold_gain":0,"player_choice":"Gave Gold","damage_taken":0,"max_hp_gain":0,"max_hp_loss":0,"event_name":"Beggar","floor":25,"gold_loss":75},{"damage_healed":0,"gold_gain":0,"player_choice":"Shed Blood","damage_taken":23,"max_hp_gain":5,"max_hp_loss":0,"event_name":"Forgotten Altar","floor":31,"gold_loss":0},{"damage_healed":0,"gold_gain":0,"player_choice":"Fight","damage_taken":0,"max_hp_gain":0,"max_hp_loss":0,"event_name":"Mysterious Sphere","floor":37,"gold_loss":0},{"cards_removed":["Strike_R"],"damage_healed":0,"gold_gain":0,"player_choice":"Purged","damage_taken":0,"max_hp_gain":0,"max_hp_loss":0,"event_name":"Purifier","floor":45,"gold_loss":0}],"is_beta":true,"boss_relics":[{"not_picked":["Coffee Dripper","Pandora\u0027s Box"],"picked":"Philosopher\u0027s Stone"},{"not_picked":["White Beast Statue","Mark of Pain"],"picked":"Runic Pyramid"}],"items_purged_floors":[2,19],"is_endless":false,"potions_floor_spawned":[3,5,14,16,18,22,23,29,35,37,40,48],"ascension_level":0}