{"gold_per_floor":[118,15,35,110,126,126,159,159,186,186,186,202,202,242,254,359,371,396,423,453,465,527,539,551,613,625,637,665,708,741,772,784,796],"floor_reached":33,"playtime":1705,"items_purged":[],"score":536,"play_id":"327dd300-8aad-4e04-84a0-e1a086970112","local_time":"20190304204412","is_ascension_mode":true,"campfire_choices":[{"data":"Metallicize","floor":6,"key":"SMITH"},{"data":"Rage","floor":10,"key":"SMITH"},{"data":"Armaments","floor":13,"key":"SMITH"},{"data":"Pommel Strike","floor":15,"key":"SMITH"},{"floor":23,"key":"REST"},{"data":"Fiend Fire","floor":27,"key":"SMITH"},{"data":"Flame Barrier","floor":32,"key":"SMITH"}],"neow_cost":"NONE","seed_source_timestamp":415319911040824,"circlet_count":0,"master_deck":["AscendersBane","Strike_R","Strike_R","Strike_R","Defend_R","Defend_R","Defend_R","Defend_R","Bash","Rage+1","Headbutt","Anger","Metallicize+1","Pommel Strike+1","Armaments+1","Feed","Fiend Fire+1","Combust+1","Flame Barrier+1"],"relics":["Burning Blood","Regal Pillow","PreservedInsect","Golden Idol","MawBank","Snecko Eye","Nunchaku","Red Skull"],"potions_floor_usage":[5,12,16,18,20,20,28,31,33],"damage_taken":[{"damage":7,"enemies":"Cultist","floor":1,"turns":4},{"damage":1,"enemies":"2 Louse","floor":3,"turns":3},{"damage":7,"enemies":"Small Slimes","floor":5,"turns":3},{"damage":14,"enemies":"3 Sentries","floor":7,"turns":9},{"damage":6,"enemies":"3 Louse","floor":12,"turns":5},{"damage":4,"enemies":"Gremlin Nob","floor":14,"turns":3},{"damage":14,"enemies":"The Guardian","floor":16,"turns":11},{"damage":0,"enemies":"Spheric Guardian","floor":18,"turns":1},{"damage":10,"enemies":"3 Byrds","floor":19,"turns":3},{"damage":38,"enemies":"Shelled Parasite and Fungi","floor":20,"turns":5},{"damage":9,"enemies":"Centurion and Healer","floor":28,"turns":4},{"damage":30,"enemies":"Gremlin Leader","floor":29,"turns":5},{"damage":7,"enemies":"Chosen and Byrds","floor":30,"turns":5},{"damage":0,"enemies":"Shelled Parasite and Fungi","floor":31,"turns":2},{"damage":61,"enemies":"Automaton","floor":33,"turns":8}],"seed_played":"-3691827798196124706","potions_obtained":[{"floor":1,"key":"AttackPotion"},{"floor":5,"key":"Weak Potion"},{"floor":12,"key":"Poison Potion"},{"floor":16,"key":"AttackPotion"},{"floor":19,"key":"Ancient Potion"},{"floor":20,"key":"Swift Potion"},{"floor":29,"key":"EssenceOfSteel"},{"floor":30,"key":"Swift Potion"}],"is_trial":false,"path_per_floor":["M","$","M","?","M","R","E","?","T","R","?","M","R","E","R","B",null,"M","M","M","?","?","R","?","?","T","R","M","E","M","M","R","B"],"character_chosen":"IRONCLAD","items_purchased":["Headbutt","Strength Potion"],"campfire_rested":1,"item_purchase_floors":[2,2],"current_hp_per_floor":[67,67,72,61,60,60,52,52,52,52,52,52,52,54,54,50,67,72,71,39,39,39,75,75,75,75,75,72,48,50,56,56,0],"gold":796,"neow_bonus":"REMOVE_CARD","is_prod":false,"is_daily":false,"chose_seed":false,"campfire_upgraded":6,"win_rate":0,"timestamp":1551732252,"path_taken":["M","$","?","?","M","R","E","?","T","R","?","M","R","E","R","BOSS","M","M","M","?","?","R","?","?","T","R","M","E","M","M","R","BOSS"],"build_version":"2019-02-06","purchased_purges":0,"victory":false,"max_hp_per_floor":[75,75,75,75,75,75,75,75,75,75,68,68,68,68,68,72,72,72,75,75,75,75,75,75,75,75,75,75,75,78,78,78,78],"card_choices":[{"not_picked":["Reckless Charge","Warcry"],"picked":"Rage","floor":1},{"not_picked":["Clothesline","Pummel"],"picked":"Anger","floor":3},{"not_picked":["Entrench","Feel No Pain"],"picked":"Metallicize","floor":5},{"not_picked":["Second Wind","Heavy Blade"],"picked":"Pommel Strike","floor":7},{"not_picked":["Dropkick","Shockwave"],"picked":"Armaments","floor":12},{"not_picked":["Body Slam","Intimidate"],"picked":"Feed","floor":14},{"not_picked":["Berserk","Brutality"],"picked":"Fiend Fire","floor":16},{"not_picked":["Twin Strike","Warcry"],"picked":"Combust+1","floor":18},{"not_picked":["Body Slam","Armaments+1","Flex"],"picked":"SKIP","floor":19},{"not_picked":["Whirlwind","Rupture","Anger"],"picked":"SKIP","floor":20},{"not_picked":["Anger","Feed","Pommel Strike"],"picked":"SKIP","floor":28},{"not_picked":["Thunderclap","Anger","Headbutt"],"picked":"SKIP","floor":29},{"not_picked":["Ghostly Armor","Hemokinesis","Headbutt"],"picked":"SKIP","floor":30},{"not_picked":["True Grit","Twin Strike"],"picked":"Flame Barrier","floor":31}],"player_experience":1006284,"relics_obtained":[{"floor":7,"key":"Regal Pillow"},{"floor":9,"key":"PreservedInsect"},{"floor":14,"key":"MawBank"},{"floor":26,"key":"Nunchaku"},{"floor":29,"key":"Red Skull"}],"event_choices":[{"damage_healed":0,"gold_gain":75,"player_choice":"Gather Gold","damage_taken":11,"max_hp_gain":0,"max_hp_loss":0,"event_name":"World of Goop","floor":4,"gold_loss":0},{"cards_removed":["Strike_R"],"damage_healed":0,"gold_gain":0,"player_choice":"Forget","damage_taken":0,"max_hp_gain":0,"max_hp_loss":0,"event_name":"Living Wall","floor":8,"gold_loss":0},{"damage_healed":0,"gold_gain":0,"player_choice":"Lose Max HP","damage_taken":0,"relics_obtained":["Golden Idol"],"max_hp_gain":0,"max_hp_loss":7,"event_name":"Golden Idol","floor":11,"gold_loss":0},{"damage_healed":0,"gold_gain":0,"player_choice":"Ignored","damage_taken":0,"max_hp_gain":0,"max_hp_loss":0,"event_name":"The Mausoleum","floor":21,"gold_loss":0},{"damage_healed":0,"gold_gain":50,"player_choice":"Stole From Cult","damage_taken":0,"max_hp_gain":0,"max_hp_loss":0,"event_name":"Nest","floor":22,"gold_loss":0},{"damage_healed":0,"gold_gain":0,"player_choice":"Ignored","damage_taken":0,"max_hp_gain":0,"max_hp_loss":0,"event_name":"Ghosts","floor":24,"gold_loss":0},{"damage_healed":0,"gold_gain":50,"player_choice":"Pray","damage_taken":0,"max_hp_gain":0,"max_hp_loss":0,"event_name":"Golden Shrine","floor":25,"gold_loss":0}],"is_beta":true,"boss_relics":[{"not_picked":["Orrery","Sozu"],"picked":"Snecko Eye"}],"items_purged_floors":[],"is_endless":false,"potions_floor_spawned":[1,5,12,16,19,20,29,30],"killed_by":"Automaton","ascension_level":19}