{"gold_per_floor":[113,126,126,146,146,146,160,10,36,36,46,57,57,70,70,168,168,186,86,71,171,181,181,198,55,55,69,69,69,80,111,111,214,214,231,331,331],"floor_reached":37,"playtime":1980,"items_purged":["Strike_B","Strike_B"],"score":383,"play_id":"ba8d6aaf-aeec-4b82-bdc1-f17dcaa923d2","local_time":"20190514075640","is_ascension_mode":false,"campfire_choices":[{"data":"Sweeping Beam","floor":6,"key":"SMITH"},{"data":"Zap","floor":10,"key":"SMITH"},{"data":"Dualcast","floor":13,"key":"SMITH"},{"data":"Self Repair","floor":15,"key":"SMITH"},{"data":"Barrage","floor":23,"key":"SMITH"},{"data":"Reinforced Body","floor":29,"key":"SMITH"},{"floor":32,"key":"REST"}],"neow_cost":"NONE","seed_source_timestamp":153383354542979,"circlet_count":0,"master_deck":["Strike_B","Strike_B","Defend_B+1","Defend_B","Defend_B","Defend_B+1","Zap+1","Dualcast+1","Self Repair+1","Sweeping Beam+1","Genetic Algorithm","Darkness","Glacier","Barrage+1","Conserve Battery","Leap+1","Compile Driver","Reinforced Body+1","Defragment","Echo Form","Stack","Self Repair"],"relics":["Cracked Core","DataDisk","Sozu","Boot","Matryoshka","Oddly Smooth Stone","Inserter","Bird Faced Urn"],"potions_floor_usage":[33,33,33],"damage_taken":[{"damage":2,"enemies":"2 Louse","floor":1,"turns":3},{"damage":1,"enemies":"Jaw Worm","floor":2,"turns":4},{"damage":6,"enemies":"Cultist","floor":4,"turns":3},{"damage":4,"enemies":"Red Slaver","floor":7,"turns":4},{"damage":0,"enemies":"Blue Slaver","floor":11,"turns":4},{"damage":2,"enemies":"Looter","floor":12,"turns":3},{"damage":0,"enemies":"3 Louse","floor":14,"turns":4},{"damage":19,"enemies":"Slime Boss","floor":16,"turns":15},{"damage":0,"enemies":"Shell Parasite","floor":18,"turns":7},{"damage":0,"enemies":"2 Thieves","floor":20,"turns":4},{"damage":1,"enemies":"Centurion and Healer","floor":22,"turns":11},{"damage":0,"enemies":"Cultist and Chosen","floor":24,"turns":8},{"damage":0,"enemies":"Chosen and Byrds","floor":27,"turns":6},{"damage":4,"enemies":"Snecko","floor":30,"turns":9},{"damage":40,"enemies":"Slavers","floor":31,"turns":8},{"damage":16,"enemies":"Collector","floor":33,"turns":17},{"damage":43,"enemies":"3 Shapes","floor":35,"turns":4},{"damage":1,"enemies":"Mind Bloom Boss Battle","floor":36,"turns":10},{"damage":80,"enemies":"2 Orb Walkers","floor":37,"turns":5}],"seed_played":"4144104483671502378","potions_obtained":[{"floor":1,"key":"Poison Potion"},{"floor":2,"key":"Explosive Potion"},{"floor":11,"key":"Energy Potion"},{"floor":14,"key":"SkillPotion"}],"is_trial":false,"path_per_floor":["M","M","?","M","?","R","M","$","T","R","M","M","R","M","R","B",null,"M","$","M","?","M","R","M","$","T","M","$","R","M","E","R","B",null,"M","?","?"],"character_chosen":"DEFECT","items_purchased":["Glacier","Boot"],"campfire_rested":1,"item_purchase_floors":[8,25],"current_hp_per_floor":[80,82,66,67,72,72,75,75,75,75,82,80,80,87,87,78,87,87,87,87,87,87,87,87,87,87,87,87,87,87,57,83,77,87,54,63,0],"gold":331,"neow_bonus":"TEN_PERCENT_HP_BONUS","is_prod":false,"is_daily":false,"chose_seed":false,"campfire_upgraded":6,"win_rate":0,"timestamp":1557835000,"path_taken":["M","M","?","M","?","R","M","$","T","R","M","M","R","M","R","BOSS","M","$","M","?","M","R","?","$","T","M","?","R","M","E","R","BOSS","M","?","?"],"build_version":"2019-01-23","purchased_purges":2,"victory":false,"max_hp_per_floor":[82,82,82,82,87,87,87,87,87,87,87,87,87,87,87,87,87,87,87,87,87,87,87,87,87,87,87,87,87,87,87,87,87,87,87,87,87],"card_choices":[{"not_picked":["Storm","Steam Power"],"picked":"Self Repair","floor":1},{"not_picked":["Storm","Hello World"],"picked":"Sweeping Beam","floor":2},{"not_picked":["Force Field","Leap"],"picked":"Genetic Algorithm","floor":4},{"not_picked":["Double Energy","Undo"],"picked":"Darkness","floor":7},{"not_picked":["Sweeping Beam","Rebound","Steam"],"picked":"SKIP","floor":11},{"not_picked":["Coolheaded","BootSequence"],"picked":"Barrage","floor":12},{"not_picked":["Ball Lightning","Coolheaded"],"picked":"Conserve Battery","floor":14},{"not_picked":["Coolheaded","Redo"],"picked":"Leap+1","floor":18},{"not_picked":["Steam","Doom and Gloom","Coolheaded+1"],"picked":"SKIP","floor":20},{"not_picked":["Chaos","Steam","Chill"],"picked":"SKIP","floor":22},{"not_picked":["FTL","Ball Lightning+1"],"picked":"Compile Driver","floor":24},{"not_picked":["Go for the Eyes","Reprogram"],"picked":"Reinforced Body","floor":27},{"not_picked":["White Noise","Turbo"],"picked":"Defragment","floor":30},{"not_picked":["Scrape+1","Coolheaded","Turbo+1"],"picked":"SKIP","floor":31},{"not_picked":["Hyperbeam","Fission"],"picked":"Echo Form","floor":33},{"not_picked":["Beam Cell","Chaos"],"picked":"Stack","floor":35},{"not_picked":["Beam Cell+1","Steam"],"picked":"Self Repair","floor":36}],"player_experience":81566,"relics_obtained":[{"floor":9,"key":"DataDisk"},{"floor":26,"key":"Matryoshka"},{"floor":31,"key":"Oddly Smooth Stone"},{"floor":36,"key":"Bird Faced Urn"}],"event_choices":[{"damage_healed":0,"gold_gain":0,"player_choice":"Entered Light","damage_taken":16,"max_hp_gain":0,"max_hp_loss":0,"event_name":"Shining Light","floor":3,"gold_loss":0,"cards_upgraded":["Defend_B","Defend_B"]},{"damage_healed":0,"gold_gain":0,"player_choice":"Donut","damage_taken":0,"max_hp_gain":5,"max_hp_loss":0,"event_name":"Big Fish","floor":5,"gold_loss":0},{"damage_healed":0,"gold_gain":100,"player_choice":"Pray","damage_taken":0,"max_hp_gain":0,"max_hp_loss":0,"event_name":"Golden Shrine","floor":21,"gold_loss":0},{"damage_healed":0,"gold_gain":0,"player_choice":"Fight","damage_taken":0,"max_hp_gain":0,"max_hp_loss":0,"event_name":"MindBloom","floor":36,"gold_loss":0},{"damage_healed":0,"gold_gain":0,"player_choice":"Fight","damage_taken":0,"max_hp_gain":0,"max_hp_loss":0,"event_name":"Mysterious Sphere","floor":37,"gold_loss":0}],"is_beta":false,"boss_relics":[{"not_picked":["Runic Dome","Cursed Key"],"picked":"Sozu"},{"not_picked":["Velvet Choker","Eternal Feather"],"picked":"Inserter"}],"items_purged_floors":[8,19],"is_endless":false,"potions_floor_spawned":[1,2,11,12,14,18,30,33,35],"killed_by":"2 Orb Walkers","ascension_level":0}