{"gold_per_floor":[117,134,150,164,164,195,195,214,238,238,248,92,104,135,135,209,209,222,232,44,59,59,59],"floor_reached":23,"playtime":1049,"items_purged":["Regret"],"score":410,"play_id":"ca7a84b2-97fc-4222-946e-fc0e856a8da1","local_time":"20190310172524","is_ascension_mode":true,"campfire_choices":[{"data":"Cloak And Dagger","floor":7,"key":"SMITH"},{"floor":10,"key":"REST"},{"floor":15,"key":"REST"}],"neow_cost":"NONE","seed_source_timestamp":551430064225600,"circlet_count":0,"master_deck":["AscendersBane","Defend_G","Defend_G","Defend_G","Defend_G","Defend_G","Strike_G","Strike_G+1","Strike_G","Strike_G","Strike_G","Survivor","Neutralize","Finesse","Caltrops","Poisoned Stab","Dagger Spray","Deadly Poison","Cloak And Dagger+1","PiercingWail","Slice+1","Well Laid Plans","Quick Slash","Flying Knee","Burst","Footwork","Dagger Spray","Cloak And Dagger","Terror","Deflect","Bane+1","Sucker Punch","Backflip","Footwork"],"relics":["Ring of the Snake","Potion Belt","Bag of Marbles","Strawberry","Whetstone","Orrery","Bag of Preparation"],"potions_floor_usage":[6,16,16,19,21,21],"damage_taken":[{"damage":3,"enemies":"Cultist","floor":1,"turns":5},{"damage":0,"enemies":"Jaw Worm","floor":2,"turns":6},{"damage":1,"enemies":"2 Louse","floor":3,"turns":3},{"damage":0,"enemies":"Exordium Wildlife","floor":4,"turns":3},{"damage":30,"enemies":"Gremlin Nob","floor":6,"turns":4},{"damage":4,"enemies":"Blue Slaver","floor":8,"turns":3},{"damage":10,"enemies":"Red Slaver","floor":11,"turns":5},{"damage":1,"enemies":"2 Fungi Beasts","floor":13,"turns":4},{"damage":25,"enemies":"3 Sentries","floor":14,"turns":6},{"damage":21,"enemies":"Hexaghost","floor":16,"turns":10},{"damage":26,"enemies":"Shell Parasite","floor":18,"turns":7},{"damage":15,"enemies":"Spheric Guardian","floor":19,"turns":4},{"damage":8,"enemies":"3 Cultists","floor":21,"turns":4},{"damage":31,"enemies":"Book of Stabbing","floor":23,"turns":5}],"seed_played":"8507529538288298438","potions_obtained":[{"floor":2,"key":"Explosive Potion"},{"floor":3,"key":"Poison Potion"},{"floor":11,"key":"SkillPotion"},{"floor":14,"key":"AttackPotion"},{"floor":18,"key":"Regen Potion"},{"floor":19,"key":"SteroidPotion"}],"is_trial":false,"path_per_floor":["M","M","M","M","?","E","R","M","T","R","M","$","M","E","R","B",null,"M","M","$","M","?","E"],"character_chosen":"THE_SILENT","items_purchased":["Well Laid Plans","Bag of Preparation","Backflip"],"campfire_rested":2,"item_purchase_floors":[12,20,20],"current_hp_per_floor":[56,56,55,55,55,25,25,21,28,49,39,39,38,13,34,13,58,32,29,29,21,21,0],"gold":59,"neow_bonus":"RANDOM_COLORLESS","is_prod":false,"is_daily":false,"chose_seed":false,"campfire_upgraded":1,"win_rate":0,"timestamp":1552235124,"path_taken":["M","?","M","M","?","E","R","M","T","R","M","$","M","E","R","BOSS","M","M","$","M","?","E"],"build_version":"2019-01-23","purchased_purges":1,"victory":false,"max_hp_per_floor":[66,66,66,66,66,66,66,66,73,73,73,73,73,73,73,73,73,73,73,73,73,73,73],"card_choices":[{"not_picked":["Backflip","Expertise"],"picked":"Caltrops","floor":1},{"not_picked":["Deflect","Prepared"],"picked":"Poisoned Stab","floor":2},{"not_picked":["Bane","All Out Attack"],"picked":"Dagger Spray","floor":3},{"not_picked":["Venomology","Dagger Throw"],"picked":"Deadly Poison","floor":4},{"not_picked":["Finisher","Deflect"],"picked":"Cloak And Dagger","floor":6},{"not_picked":["Backflip","Phantasmal Killer"],"picked":"PiercingWail","floor":8},{"not_picked":["Riddle With Holes","Setup"],"picked":"Slice","floor":11},{"not_picked":["Deadly Poison","Crippling Poison"],"picked":"Quick Slash","floor":13},{"not_picked":["Slice","Concentrate"],"picked":"Flying Knee","floor":14},{"not_picked":["Phantasmal Killer","Venomology"],"picked":"Burst","floor":16},{"not_picked":["Flechettes","Dodge and Roll"],"picked":"Footwork","floor":17},{"not_picked":["Outmaneuver","Sucker Punch"],"picked":"Dagger Spray","floor":17},{"not_picked":["Poisoned Stab","Finisher"],"picked":"Cloak And Dagger","floor":17},{"not_picked":["Bouncing Flask","Outmaneuver"],"picked":"Terror","floor":17},{"not_picked":["Bane","Blade Dance"],"picked":"Deflect","floor":17},{"not_picked":["Choke","Underhanded Strike"],"picked":"Bane+1","floor":18},{"not_picked":["Dagger Throw","Skewer"],"picked":"Sucker Punch","floor":19},{"not_picked":["Quick Slash+1","Deflect"],"picked":"Footwork","floor":21}],"player_experience":541929,"relics_obtained":[{"floor":6,"key":"Bag of Marbles"},{"floor":9,"key":"Strawberry"},{"floor":14,"key":"Whetstone"}],"event_choices":[{"damage_healed":0,"gold_gain":0,"player_choice":"Box","damage_taken":0,"relics_obtained":["Potion Belt"],"max_hp_gain":0,"max_hp_loss":0,"event_name":"Big Fish","floor":5,"gold_loss":0,"cards_obtained":["Regret"]},{"damage_healed":0,"gold_gain":0,"player_choice":"Ignored","damage_taken":0,"max_hp_gain":0,"max_hp_loss":0,"event_name":"Cursed Tome","floor":22,"gold_loss":0}],"is_beta":false,"boss_relics":[{"not_picked":["HoveringKite","Lizard Tail"],"picked":"Orrery"}],"items_purged_floors":[12],"is_endless":false,"potions_floor_spawned":[2,3,4,11,14,18,19],"killed_by":"Book of Stabbing","ascension_level":20}