{"gold_per_floor":[115,129,147,72,147,147,158,183,183,183,211,211,211,228,228,305,355,372,372,372,405,405,28,47,73,109,121,144,172,184,229,241,326,338,368,602,247,261,281,315,335,335,335,345,345,19,19,33,33,33,33,33,33,33,64,64],"floor_reached":57,"playtime":7670,"items_purged":["Bite","Bite"],"score":2785,"play_id":"d6fbdaa9-ffd3-4654-bf19-965f07bb1e52","local_time":"20190217143245","is_ascension_mode":true,"campfire_choices":[{"data":"Zap","floor":6,"key":"SMITH"},{"data":"Fusion","floor":13,"key":"SMITH"},{"data":"Sweeping Beam","floor":15,"key":"SMITH"},{"data":"Defragment","floor":27,"key":"SMITH"},{"data":"Darkness","floor":30,"key":"SMITH"},{"floor":32,"key":"REST"},{"floor":42,"key":"RECALL"},{"data":"Blizzard","floor":45,"key":"SMITH"},{"data":"Machine Learning","floor":49,"key":"SMITH"},{"data":"Coolheaded","floor":53,"key":"SMITH"}],"neow_cost":"TEN_PERCENT_HP_LOSS","seed_source_timestamp":6798222192132,"circlet_count":0,"master_deck":["AscendersBane","Defend_B","Defend_B","Defend_B","Defend_B","Zap+1","Dualcast","Sweeping Beam+1","Glacier","FTL+1","Streamline","Rainbow","Fusion+1","Echo Form","Go for the Eyes","Bite","Bite","Bite","Ghostly","Ghostly","Ghostly","Darkness+1","Coolheaded+1","Defragment+1","FTL+1","Coolheaded","Machine Learning+1","Loop","Heatsinks","Electrodynamics","Glacier","Undo","Blizzard+1","Hologram+1"],"relics":["Cracked Core","Emotion Chip","Anchor","Happy Flower","Ornamental Fan","Tiny House","Red Mask","Orichalcum","MawBank","Calipers","Philosopher\u0027s Stone","Mummified Hand","Incense Burner","Boot","Runic Capacitor","Sundial"],"potions_floor_usage":[21,21,21,21,21,25,29,31,35,56],"damage_taken":[{"damage":5,"enemies":"2 Louse","floor":1,"turns":2},{"damage":2,"enemies":"Jaw Worm","floor":2,"turns":3},{"damage":5,"enemies":"Small Slimes","floor":3,"turns":3},{"damage":1,"enemies":"2 Fungi Beasts","floor":7,"turns":3},{"damage":8,"enemies":"Gremlin Nob","floor":8,"turns":3},{"damage":5,"enemies":"Lagavulin","floor":11,"turns":4},{"damage":0,"enemies":"Blue Slaver","floor":14,"turns":3},{"damage":27,"enemies":"The Guardian","floor":16,"turns":13},{"damage":15,"enemies":"3 Byrds","floor":18,"turns":6},{"damage":15,"enemies":"Masked Bandits","floor":21,"turns":4},{"damage":5,"enemies":"Spheric Guardian","floor":24,"turns":5},{"damage":0,"enemies":"Gremlin Leader","floor":25,"turns":8},{"damage":18,"enemies":"3 Cultists","floor":28,"turns":6},{"damage":4,"enemies":"Snecko","floor":29,"turns":6},{"damage":15,"enemies":"Slavers","floor":31,"turns":6},{"damage":24,"enemies":"Champ","floor":33,"turns":41},{"damage":11,"enemies":"Orb Walker","floor":35,"turns":5},{"damage":3,"enemies":"3 Shapes","floor":38,"turns":4},{"damage":0,"enemies":"Maw","floor":39,"turns":8},{"damage":6,"enemies":"Reptomancer","floor":40,"turns":8},{"damage":0,"enemies":"3 Darklings","floor":41,"turns":2},{"damage":1,"enemies":"Writhing Mass","floor":44,"turns":7},{"damage":6,"enemies":"Maw","floor":48,"turns":9},{"damage":0,"enemies":"Time Eater","floor":50,"turns":35},{"damage":2,"enemies":"Awakened One","floor":51,"turns":41},{"damage":2,"enemies":"Shield and Spear","floor":55,"turns":12},{"damage":13,"enemies":"The Heart","floor":56,"turns":16}],"seed_played":"-100072580978314557","potions_obtained":[{"floor":2,"key":"GamblersBrew"},{"floor":7,"key":"EntropicBrew"},{"floor":8,"key":"PowerPotion"},{"floor":24,"key":"SkillPotion"},{"floor":28,"key":"Block Potion"},{"floor":31,"key":"Strength Potion"},{"floor":33,"key":"Explosive Potion"},{"floor":35,"key":"Strength Potion"},{"floor":40,"key":"Ancient Potion"},{"floor":48,"key":"Block Potion"},{"floor":55,"key":"Weak Potion"}],"is_trial":false,"path_per_floor":["M","M","M","?","?","R","M","E","T","?","E","?","R","M","R","B",null,"M","?","?","?","?","$","M","E","T","R","M","M","R","E","R","B",null,"M","?","$","M","M","E","M","R","T","M","R","$","?","M","R","B","B",null,"R","$","E","B",null],"character_chosen":"DEFECT","items_purchased":["Coolheaded","Defragment","Orichalcum","Mummified Hand","Heatsinks","Runic Capacitor"],"campfire_rested":1,"item_purchase_floors":[23,23,23,37,37,46],"current_hp_per_floor":[59,57,52,52,41,41,40,32,32,37,32,32,32,32,32,5,58,43,43,25,16,16,16,19,25,25,25,11,17,17,6,13,3,20,15,15,15,16,25,25,25,25,25,25,25,25,25,25,25,25,25,25,25,25,25,20],"gold":64,"neow_bonus":"ONE_RARE_RELIC","is_prod":false,"is_daily":false,"chose_seed":false,"campfire_upgraded":8,"win_rate":0,"timestamp":1550431965,"path_taken":["M","M","M","?","?","R","M","E","T","?","E","?","R","?","R","BOSS","M","?","?","?","?","$","M","E","T","R","M","M","R","E","R","BOSS","M","?","$","M","M","E","M","R","T","M","R","$","?","?","R","BOSS","BOSS","R","$","E","BOSS"],"build_version":"2019-01-23","purchased_purges":2,"victory":true,"max_hp_per_floor":[64,64,64,64,64,64,64,64,64,69,69,69,69,69,69,69,74,74,51,25,25,25,25,25,25,25,25,25,25,25,25,25,25,25,25,25,25,25,25,25,25,25,25,25,25,25,25,25,25,25,25,25,25,25,25,25],"card_choices":[{"not_picked":["Beam Cell","Hologram"],"picked":"Sweeping Beam","floor":1},{"not_picked":["Cold Snap","Heatsinks"],"picked":"Glacier","floor":2},{"not_picked":["Go for the Eyes","Blizzard"],"picked":"FTL","floor":3},{"not_picked":["Hologram","Steam"],"picked":"Streamline","floor":7},{"not_picked":["Steam Power","Hello World"],"picked":"Rainbow","floor":8},{"not_picked":["Rebound","Force Field"],"picked":"Fusion","floor":11},{"not_picked":["Steam","Redo","Barrage"],"picked":"SKIP","floor":14},{"not_picked":["Rainbow","Seek"],"picked":"Echo Form","floor":16},{"not_picked":["Rebound","Stack"],"picked":"Go for the Eyes","floor":17},{"not_picked":["Rebound","Barrage","Steam"],"picked":"SKIP","floor":18},{"not_picked":["Reprogram","Gash"],"picked":"Darkness","floor":21},{"not_picked":["Beam Cell","BootSequence","Darkness"],"picked":"SKIP","floor":24},{"not_picked":["Chaos","Rainbow"],"picked":"FTL+1","floor":25},{"not_picked":["Rebound","Stack","Auto Shields"],"picked":"SKIP","floor":28},{"not_picked":["Beam Cell","Rebound","Storm"],"picked":"SKIP","floor":29},{"not_picked":["Ball Lightning","Rebound"],"picked":"Coolheaded","floor":31},{"not_picked":["Reboot","Amplify"],"picked":"Machine Learning","floor":33},{"not_picked":["Conserve Battery","Beam Cell"],"picked":"Loop","floor":35},{"not_picked":["Cold Snap","Rebound+1","Steam"],"picked":"SKIP","floor":38},{"not_picked":["Streamline+1","Rebound+1"],"picked":"Electrodynamics","floor":39},{"not_picked":["Hologram","Rebound"],"picked":"Glacier","floor":40},{"not_picked":["Barrage","Sunder"],"picked":"Undo","floor":41},{"not_picked":["Streamline","Beam Cell+1"],"picked":"Blizzard","floor":44},{"not_picked":["Doom and Gloom","Beam Cell+1"],"picked":"Hologram+1","floor":48},{"not_picked":["Gash","Hologram","BootSequence"],"picked":"SKIP","floor":55}],"player_experience":1154902,"relics_obtained":[{"floor":8,"key":"Anchor"},{"floor":9,"key":"Happy Flower"},{"floor":11,"key":"Ornamental Fan"},{"floor":21,"key":"Red Mask"},{"floor":25,"key":"MawBank"},{"floor":31,"key":"Calipers"},{"floor":40,"key":"Incense Burner"},{"floor":43,"key":"Boot"},{"floor":55,"key":"Sundial"}],"event_choices":[{"cards_removed":["Strike_B"],"damage_healed":0,"gold_gain":0,"player_choice":"Card Removal","damage_taken":0,"max_hp_gain":0,"max_hp_loss":0,"event_name":"The Cleric","floor":4,"gold_loss":75},{"damage_healed":0,"gold_gain":75,"player_choice":"Gather Gold","damage_taken":11,"max_hp_gain":0,"max_hp_loss":0,"event_name":"World of Goop","floor":5,"gold_loss":0},{"damage_healed":0,"gold_gain":0,"player_choice":"Donut","damage_taken":0,"max_hp_gain":5,"max_hp_loss":0,"event_name":"Big Fish","floor":10,"gold_loss":0},{"damage_healed":0,"gold_gain":0,"player_choice":"Ignored","damage_taken":0,"max_hp_gain":0,"max_hp_loss":0,"event_name":"Liars Game","floor":12,"gold_loss":0},{"damage_healed":0,"gold_gain":0,"player_choice":"Became a vampire","damage_taken":0,"max_hp_gain":0,"max_hp_loss":23,"event_name":"Vampires","floor":19,"gold_loss":0,"cards_obtained":["Bite","Bite","Bite","Bite","Bite"]},{"damage_healed":0,"gold_gain":0,"player_choice":"Became a Ghost","damage_taken":0,"max_hp_gain":0,"max_hp_loss":26,"event_name":"Ghosts","floor":20,"gold_loss":0,"cards_obtained":["Ghostly","Ghostly","Ghostly"]},{"damage_healed":0,"gold_gain":0,"player_choice":"Fought Bandits","damage_taken":0,"max_hp_gain":0,"max_hp_loss":0,"event_name":"Masked Bandits","floor":21,"gold_loss":0},{"damage_healed":0,"gold_gain":0,"player_choice":"Ignored","damage_taken":0,"max_hp_gain":0,"max_hp_loss":0,"event_name":"Cursed Tome","floor":22,"gold_loss":0},{"damage_healed":0,"gold_gain":222,"player_choice":"Wore Mask","damage_taken":0,"max_hp_gain":0,"max_hp_loss":0,"event_name":"Tomb of Lord Red Mask","floor":36,"gold_loss":0},{"damage_healed":0,"gold_gain":0,"player_choice":"0 cards matched","damage_taken":0,"max_hp_gain":0,"max_hp_loss":0,"event_name":"Match and Keep!","floor":47,"gold_loss":0,"cards_obtained":[]}],"is_beta":false,"boss_relics":[{"not_picked":["Calling Bell","Runic Dome"],"picked":"Tiny House"},{"not_picked":["Sozu","Eternal Feather"],"picked":"Philosopher\u0027s Stone"}],"items_purged_floors":[23,46],"is_endless":false,"potions_floor_spawned":[2,7,8,14,24,28,31,33,35,39,40,48,55],"ascension_level":20}