{"path_per_floor":["M","M","?","?","M","E","R","E","T","R","T","M","E","$","R","B",null,"M","M","M","?","?","R"],"character_chosen":"DEFECT","items_purchased":["Loop+1"],"gold_per_floor":[10,26,26,26,36,66,66,91,91,91,91,102,127,49,49,149,149,160,173,188,111,111,111,111],"floor_reached":24,"campfire_rested":4,"playtime":1624,"item_purchase_floors":[14],"current_hp_per_floor":[73,72,72,72,72,34,56,34,34,56,56,56,44,44,66,28,75,56,28,7,7,7,29,0],"items_purged":[],"gold":111,"score":246,"play_id":"b07dd18f-9dc4-4eff-b8a4-26bea430c8ba","local_time":"20180610175950","is_prod":false,"is_daily":false,"chose_seed":false,"is_ascension_mode":true,"campfire_upgraded":0,"win_rate":0,"timestamp":1528664390,"campfire_choices":[{"floor":7,"key":"REST"},{"floor":10,"key":"REST"},{"floor":15,"key":"REST"},{"floor":23,"key":"REST"}],"path_taken":["M","M","?","?","M","E","R","E","T","R","?","?","E","$","R","BOSS","M","?","M","?","?","R","?"],"build_version":"2018-06-07v3","seed_source_timestamp":507439002640001,"purchased_purges":0,"victory":false,"master_deck":["Strike_B","Strike_B","Strike_B","Strike_B","Defend_B","Defend_B","Defend_B","Defend_B","Zap+1","Dualcast","Coolheaded","Leap","Darkness","Doom and Gloom","Recycle","Seek","Rebound","Loop+1","Echo Form+1","Redo+1","Capacitor+1","J.A.X.","Conserve Battery","RitualDagger"],"max_hp_per_floor":[75,75,75,75,75,75,75,75,75,75,75,75,75,75,75,75,75,75,75,75,75,75,75,75],"relics":["Cracked Core","Dead Branch","Happy Flower","Frozen Egg 2","Ancient Tea Set","Matryoshka","Shuriken","Nuclear Battery"],"card_choices":[{"not_picked":["Aggregate","Gash"],"picked":"Coolheaded","floor":1},{"not_picked":["Gash","Reprogram"],"picked":"Leap","floor":2},{"not_picked":["Go for the Eyes","Streamline"],"picked":"Darkness","floor":5},{"not_picked":["Rebound","Fusion"],"picked":"Doom and Gloom","floor":6},{"not_picked":["Coolheaded","Gash"],"picked":"Recycle","floor":8},{"not_picked":["Scrape","Sweeping Beam"],"picked":"Seek","floor":12},{"not_picked":["Barrage","Beam Cell"],"picked":"Rebound","floor":13},{"not_picked":["All For One","Multi-Cast"],"picked":"Echo Form+1","floor":16},{"not_picked":["Undo","Turbo"],"picked":"Conserve Battery+1","floor":18},{"not_picked":["Leap","Steam+1"],"picked":"Redo+1","floor":19},{"not_picked":["Gash","Steam"],"picked":"Capacitor+1","floor":20}],"player_experience":324696,"potions_floor_usage":[13,19],"damage_taken":[{"damage":2,"enemies":"Jaw Worm","floor":1,"turns":3},{"damage":1,"enemies":"2 Louse","floor":2,"turns":2},{"damage":0,"enemies":"Cultist","floor":5,"turns":3},{"damage":38,"enemies":"Gremlin Nob","floor":6,"turns":5},{"damage":22,"enemies":"3 Sentries","floor":8,"turns":6},{"damage":0,"enemies":"3 Louse","floor":12,"turns":2},{"damage":12,"enemies":"Lagavulin","floor":13,"turns":5},{"damage":38,"enemies":"The Guardian","floor":16,"turns":9},{"damage":19,"enemies":"Spheric Guardian","floor":18,"turns":4},{"damage":28,"enemies":"3 Byrds","floor":19,"turns":4},{"damage":21,"enemies":"Centurion and Healer","floor":20,"turns":9},{"damage":34,"enemies":"Snecko","floor":24,"turns":4}],"relics_obtained":[{"floor":6,"key":"Happy Flower"},{"floor":8,"key":"Frozen Egg 2"},{"floor":9,"key":"Ancient Tea Set"},{"floor":11,"key":"Matryoshka"},{"floor":13,"key":"Shuriken"}],"event_choices":[{"event_name":"The Cleric","player_choice":"Leave","floor":3,"damage_taken":0},{"event_name":"Living Wall","player_choice":"Grow","floor":4,"damage_taken":0},{"event_name":"Drug Dealer","player_choice":"Got JAXXED","floor":21,"damage_taken":0},{"event_name":"Nest","player_choice":"Joined the Cult","floor":22,"damage_taken":0}],"boss_relics":[{"not_picked":["Snecko Eye","Astrolabe"],"picked":"Nuclear Battery"}],"items_purged_floors":[],"potions_floor_spawned":[1,6,18],"seed_played":"1386426544643456381","killed_by":"Snecko","ascension_level":3,"potions_obtained":[{"floor":1,"key":"Energy Potion"},{"floor":6,"key":"SpeedPotion"},{"floor":18,"key":"GamblersBrew"}],"is_trial":false}