{"gold_per_floor":[118,293,309,26,40,73,73,101,101,115,134,134,134,154,154,258,258,245,265,191,191,202,214,214,214,240,240,240,257,277,2,2,2],"floor_reached":33,"playtime":1552,"items_purged":["Doubt","Doubt"],"score":298,"play_id":"401b9a4d-bd2b-4eb7-a93e-990e2e675649","local_time":"20190514161204","is_ascension_mode":true,"campfire_choices":[{"floor":7,"key":"REST"},{"floor":13,"key":"REST"},{"data":"Caltrops","floor":15,"key":"SMITH"},{"floor":24,"key":"REST"},{"floor":28,"key":"REST"},{"floor":32,"key":"REST"}],"neow_cost":"NONE","seed_source_timestamp":514914388889500,"circlet_count":0,"master_deck":["Defend_G","Defend_G","Defend_G","Defend_G+1","Defend_G","Strike_G","Strike_G","Strike_G","Strike_G","Strike_G+1","Survivor","Neutralize+1","Sucker Punch","Well Laid Plans","Footwork","Flying Knee","Leg Sweep+1","Caltrops+1","Dagger Throw","Dagger Spray","Quick Slash","Backflip","Parasite","Backstab","Acrobatics","Adrenaline","PiercingWail+1","Caltrops+1","Riddle With Holes","Corpse Explosion","Deflect+1","Terror+1","Poisoned Stab","Backflip+1"],"relics":["Velvet Choker","Membership Card","Dream Catcher","Frozen Egg 2","War Paint","Cursed Key","Calipers","Whetstone","Ornamental Fan","Sling"],"potions_floor_usage":[23,30],"damage_taken":[{"damage":4,"enemies":"Jaw Worm","floor":1,"turns":5},{"damage":0,"enemies":"Small Slimes","floor":3,"turns":3},{"damage":0,"enemies":"2 Louse","floor":5,"turns":3},{"damage":48,"enemies":"Gremlin Nob","floor":6,"turns":7},{"damage":30,"enemies":"3 Sentries","floor":8,"turns":10},{"damage":3,"enemies":"Lots of Slimes","floor":10,"turns":3},{"damage":1,"enemies":"Exordium Thugs","floor":11,"turns":4},{"damage":8,"enemies":"2 Fungi Beasts","floor":14,"turns":4},{"damage":1,"enemies":"The Guardian","floor":16,"turns":12},{"damage":21,"enemies":"2 Thieves","floor":18,"turns":4},{"damage":12,"enemies":"Spheric Guardian","floor":19,"turns":4},{"damage":24,"enemies":"Snake Plant","floor":22,"turns":4},{"damage":9,"enemies":"Chosen and Byrds","floor":23,"turns":4},{"damage":4,"enemies":"Shelled Parasite and Fungi","floor":29,"turns":6},{"damage":9,"enemies":"Centurion and Healer","floor":30,"turns":5},{"damage":54,"enemies":"Collector","floor":33,"turns":6}],"seed_played":"-2823230454660091897","potions_obtained":[{"floor":6,"key":"EssenceOfSteel"},{"floor":10,"key":"GamblersBrew"},{"floor":11,"key":"LiquidBronze"},{"floor":16,"key":"Strength Potion"},{"floor":29,"key":"Weak Potion"}],"is_trial":false,"path_per_floor":["M","?","M","$","M","E","R","E","T","M","M","?","R","M","R","B",null,"M","M","$","?","M","M","R","?","T","?","R","M","M","$","R","B"],"character_chosen":"THE_SILENT","items_purchased":["Membership Card","Footwork","Flying Knee","Caltrops+1","Riddle With Holes","Ornamental Fan","Sling"],"campfire_rested":5,"item_purchase_floors":[4,4,4,20,20,31,31],"current_hp_per_floor":[66,66,66,66,66,18,39,9,9,6,5,22,43,35,35,34,70,49,37,37,37,13,4,25,25,25,12,34,30,21,21,43,0],"gold":2,"neow_bonus":"BOSS_RELIC","is_prod":false,"is_daily":false,"chose_seed":false,"campfire_upgraded":1,"win_rate":0,"timestamp":1557864724,"path_taken":["M","?","M","$","M","E","R","E","T","M","M","?","R","M","R","BOSS","M","M","$","?","?","M","R","?","T","?","R","M","M","$","R","BOSS"],"build_version":"2019-01-23","purchased_purges":2,"victory":false,"max_hp_per_floor":[70,70,70,70,70,70,70,70,70,70,70,70,70,70,70,70,70,70,70,70,70,70,70,70,70,70,75,75,75,75,75,75,75],"card_choices":[{"not_picked":["Deadly Poison","Dodge and Roll"],"picked":"Sucker Punch","floor":1},{"not_picked":["Blade Dance","Underhanded Strike"],"picked":"Well Laid Plans","floor":3},{"not_picked":["Endless Agony","Calculated Gamble"],"picked":"Leg Sweep","floor":5},{"not_picked":["After Image","Deflect"],"picked":"Caltrops","floor":6},{"not_picked":["Flying Knee","Sucker Punch"],"picked":"Dagger Throw","floor":7},{"not_picked":["Deadly Poison","Reflex"],"picked":"Dagger Spray","floor":8},{"not_picked":["Dagger Throw","Bullet Time"],"picked":"Quick Slash","floor":10},{"not_picked":["Flechettes","Poisoned Stab"],"picked":"Backflip","floor":11},{"not_picked":["Accuracy+1","Bouncing Flask"],"picked":"Backstab","floor":13},{"not_picked":["Choke","Blade Dance"],"picked":"Acrobatics","floor":14},{"not_picked":["Grand Finale","A Thousand Cuts+1"],"picked":"Adrenaline","floor":16},{"not_picked":["Acrobatics","Dagger Throw","Outmaneuver+1"],"picked":"SKIP","floor":18},{"not_picked":["Dagger Spray","Blade Dance+1"],"picked":"PiercingWail+1","floor":19},{"not_picked":["Flying Knee","Quick Slash+1"],"picked":"Corpse Explosion","floor":22},{"not_picked":["Deadly Poison","Outmaneuver+1","Sucker Punch"],"picked":"SKIP","floor":23},{"not_picked":["Calculated Gamble+1","Flying Knee"],"picked":"Deflect+1","floor":28},{"not_picked":["Blur","Poisoned Stab"],"picked":"Terror+1","floor":29},{"not_picked":["Backflip","Acrobatics"],"picked":"Poisoned Stab","floor":30},{"not_picked":["Expertise","Dagger Spray"],"picked":"Backflip+1","floor":32}],"player_experience":189579,"relics_obtained":[{"floor":6,"key":"Dream Catcher"},{"floor":8,"key":"Frozen Egg 2"},{"floor":9,"key":"War Paint"},{"floor":26,"key":"Whetstone"}],"event_choices":[{"damage_healed":0,"gold_gain":175,"player_choice":"AGREE","damage_taken":0,"max_hp_gain":0,"max_hp_loss":0,"event_name":"Liars Game","floor":2,"gold_loss":0,"cards_obtained":["Doubt"]},{"damage_healed":17,"gold_gain":0,"player_choice":"Healed and dodged fight","damage_taken":0,"max_hp_gain":0,"max_hp_loss":0,"event_name":"Mushrooms","floor":12,"gold_loss":0,"cards_obtained":["Parasite"]},{"damage_healed":0,"gold_gain":0,"player_choice":"Gave Potion","damage_taken":0,"relics_obtained":["Calipers"],"max_hp_gain":0,"max_hp_loss":0,"event_name":"WeMeetAgain","floor":21,"gold_loss":0},{"damage_healed":0,"gold_gain":0,"player_choice":"Ignored","damage_taken":0,"max_hp_gain":0,"max_hp_loss":0,"event_name":"Ghosts","floor":25,"gold_loss":0},{"damage_healed":0,"gold_gain":0,"player_choice":"Shed Blood","damage_taken":18,"max_hp_gain":5,"max_hp_loss":0,"event_name":"Forgotten Altar","floor":27,"gold_loss":0}],"is_beta":false,"boss_relics":[{"not_picked":["Empty Cage","Runic Dome"],"picked":"Cursed Key"}],"items_purged_floors":[4,31],"is_endless":false,"potions_floor_spawned":[6,10,11,16,19,29],"killed_by":"Collector","ascension_level":3}