{"gold_per_floor":[111,122,44,63,132,163,163,191,191,206,35,54,68,95,95,191,191,204,0,19,37,37,96,96,126,152,152,171,171,204,231,243,355,417,442,454,481,505,517,564,576,616,628,667,679,719,750,762,774,786,798,810,1,35,35],"floor_reached":56,"playtime":5603,"items_purged":["Strike_G"],"score":1712,"play_id":"97e1f16e-9a5d-4aea-be20-608e6390bd2f","local_time":"20190307230700","is_ascension_mode":true,"campfire_choices":[{"data":"Neutralize","floor":7,"key":"SMITH"},{"data":"Well Laid Plans","floor":15,"key":"SMITH"},{"data":"Burst","floor":27,"key":"SMITH"},{"data":"Leg Sweep","floor":29,"key":"SMITH"},{"data":"Choke","floor":32,"key":"SMITH"},{"data":"Backflip","floor":41,"key":"SMITH"},{"data":"Predator","floor":45,"key":"SMITH"},{"floor":49,"key":"RECALL"},{"data":"Survivor","floor":52,"key":"SMITH"}],"neow_cost":"TEN_PERCENT_HP_LOSS","seed_source_timestamp":27369212122327,"circlet_count":0,"master_deck":["Defend_G+1","Defend_G","Defend_G","Defend_G","Strike_G","Strike_G","Strike_G","Survivor+1","Neutralize+1","Predator+1","Dagger Throw","Well Laid Plans+1","Backflip+1","Predator","Heel Hook","Burst+1","Infinite Blades+1","Accuracy+1","Footwork+1","Noxious Fumes+1","Leg Sweep+1","Infinite Blades+1","Bullet Time","Footwork+1","Backflip+1","Choke+1","PiercingWail+1","Leg Sweep+1","Cloak And Dagger+1","PiercingWail+1","Night Terror+1","Blur+1","Terror+1","Flying Knee+1","Blur+1","Masterful Stab","Crippling Poison+1","Cloak And Dagger+1","Calculated Gamble+1","Venomology+1","Tactician+1"],"relics":["Ring of the Snake","Frozen Egg 2","Kunai","The Courier","Sundial","Snecko Eye","Bottled Lightning","Tiny Chest","Toxic Egg 2","Centennial Puzzle","Happy Flower","MawBank","Tiny House","Gremlin Horn","Potion Belt","Strawberry","Omamori","Art of War","Blood Vial","Boot","Bronze Scales","Bottled Tornado"],"potions_floor_usage":[6,12,21,35,50,54,55,55,55,55,55],"damage_taken":[{"damage":1,"enemies":"Cultist","floor":1,"turns":5},{"damage":0,"enemies":"2 Louse","floor":2,"turns":2},{"damage":0,"enemies":"Jaw Worm","floor":4,"turns":3},{"damage":3,"enemies":"3 Sentries","floor":6,"turns":10},{"damage":12,"enemies":"Gremlin Nob","floor":8,"turns":4},{"damage":5,"enemies":"Lots of Slimes","floor":10,"turns":5},{"damage":10,"enemies":"3 Louse","floor":12,"turns":3},{"damage":6,"enemies":"Exordium Wildlife","floor":13,"turns":5},{"damage":0,"enemies":"Lagavulin","floor":14,"turns":6},{"damage":0,"enemies":"The Guardian","floor":16,"turns":9},{"damage":0,"enemies":"Chosen","floor":18,"turns":4},{"damage":0,"enemies":"Spheric Guardian","floor":20,"turns":3},{"damage":4,"enemies":"Snecko","floor":21,"turns":4},{"damage":16,"enemies":"Gremlin Leader","floor":23,"turns":8},{"damage":0,"enemies":"Slavers","floor":25,"turns":5},{"damage":0,"enemies":"3 Cultists","floor":28,"turns":4},{"damage":4,"enemies":"Gremlin Leader","floor":30,"turns":8},{"damage":0,"enemies":"Chosen and Byrds","floor":31,"turns":5},{"damage":0,"enemies":"Automaton","floor":33,"turns":9},{"damage":5,"enemies":"Orb Walker","floor":35,"turns":3},{"damage":0,"enemies":"3 Darklings","floor":37,"turns":6},{"damage":0,"enemies":"4 Shapes","floor":38,"turns":5},{"damage":0,"enemies":"Nemesis","floor":40,"turns":7},{"damage":2,"enemies":"Reptomancer","floor":42,"turns":7},{"damage":0,"enemies":"Giant Head","floor":44,"turns":9},{"damage":0,"enemies":"Nemesis","floor":46,"turns":9},{"damage":0,"enemies":"Sphere and 2 Shapes","floor":47,"turns":4},{"damage":0,"enemies":"Awakened One","floor":50,"turns":17},{"damage":13,"enemies":"Shield and Spear","floor":54,"turns":9},{"damage":43,"enemies":"The Heart","floor":55,"turns":11}],"seed_played":"4800169268604388049","potions_obtained":[{"floor":4,"key":"Fire Potion"},{"floor":6,"key":"GamblersBrew"},{"floor":10,"key":"FearPotion"},{"floor":16,"key":"Dexterity Potion"},{"floor":18,"key":"FearPotion"},{"floor":20,"key":"Weak Potion"},{"floor":30,"key":"Swift Potion"},{"floor":34,"key":"SkillPotion"},{"floor":35,"key":"Swift Potion"},{"floor":36,"key":"Ancient Potion"},{"floor":44,"key":"GhostInAJar"}],"is_trial":false,"path_per_floor":["M","M","$","M","?","E","R","E","T","M","$","M","M","E","R","B",null,"M","$","M","M","?","E","T","E","T","R","M","R","E","M","R","B",null,"M","?","M","M","T","E","R","E","T","E","R","E","M","?","R","B",null,"R","$","E","B",null],"character_chosen":"THE_SILENT","items_purchased":["Well Laid Plans","Infinite Blades+1","Accuracy+1","Footwork+1","Bottled Lightning","Energy Potion","GamblersBrew","GhostInAJar","Calculated Gamble+1","Venomology+1","Blood Vial","Boot","Bronze Scales","Tactician+1"],"campfire_rested":0,"item_purchase_floors":[3,11,11,11,19,53,53,53,53,53,53,53,53,53],"current_hp_per_floor":[62,62,62,62,62,59,59,47,47,42,42,32,26,26,26,26,63,63,63,63,59,59,43,43,43,43,43,43,43,39,39,39,39,68,63,63,63,63,63,63,63,68,68,68,68,68,68,68,68,68,75,75,75,62,36],"gold":35,"neow_bonus":"REMOVE_TWO","is_prod":false,"is_daily":false,"chose_seed":false,"campfire_upgraded":8,"win_rate":0,"timestamp":1552018020,"path_taken":["M","M","?","M","?","E","R","E","T","?","?","M","M","E","R","BOSS","M","$","M","M","?","E","?","E","T","R","?","R","E","M","R","BOSS","M","?","?","M","?","E","R","E","T","E","R","E","M","?","R","BOSS","R","$","E","BOSS"],"build_version":"2019-02-06","purchased_purges":1,"victory":true,"max_hp_per_floor":[63,63,63,63,63,63,63,63,63,63,63,63,63,63,63,63,63,63,63,63,63,63,63,63,63,63,63,63,63,63,63,63,63,68,68,68,68,68,68,68,68,75,75,75,75,75,75,75,75,75,75,75,75,75,75],"card_choices":[{"not_picked":["Deflect","Caltrops"],"picked":"Predator","floor":1},{"not_picked":["Catalyst","Expertise"],"picked":"Dagger Throw","floor":2},{"not_picked":["Prepared","Outmaneuver"],"picked":"Backflip","floor":4},{"not_picked":["Prepared","Eviscerate"],"picked":"Predator","floor":6},{"not_picked":["Quick Slash","Cloak And Dagger"],"picked":"Heel Hook","floor":8},{"not_picked":["Cloak And Dagger","Slice"],"picked":"Burst","floor":10},{"not_picked":["Slice","Setup"],"picked":"Noxious Fumes+1","floor":12},{"not_picked":["Dagger Throw","Prepared"],"picked":"Leg Sweep","floor":13},{"not_picked":["Blade Dance","Underhanded Strike"],"picked":"Infinite Blades+1","floor":14},{"not_picked":["Envenom+1","Wraith Form v2+1"],"picked":"Bullet Time","floor":16},{"not_picked":["Concentrate","Deadly Poison","Dagger Throw"],"picked":"SKIP","floor":18},{"not_picked":["Blade Dance","Outmaneuver"],"picked":"Footwork+1","floor":20},{"not_picked":["Dagger Spray","PiercingWail"],"picked":"Backflip+1","floor":21},{"not_picked":["Heel Hook+1","Dagger Throw"],"picked":"Choke","floor":23},{"not_picked":["Storm of Steel+1","Sucker Punch"],"picked":"PiercingWail+1","floor":25},{"not_picked":["Prepared+1","All Out Attack"],"picked":"Leg Sweep+1","floor":28},{"not_picked":["Deflect+1","Noxious Fumes+1"],"picked":"Cloak And Dagger+1","floor":30},{"not_picked":["Choke","Underhanded Strike"],"picked":"PiercingWail+1","floor":31},{"not_picked":["Malaise+1","Bullet Time+1"],"picked":"Night Terror+1","floor":33},{"not_picked":["Bane","Cloak And Dagger+1"],"picked":"Blur+1","floor":34},{"not_picked":["All Out Attack","Footwork+1","Underhanded Strike+1"],"picked":"SKIP","floor":35},{"not_picked":["Outmaneuver+1","Riddle With Holes+1"],"picked":"Terror+1","floor":37},{"not_picked":["Heel Hook","Dagger Throw"],"picked":"Flying Knee+1","floor":38},{"not_picked":["Finisher","Sucker Punch","Flechettes+1"],"picked":"SKIP","floor":40},{"not_picked":["Blade Dance+1","PiercingWail+1"],"picked":"Blur+1","floor":42},{"not_picked":["Sucker Punch","Footwork+1"],"picked":"Masterful Stab","floor":44},{"not_picked":["Slice","Prepared+1"],"picked":"Crippling Poison+1","floor":46},{"not_picked":["Masterful Stab","Deflect+1"],"picked":"Cloak And Dagger+1","floor":47},{"not_picked":["PiercingWail+1","Deflect+1","Dagger Throw+1"],"picked":"SKIP","floor":54}],"player_experience":4850957,"relics_obtained":[{"floor":6,"key":"Frozen Egg 2"},{"floor":8,"key":"Kunai"},{"floor":9,"key":"The Courier"},{"floor":14,"key":"Sundial"},{"floor":23,"key":"Tiny Chest"},{"floor":24,"key":"Toxic Egg 2"},{"floor":25,"key":"Centennial Puzzle"},{"floor":26,"key":"Happy Flower"},{"floor":30,"key":"MawBank"},{"floor":39,"key":"Gremlin Horn"},{"floor":40,"key":"Potion Belt"},{"floor":42,"key":"Strawberry"},{"floor":44,"key":"Omamori"},{"floor":46,"key":"Art of War"},{"floor":54,"key":"Bottled Tornado"}],"event_choices":[{"damage_healed":0,"gold_gain":69,"player_choice":"Gained Gold","damage_taken":0,"max_hp_gain":0,"max_hp_loss":0,"event_name":"Golden Wing","floor":5,"gold_loss":0},{"damage_healed":0,"gold_gain":0,"player_choice":"Ignored","damage_taken":0,"max_hp_gain":0,"max_hp_loss":0,"event_name":"Vampires","floor":22,"gold_loss":0},{"damage_healed":0,"gold_gain":0,"player_choice":"Got Potions","damage_taken":0,"max_hp_gain":0,"max_hp_loss":0,"event_name":"Lab","floor":36,"gold_loss":0},{"damage_healed":0,"gold_gain":0,"player_choice":"Ignored","damage_taken":0,"max_hp_gain":0,"max_hp_loss":0,"event_name":"Tomb of Lord Red Mask","floor":48,"gold_loss":0}],"is_beta":true,"boss_relics":[{"not_picked":["Fusion Hammer","Ring of the Serpent"],"picked":"Snecko Eye"},{"not_picked":["Calling Bell","Velvet Choker"],"picked":"Tiny House"}],"items_purged_floors":[53],"is_endless":false,"potions_floor_spawned":[4,6,10,16,18,20,30,31,35,38,44,54],"ascension_level":1}