{"gold_per_floor":[113,113,133,151,226,255,255,255,330,330,341,341,359,388,388,488,488,506,461,461,481,481,481,512,512,539,566,566,566,585,598,598,694,694,706,928,709,709,721,721,734,762,762,762,762,775,775,875,875,875],"floor_reached":50,"playtime":2203,"items_purged":["Reprogram"],"score":585,"play_id":"86697a16-44f7-4aff-92be-f3f021100f18","local_time":"20190429194447","is_ascension_mode":true,"campfire_choices":[{"data":"Zap","floor":8,"key":"SMITH"},{"data":"Leap","floor":10,"key":"SMITH"},{"data":"Dualcast","floor":12,"key":"SMITH"},{"floor":15,"key":"REST"},{"data":"RitualDagger","floor":23,"key":"SMITH"},{"data":"Beam Cell","floor":25,"key":"SMITH"},{"floor":32,"key":"REST"},{"data":"Coolheaded","floor":40,"key":"SMITH"},{"data":"Coolheaded","floor":44,"key":"SMITH"},{"floor":49,"key":"REST"}],"neow_cost":"NONE","seed_source_timestamp":1536086278796000,"circlet_count":0,"master_deck":["Zap+1","Dualcast+1","Leap+1","Barrage","Gash","Beam Cell+1","Chill+1","Hologram","Ball Lightning","Go for the Eyes","Thunder Strike","Turbo","Scrape","Steam Power","Coolheaded+1","Coolheaded+1","Glacier","Loop+1","Cold Snap","Conserve Battery","Gash","RitualDagger+1","Cold Snap+1","Buffer","Steam+1","Sweeping Beam","BootSequence","Madness","Madness"],"relics":["Cracked Core","Ancient Tea Set","Anchor","Symbiotic Virus","Odd Mushroom","Pandora\u0027s Box","Art of War","Strawberry","Red Mask","Sozu","Happy Flower","Sundial","Juzu Bracelet","Emotion Chip"],"potions_floor_usage":[33,42],"damage_taken":[{"damage":1,"enemies":"Cultist","floor":1,"turns":3},{"damage":0,"enemies":"Jaw Worm","floor":3,"turns":3},{"damage":9,"enemies":"Small Slimes","floor":4,"turns":4},{"damage":9,"enemies":"Gremlin Nob","floor":6,"turns":4},{"damage":0,"enemies":"Exordium Wildlife","floor":11,"turns":3},{"damage":6,"enemies":"Blue Slaver","floor":13,"turns":3},{"damage":4,"enemies":"The Mushroom Lair","floor":14,"turns":3},{"damage":24,"enemies":"Slime Boss","floor":16,"turns":8},{"damage":6,"enemies":"Shell Parasite","floor":18,"turns":6},{"damage":0,"enemies":"Chosen","floor":21,"turns":4},{"damage":25,"enemies":"Slavers","floor":24,"turns":7},{"damage":8,"enemies":"Masked Bandits","floor":27,"turns":5},{"damage":6,"enemies":"Snecko","floor":30,"turns":7},{"damage":16,"enemies":"Cultist and Chosen","floor":31,"turns":5},{"damage":25,"enemies":"Collector","floor":33,"turns":14},{"damage":0,"enemies":"Orb Walker","floor":35,"turns":4},{"damage":1,"enemies":"3 Shapes","floor":39,"turns":4},{"damage":3,"enemies":"Jaw Worm Horde","floor":41,"turns":6},{"damage":43,"enemies":"Reptomancer","floor":42,"turns":10},{"damage":37,"enemies":"Sphere and 2 Shapes","floor":46,"turns":5},{"damage":11,"enemies":"Mind Bloom Boss Battle","floor":48,"turns":8},{"damage":51,"enemies":"Donu and Deca","floor":50,"turns":7}],"seed_played":"-1085668665589462895","potions_obtained":[{"floor":4,"key":"FocusPotion"},{"floor":6,"key":"FearPotion"},{"floor":11,"key":"Energy Potion"}],"is_trial":false,"path_per_floor":["M","?","M","M","?","E","?","R","T","R","M","R","M","?","R","B",null,"M","$","?","M","?","R","E","R","T","?","?","?","M","M","R","B",null,"M","?","$","?","M","R","M","E","T","R","?","M","?","?","R","B"],"character_chosen":"DEFECT","items_purchased":["Cold Snap","Happy Flower"],"campfire_rested":3,"item_purchase_floors":[19,37],"current_hp_per_floor":[74,74,74,65,54,45,30,30,30,30,30,30,24,20,42,18,75,69,69,69,69,63,63,38,38,45,37,37,37,31,15,39,14,82,82,82,82,82,81,81,78,35,35,35,72,35,26,15,36,0],"gold":875,"neow_bonus":"RANDOM_COMMON_RELIC","is_prod":false,"is_daily":false,"chose_seed":false,"campfire_upgraded":7,"win_rate":0,"timestamp":1556581487,"path_taken":["M","?","?","M","?","E","?","R","T","R","M","R","M","?","R","BOSS","M","$","?","M","?","R","E","R","T","?","?","?","M","?","R","BOSS","M","?","$","?","M","R","M","E","T","R","?","M","?","?","R","BOSS"],"build_version":"2019-01-23","purchased_purges":1,"victory":false,"max_hp_per_floor":[75,75,75,75,75,75,75,75,75,75,75,75,75,75,75,75,75,75,75,75,75,75,75,75,75,82,82,82,82,82,82,82,82,82,82,82,82,82,82,82,82,82,82,82,72,72,72,72,72,72],"card_choices":[{"not_picked":["Steam","Hologram"],"picked":"Leap","floor":1},{"not_picked":["Rebound","Leap"],"picked":"Gash","floor":3},{"not_picked":["Scrape","Rebound"],"picked":"Beam Cell","floor":4},{"not_picked":["Creative AI","Leap"],"picked":"Chill","floor":6},{"not_picked":["Sweeping Beam","Tempest"],"picked":"Hologram","floor":11},{"not_picked":["Rebound","Melter"],"picked":"Ball Lightning","floor":13},{"not_picked":["Rebound","Beam Cell"],"picked":"Go for the Eyes","floor":14},{"not_picked":["Reboot","Creative AI"],"picked":"Thunder Strike","floor":16},{"not_picked":["Go for the Eyes","Hologram"],"picked":"Loop+1","floor":18},{"not_picked":["Compile Driver","Rip and Tear+1"],"picked":"Gash","floor":21},{"not_picked":["Self Repair","Conserve Battery"],"picked":"Cold Snap+1","floor":24},{"not_picked":["Cold Snap+1","Ball Lightning","Coolheaded"],"picked":"SKIP","floor":30},{"not_picked":["Biased Cognition","Hologram+1","Aggregate"],"picked":"SKIP","floor":31},{"not_picked":["Meteor Strike","Seek"],"picked":"Buffer","floor":33},{"not_picked":["Static Discharge+1","Scrape","Loop+1"],"picked":"SKIP","floor":35},{"not_picked":["Aggregate+1","Go for the Eyes"],"picked":"Steam+1","floor":39},{"not_picked":["Hologram+1","Redo"],"picked":"Sweeping Beam","floor":41},{"not_picked":["Storm+1","Rebound"],"picked":"BootSequence","floor":42},{"not_picked":["Sweeping Beam+1","Stack+1","Turbo"],"picked":"SKIP","floor":46}],"player_experience":134912,"relics_obtained":[{"floor":6,"key":"Anchor"},{"floor":9,"key":"Symbiotic Virus"},{"floor":14,"key":"Odd Mushroom"},{"floor":24,"key":"Art of War"},{"floor":26,"key":"Strawberry"},{"floor":27,"key":"Red Mask"},{"floor":42,"key":"Sundial"},{"floor":43,"key":"Juzu Bracelet"},{"floor":48,"key":"Emotion Chip"}],"event_choices":[{"damage_healed":0,"gold_gain":0,"cards_transformed":["Strike_B"],"player_choice":"Transformed","damage_taken":0,"max_hp_gain":0,"max_hp_loss":0,"event_name":"Transmorgrifier","floor":2,"gold_loss":0,"cards_obtained":["Barrage"]},{"damage_healed":0,"gold_gain":75,"player_choice":"Gather Gold","damage_taken":11,"max_hp_gain":0,"max_hp_loss":0,"event_name":"World of Goop","floor":5,"gold_loss":0},{"damage_healed":0,"gold_gain":0,"player_choice":"Entered Light","damage_taken":15,"max_hp_gain":0,"max_hp_loss":0,"event_name":"Shining Light","floor":7,"gold_loss":0,"cards_upgraded":["Strike_B","Chill"]},{"damage_healed":0,"gold_gain":0,"player_choice":"Fought Mushrooms","damage_taken":0,"max_hp_gain":0,"max_hp_loss":0,"event_name":"Mushrooms","floor":14,"gold_loss":0},{"damage_healed":0,"gold_gain":0,"player_choice":"Read","damage_taken":0,"max_hp_gain":0,"max_hp_loss":0,"event_name":"The Library","floor":20,"gold_loss":0,"cards_obtained":["Conserve Battery"]},{"damage_healed":0,"gold_gain":0,"player_choice":"Joined the Cult","damage_taken":6,"max_hp_gain":0,"max_hp_loss":0,"event_name":"Nest","floor":22,"gold_loss":0,"cards_obtained":["RitualDagger"]},{"damage_healed":0,"gold_gain":0,"player_choice":"Fought Bandits","damage_taken":0,"max_hp_gain":0,"max_hp_loss":0,"event_name":"Masked Bandits","floor":27,"gold_loss":0},{"damage_healed":0,"gold_gain":0,"player_choice":"Ignored","damage_taken":0,"max_hp_gain":0,"max_hp_loss":0,"event_name":"Ghosts","floor":28,"gold_loss":0},{"damage_healed":0,"gold_gain":0,"player_choice":"Ignored","damage_taken":0,"max_hp_gain":0,"max_hp_loss":0,"event_name":"Vampires","floor":29,"gold_loss":0},{"damage_healed":0,"gold_gain":222,"player_choice":"Wore Mask","damage_taken":0,"max_hp_gain":0,"max_hp_loss":0,"event_name":"Tomb of Lord Red Mask","floor":36,"gold_loss":0},{"damage_healed":0,"gold_gain":0,"player_choice":"Got Potions","damage_taken":0,"max_hp_gain":0,"max_hp_loss":0,"event_name":"Lab","floor":38,"gold_loss":0},{"damage_healed":72,"gold_gain":0,"player_choice":"Heal","damage_taken":0,"max_hp_gain":0,"max_hp_loss":10,"event_name":"The Moai Head","floor":45,"gold_loss":0},{"damage_healed":0,"gold_gain":0,"player_choice":"Embrace Madness","damage_taken":9,"max_hp_gain":0,"max_hp_loss":0,"event_name":"Winding Halls","floor":47,"gold_loss":0,"cards_obtained":["Madness","Madness"]},{"damage_healed":0,"gold_gain":0,"player_choice":"Fight","damage_taken":0,"max_hp_gain":0,"max_hp_loss":0,"event_name":"MindBloom","floor":48,"gold_loss":0}],"is_beta":false,"boss_relics":[{"not_picked":["Velvet Choker","Orrery"],"picked":"Pandora\u0027s Box"},{"not_picked":["Runic Pyramid","Snecko Eye"],"picked":"Sozu"}],"items_purged_floors":[37],"is_endless":false,"potions_floor_spawned":[4,6,11,13,16,24,31,39,46],"killed_by":"Donu and Deca","ascension_level":2}