{"gold_per_floor":[117,117,117,82,95,95,122,122,122,134,151,183,183,196,196,298,298,268,268,144,144,44,44,44,44,44,44,44,44,44,44,44,44],"floor_reached":33,"playtime":947,"items_purged":["Strike_B","Strike_B"],"score":490,"play_id":"30c609eb-059e-4bfc-a2de-eb922768f986","local_time":"20190314005359","is_ascension_mode":true,"campfire_choices":[{"data":"Zap","floor":6,"key":"SMITH"},{"data":"Dualcast","floor":8,"key":"SMITH"},{"data":"Hologram","floor":15,"key":"SMITH"},{"floor":25,"key":"REST"},{"data":"Hologram","floor":29,"key":"SMITH"},{"data":"FTL","floor":32,"key":"SMITH"}],"neow_cost":"NONE","seed_source_timestamp":83852240892831,"circlet_count":0,"master_deck":["AscendersBane","Strike_B","Defend_B","Defend_B","Defend_B","Defend_B","Zap+1","Dualcast+1","Sweeping Beam","Gash","Hologram+1","All For One","Gash","FTL+1","Hologram+1","Go for the Eyes+1"],"relics":["Cracked Core","NeowsBlessing","Unceasing Top","Lantern","Bag of Preparation","Ectoplasm","Bottled Lightning","Prayer Wheel","Orichalcum"],"potions_floor_usage":[12,16,18,28,33],"damage_taken":[{"damage":0,"enemies":"Cultist","floor":1,"turns":1},{"damage":0,"enemies":"Jaw Worm","floor":5,"turns":1},{"damage":0,"enemies":"Lagavulin","floor":7,"turns":1},{"damage":0,"enemies":"Small Slimes","floor":10,"turns":1},{"damage":4,"enemies":"Exordium Wildlife","floor":11,"turns":2},{"damage":23,"enemies":"Gremlin Nob","floor":12,"turns":3},{"damage":4,"enemies":"Gremlin Gang","floor":14,"turns":2},{"damage":45,"enemies":"The Guardian","floor":16,"turns":11},{"damage":12,"enemies":"2 Thieves","floor":18,"turns":2},{"damage":10,"enemies":"Shell Parasite","floor":19,"turns":5},{"damage":34,"enemies":"Slavers","floor":23,"turns":4},{"damage":6,"enemies":"3 Cultists","floor":27,"turns":4},{"damage":14,"enemies":"Book of Stabbing","floor":28,"turns":4},{"damage":66,"enemies":"Automaton","floor":33,"turns":6}],"seed_played":"69634682139451158","potions_obtained":[{"floor":10,"key":"Ancient Potion"},{"floor":11,"key":"Swift Potion"},{"floor":12,"key":"Explosive Potion"},{"floor":14,"key":"Block Potion"},{"floor":18,"key":"SneckoOil"},{"floor":23,"key":"PowerPotion"},{"floor":27,"key":"Block Potion"}],"is_trial":false,"path_per_floor":["M","?","?","?","M","R","E","R","T","M","M","E","?","M","R","B",null,"M","M","$","?","$","E","?","R","T","M","E","R","?","$","R","B"],"character_chosen":"DEFECT","items_purchased":["Gash"],"campfire_rested":1,"item_purchase_floors":[20],"current_hp_per_floor":[68,43,36,54,54,54,54,54,54,54,50,27,85,81,81,36,73,61,51,51,79,79,45,45,70,70,64,50,50,50,50,50,0],"gold":44,"neow_bonus":"THREE_ENEMY_KILL","is_prod":false,"is_daily":false,"chose_seed":false,"campfire_upgraded":5,"win_rate":0,"timestamp":1552535639,"path_taken":["M","?","?","?","?","R","E","R","T","M","M","E","?","M","R","BOSS","M","?","$","?","$","E","?","R","T","M","E","R","?","?","R","BOSS"],"build_version":"2019-01-23","purchased_purges":2,"victory":false,"max_hp_per_floor":[75,75,75,75,75,75,75,75,75,75,75,75,85,85,85,85,85,85,85,85,85,85,85,85,85,85,85,85,85,85,85,85,85],"card_choices":[{"not_picked":["Leap","Ball Lightning"],"picked":"Sweeping Beam","floor":1},{"not_picked":["Reprogram","Reinforced Body"],"picked":"Gash","floor":5},{"not_picked":["Force Field","Reinforced Body"],"picked":"Reboot","floor":7},{"not_picked":["Compile Driver","Self Repair"],"picked":"Hologram","floor":10},{"not_picked":["Barrage","Blizzard","White Noise"],"picked":"SKIP","floor":11},{"not_picked":["Conserve Battery","Coolheaded","Rebound"],"picked":"SKIP","floor":12},{"not_picked":["Tempest","Amplify","Compile Driver"],"picked":"SKIP","floor":14},{"not_picked":["Machine Learning","Rainbow"],"picked":"All For One","floor":16},{"not_picked":["Leap+1","Cold Snap","Stack+1"],"picked":"SKIP","floor":18},{"not_picked":["Barrage","Loop","Auto Shields"],"picked":"SKIP","floor":19},{"not_picked":["Compile Driver","Rebound"],"picked":"FTL","floor":23},{"not_picked":["Turbo","Glacier+1"],"picked":"Hologram","floor":27},{"not_picked":["Rebound","Stack+1","Streamline"],"picked":"SKIP","floor":27},{"not_picked":["Doom and Gloom","Loop"],"picked":"Go for the Eyes+1","floor":28}],"player_experience":934444,"relics_obtained":[{"floor":7,"key":"Lantern"},{"floor":12,"key":"Bag of Preparation"},{"floor":23,"key":"Bottled Lightning"},{"floor":26,"key":"Prayer Wheel"},{"floor":28,"key":"Orichalcum"}],"event_choices":[{"damage_healed":0,"gold_gain":0,"player_choice":"Success","damage_taken":25,"relics_obtained":["Unceasing Top"],"max_hp_gain":0,"max_hp_loss":0,"event_name":"Scrap Ooze","floor":2,"gold_loss":0},{"cards_removed":["Strike_B"],"damage_healed":0,"gold_gain":0,"player_choice":"Card Removal","damage_taken":7,"max_hp_gain":0,"max_hp_loss":0,"event_name":"Golden Wing","floor":3,"gold_loss":0},{"damage_healed":18,"gold_gain":0,"player_choice":"Healed","damage_taken":0,"max_hp_gain":0,"max_hp_loss":0,"event_name":"The Cleric","floor":4,"gold_loss":35},{"cards_removed":["Reboot"],"damage_healed":48,"gold_gain":0,"player_choice":"Offered Rare","damage_taken":0,"max_hp_gain":10,"max_hp_loss":0,"event_name":"Bonfire Elementals","floor":13,"gold_loss":0},{"damage_healed":28,"gold_gain":0,"player_choice":"Heal","damage_taken":0,"max_hp_gain":0,"max_hp_loss":0,"event_name":"The Library","floor":21,"gold_loss":0},{"damage_healed":0,"gold_gain":0,"player_choice":"Ignored","damage_taken":0,"max_hp_gain":0,"max_hp_loss":0,"event_name":"Beggar","floor":24,"gold_loss":0},{"damage_healed":0,"gold_gain":0,"player_choice":"Ignored","damage_taken":0,"max_hp_gain":0,"max_hp_loss":0,"event_name":"Vampires","floor":30,"gold_loss":0}],"is_beta":false,"boss_relics":[{"not_picked":["Eternal Feather","Calling Bell"],"picked":"Ectoplasm"}],"items_purged_floors":[20,22],"is_endless":false,"potions_floor_spawned":[10,11,12,14,18,23,27],"killed_by":"Automaton","ascension_level":11}