{"gold_per_floor":[110,128,56,56,56,56,90,123,123,148,179,179,71,89,89,89],"floor_reached":16,"playtime":395,"items_purged":["Strike_B"],"score":219,"play_id":"a6b50562-1922-40c1-8d7e-899e6d99d6dd","local_time":"20190322022254","is_ascension_mode":true,"campfire_choices":[{"data":"Zap","floor":6,"key":"SMITH"},{"floor":12,"key":"REST"},{"data":"Self Repair","floor":15,"key":"SMITH"}],"neow_cost":"NONE","seed_source_timestamp":94989724382358,"circlet_count":0,"master_deck":["AscendersBane","Strike_B","Strike_B","Strike_B","Defend_B","Defend_B","Defend_B","Defend_B","Zap+1","Dualcast","Glacier","Conserve Battery","Melter","Ball Lightning","Coolheaded","Turbo","Seek","Self Repair+1"],"relics":["Cracked Core","NeowsBlessing","Golden Idol","Letter Opener","Odd Mushroom","Anchor","DataDisk"],"potions_floor_usage":[11,11],"damage_taken":[{"damage":0,"enemies":"Jaw Worm","floor":1,"turns":1},{"damage":0,"enemies":"2 Louse","floor":2,"turns":1},{"damage":0,"enemies":"Lagavulin","floor":7,"turns":1},{"damage":14,"enemies":"The Mushroom Lair","floor":8,"turns":4},{"damage":0,"enemies":"Small Slimes","floor":10,"turns":2},{"damage":36,"enemies":"Gremlin Nob","floor":11,"turns":5},{"damage":0,"enemies":"Exordium Wildlife","floor":14,"turns":4},{"damage":42,"enemies":"Hexaghost","floor":16,"turns":11}],"seed_played":"4336414145397873473","potions_obtained":[{"floor":2,"key":"Weak Potion"},{"floor":7,"key":"Weak Potion"},{"floor":10,"key":"PowerPotion"}],"is_trial":false,"path_per_floor":["M","M","$","?","?","R","E","?","T","M","E","R","$","M","R","B"],"character_chosen":"DEFECT","items_purchased":["Melter","Self Repair"],"campfire_rested":1,"item_purchase_floors":[3,13],"current_hp_per_floor":[68,68,68,68,68,68,68,54,54,54,18,40,40,40,40,0],"gold":89,"neow_bonus":"THREE_ENEMY_KILL","is_prod":false,"is_daily":false,"chose_seed":false,"campfire_upgraded":2,"win_rate":0,"timestamp":1553232174,"path_taken":["M","M","$","?","?","R","E","?","T","?","E","R","?","M","R","BOSS"],"build_version":"2019-01-23","purchased_purges":1,"victory":false,"max_hp_per_floor":[75,75,75,75,75,75,75,75,75,75,75,75,75,75,75,75],"card_choices":[{"not_picked":["Compile Driver","Rebound"],"picked":"Glacier","floor":1},{"not_picked":["Reinforced Body","Cold Snap"],"picked":"Conserve Battery","floor":2},{"not_picked":["Skim","Redo"],"picked":"Ball Lightning","floor":7},{"not_picked":["Rebound","Turbo"],"picked":"Coolheaded","floor":8},{"not_picked":["Compile Driver","Steam"],"picked":"Turbo","floor":10},{"not_picked":["Gash","Ball Lightning"],"picked":"Seek","floor":11},{"not_picked":["Cold Snap","Sweeping Beam","Go for the Eyes"],"picked":"SKIP","floor":14}],"player_experience":987746,"relics_obtained":[{"floor":7,"key":"Letter Opener"},{"floor":8,"key":"Odd Mushroom"},{"floor":9,"key":"Anchor"},{"floor":11,"key":"DataDisk"}],"event_choices":[{"damage_healed":0,"gold_gain":0,"player_choice":"Take Wound","damage_taken":0,"relics_obtained":["Golden Idol"],"max_hp_gain":0,"max_hp_loss":0,"event_name":"Golden Idol","floor":4,"gold_loss":0,"cards_obtained":["Injury"]},{"cards_removed":["Injury"],"damage_healed":0,"gold_gain":0,"player_choice":"Forget","damage_taken":0,"max_hp_gain":0,"max_hp_loss":0,"event_name":"Living Wall","floor":5,"gold_loss":0},{"damage_healed":0,"gold_gain":0,"player_choice":"Fought Mushrooms","damage_taken":0,"max_hp_gain":0,"max_hp_loss":0,"event_name":"Mushrooms","floor":8,"gold_loss":0}],"is_beta":false,"boss_relics":[],"items_purged_floors":[13],"is_endless":false,"potions_floor_spawned":[2,7,10],"killed_by":"Hexaghost","ascension_level":13}