{"gold_per_floor":[109,109,126,126,126,151,151,178,230,230,230,244,254,100,100,195,195],"floor_reached":17,"playtime":388,"items_purged":["Pain"],"score":244,"play_id":"d53c4073-5c1a-4a14-913e-fa74332a15c4","local_time":"20190504095606","is_ascension_mode":true,"campfire_choices":[{"data":"Armaments","floor":7.0,"key":"SMITH"},{"data":"Impervious","floor":10.0,"key":"SMITH"},{"data":"Bash","floor":15.0,"key":"SMITH"}],"neow_cost":"NONE","seed_source_timestamp":1883419222118000,"circlet_count":0,"master_deck":["Strike_R","Strike_R+1","Strike_R","Strike_R","Defend_R","Defend_R","Defend_R","Defend_R","Bash+1","Thunderclap+1","Armaments+1","Evolve","Twin Strike","Impervious+1","Headbutt","Pommel Strike","Reckless Charge","Barricade"],"special_seed":0,"relics":["Burning Blood","NeowsBlessing","Dream Catcher","Whetstone","Calipers","WarpedTongs"],"potions_floor_usage":[],"damage_taken":[{"damage":0.0,"enemies":"Small Slimes","floor":1.0,"turns":1.0},{"damage":0.0,"enemies":"Cultist","floor":3.0,"turns":1.0},{"damage":0.0,"enemies":"Gremlin Nob","floor":6.0,"turns":1.0},{"damage":40.0,"enemies":"Lagavulin","floor":8.0,"turns":5.0},{"damage":6.0,"enemies":"2 Louse","floor":12.0,"turns":2.0},{"damage":3.0,"enemies":"Blue Slaver","floor":13.0,"turns":4.0},{"damage":21.0,"enemies":"Hexaghost","floor":16.0,"turns":11.0}],"seed_played":"-2271712834571346780","potions_obtained":[{"floor":1.0,"key":"Weak Potion"},{"floor":6.0,"key":"Energy Potion"}],"is_trial":false,"path_per_floor":["M","?","M","?","?","E","R","E","T","R","?","M","M","$","R","B",null],"character_chosen":"IRONCLAD","items_purchased":["Reckless Charge"],"campfire_rested":0,"item_purchase_floors":[14],"current_hp_per_floor":[78,78,80,80,80,80,80,46,46,46,46,46,49,49,49,34,34],"gold":195,"neow_bonus":"THREE_ENEMY_KILL","is_prod":false,"is_daily":false,"chose_seed":false,"campfire_upgraded":3,"win_rate":0,"timestamp":1556978166,"path_taken":["M","?","?","?","?","E","R","E","T","R","?","M","M","$","R","BOSS"],"build_version":"2019-01-23","purchased_purges":1,"victory":false,"max_hp_per_floor":[80,80,80,80,80,80,80,80,80,80,80,80,80,80,80,80,80],"card_choices":[{"not_picked":["Shockwave","Intimidate"],"picked":"Thunderclap","floor":1.0},{"not_picked":["Anger","Combust"],"picked":"Armaments","floor":3.0},{"not_picked":["Hemokinesis","Combust"],"picked":"Twin Strike","floor":6.0},{"not_picked":["Fire Breathing","Twin Strike"],"picked":"Impervious","floor":8.0},{"not_picked":["Seeing Red","Thunderclap"],"picked":"Headbutt","floor":12.0},{"not_picked":["Cleave","Armaments"],"picked":"Pommel Strike","floor":13.0},{"not_picked":["Berserk","Limit Break"],"picked":"Barricade","floor":16.0}],"player_experience":153089,"relics_obtained":[{"floor":6.0,"key":"Whetstone"},{"floor":8.0,"key":"Calipers"}],"event_choices":[{"damage_healed":0.0,"max_hp_gain":0.0,"max_hp_loss":0.0,"gold_gain":0.0,"event_name":"WeMeetAgain","player_choice":"Gave Potion","floor":2.0,"gold_loss":0.0,"damage_taken":0.0,"relics_obtained":["Dream Catcher"]},{"damage_healed":0.0,"max_hp_gain":0.0,"max_hp_loss":0.0,"gold_gain":0.0,"cards_transformed":["Strike_R"],"event_name":"Living Wall","player_choice":"Change","floor":4.0,"gold_loss":0.0,"damage_taken":0.0,"cards_obtained":["Evolve"]},{"damage_healed":0.0,"max_hp_gain":0.0,"max_hp_loss":0.0,"gold_gain":0.0,"event_name":"Liars Game","player_choice":"Ignored","floor":5.0,"gold_loss":0.0,"damage_taken":0.0},{"damage_healed":0.0,"max_hp_gain":0.0,"max_hp_loss":0.0,"gold_gain":0.0,"event_name":"Accursed Blacksmith","player_choice":"Rummage","floor":11.0,"gold_loss":0.0,"damage_taken":0.0,"relics_obtained":["WarpedTongs"],"cards_obtained":["Pain"]}],"is_beta":false,"boss_relics":[],"items_purged_floors":[14],"is_endless":false,"potions_floor_spawned":[1,6],"ascension_level":6}