{"gold_per_floor":[115,131,131,131,151,151,178,138,138,138,138,155,171,190,190,293,293,303,318,318,336,9,9,43,61,61,61,94,109,141,155,155,260,260,278,278,296,65,118,134,151,163,212,212,240,240,271,281,281,281],"floor_reached":51,"playtime":2778,"items_purged":[],"score":1021,"play_id":"5994a5f9-8d80-4df2-b83b-766f3ec2aebc","local_time":"20190514101722","is_ascension_mode":false,"campfire_choices":[{"data":"Armaments","floor":6,"key":"SMITH"},{"data":"Shockwave","floor":11,"key":"SMITH"},{"data":"Perfected Strike","floor":15,"key":"SMITH"},{"data":"Immolate","floor":23,"key":"SMITH"},{"data":"Spot Weakness","floor":32,"key":"SMITH"},{"data":"Bludgeon","floor":44,"key":"SMITH"},{"data":"Perfected Strike","floor":46,"key":"SMITH"},{"data":"Burning Pact","floor":49,"key":"SMITH"}],"neow_cost":"PERCENT_DAMAGE","seed_source_timestamp":882071272006700,"circlet_count":0,"master_deck":["Strike_R+1","Strike_R+1","Strike_R+1","Strike_R+1","Strike_R+1","Defend_R+1","Defend_R+1","Defend_R+1","Defend_R+1","Bash","Dramatic Entrance","Madness","Battle Trance","Shockwave+1","Armaments+1","Feed","Shockwave+1","Perfected Strike+1","Shrug It Off","Immolate+1","Shrug It Off+1","Spot Weakness+1","Perfected Strike+1","Corruption","Iron Wave+1","Pommel Strike+1","Spot Weakness+1","Heavy Blade+1","Bludgeon+1","Metallicize","Burning Pact+1","Clothesline","Shrug It Off","Headbutt","Headbutt","Dark Embrace","Perfected Strike+1"],"relics":["Burning Blood","Sundial","Smiling Mask","Mummified Hand","Snecko Eye","Shuriken","Kunai","Gambling Chip","Orichalcum","Art of War","Philosopher\u0027s Stone","Oddly Smooth Stone","FossilizedHelix","Centennial Puzzle","Ginger","Pen Nib"],"potions_floor_usage":[50],"damage_taken":[{"damage":0,"enemies":"2 Louse","floor":1,"turns":2},{"damage":0,"enemies":"Small Slimes","floor":2,"turns":3},{"damage":1,"enemies":"Cultist","floor":5,"turns":4},{"damage":0,"enemies":"Lagavulin","floor":7,"turns":7},{"damage":10,"enemies":"Exordium Wildlife","floor":12,"turns":3},{"damage":2,"enemies":"2 Fungi Beasts","floor":13,"turns":3},{"damage":5,"enemies":"3 Louse","floor":14,"turns":3},{"damage":34,"enemies":"Hexaghost","floor":16,"turns":12},{"damage":0,"enemies":"3 Byrds","floor":18,"turns":3},{"damage":15,"enemies":"2 Thieves","floor":19,"turns":3},{"damage":0,"enemies":"Centurion and Healer","floor":21,"turns":3},{"damage":2,"enemies":"Gremlin Leader","floor":24,"turns":4},{"damage":0,"enemies":"Snecko","floor":25,"turns":4},{"damage":0,"enemies":"Book of Stabbing","floor":28,"turns":4},{"damage":3,"enemies":"Shelled Parasite and Fungi","floor":29,"turns":3},{"damage":0,"enemies":"Gremlin Leader","floor":30,"turns":2},{"damage":0,"enemies":"Sentry and Sphere","floor":31,"turns":3},{"damage":32,"enemies":"Automaton","floor":33,"turns":7},{"damage":0,"enemies":"3 Shapes","floor":35,"turns":2},{"damage":0,"enemies":"3 Darklings","floor":37,"turns":2},{"damage":14,"enemies":"2 Orb Walkers","floor":39,"turns":5},{"damage":0,"enemies":"Transient","floor":40,"turns":5},{"damage":0,"enemies":"4 Shapes","floor":41,"turns":5},{"damage":0,"enemies":"3 Darklings","floor":42,"turns":4},{"damage":0,"enemies":"Reptomancer","floor":45,"turns":6},{"damage":0,"enemies":"Giant Head","floor":47,"turns":4},{"damage":0,"enemies":"Jaw Worm Horde","floor":48,"turns":2},{"damage":0,"enemies":"Donu and Deca","floor":50,"turns":4}],"seed_played":"-5925002911434171659","potions_obtained":[{"floor":1,"key":"Swift Potion"},{"floor":12,"key":"Fire Potion"},{"floor":14,"key":"Fire Potion"},{"floor":18,"key":"Regen Potion"},{"floor":19,"key":"GamblersBrew"},{"floor":47,"key":"Swift Potion"}],"is_trial":false,"path_per_floor":["M","M","?","?","M","R","E","$","T","?","R","M","M","M","R","B",null,"M","M","?","M","$","R","E","M","T","?","E","M","E","M","R","B",null,"M","?","M","$","?","M","M","M","T","R","E","R","E","M","R","B",null],"character_chosen":"IRONCLAD","items_purchased":["Shockwave","Corruption","Shuriken","Clothesline","Shrug It Off","Oddly Smooth Stone"],"campfire_rested":0,"item_purchase_floors":[8,22,22,38,38,38],"current_hp_per_floor":[62,68,65,65,70,70,76,76,76,76,76,75,82,87,87,63,94,97,91,91,100,100,100,107,110,110,110,114,117,120,123,123,100,126,129,129,132,132,124,130,135,138,138,138,142,142,145,145,145,148],"gold":281,"neow_bonus":"RANDOM_COLORLESS_2","is_prod":false,"is_daily":false,"chose_seed":false,"campfire_upgraded":8,"win_rate":1,"timestamp":1557854242,"path_taken":["M","M","?","?","M","R","E","$","T","?","R","M","M","M","R","BOSS","M","?","?","M","$","R","E","M","T","?","E","M","E","M","R","BOSS","M","?","?","?","?","M","M","M","T","R","E","R","E","M","R","BOSS"],"build_version":"2019-01-23","purchased_purges":0,"victory":true,"max_hp_per_floor":[80,80,80,80,80,80,80,80,80,80,80,83,86,90,90,94,94,97,100,100,103,103,103,107,110,110,110,114,117,120,123,123,126,126,129,129,132,132,132,132,135,138,138,138,142,142,145,145,145,148],"card_choices":[{"not_picked":["Heavy Blade","Feel No Pain"],"picked":"Battle Trance","floor":1},{"not_picked":["Rage","Shrug It Off"],"picked":"Shockwave","floor":2},{"not_picked":["Seeing Red","Dual Wield"],"picked":"Armaments","floor":5},{"not_picked":["Twin Strike","Flex"],"picked":"Feed","floor":7},{"not_picked":["Sentinel","Burning Pact","Heavy Blade"],"picked":"SKIP","floor":12},{"not_picked":["Thunderclap","Clash"],"picked":"Perfected Strike","floor":13},{"not_picked":["Body Slam","Perfected Strike"],"picked":"Shrug It Off","floor":14},{"not_picked":["Berserk","Brutality"],"picked":"Immolate","floor":16},{"not_picked":["Armaments","Dropkick"],"picked":"Shrug It Off+1","floor":18},{"not_picked":["Pommel Strike","Intimidate","Wild Strike"],"picked":"SKIP","floor":19},{"not_picked":["Uppercut","Metallicize"],"picked":"Perfected Strike","floor":21},{"not_picked":["Heavy Blade","Clash"],"picked":"Iron Wave+1","floor":24},{"not_picked":["Carnage","Wild Strike+1"],"picked":"Pommel Strike+1","floor":25},{"not_picked":["Juggernaut","Cleave"],"picked":"Spot Weakness+1","floor":28},{"not_picked":["Heavy Blade","Corruption","Thunderclap"],"picked":"SKIP","floor":29},{"not_picked":["Sever Soul","Wild Strike","Flex+1"],"picked":"SKIP","floor":30},{"not_picked":["Flex","Cleave+1"],"picked":"Heavy Blade+1","floor":31},{"not_picked":["Berserk","Double Tap"],"picked":"Bludgeon","floor":33},{"not_picked":["Dropkick+1","True Grit"],"picked":"Metallicize","floor":35},{"not_picked":["True Grit","Sever Soul+1"],"picked":"Burning Pact","floor":37},{"not_picked":["Clothesline","Iron Wave+1"],"picked":"Headbutt","floor":39},{"not_picked":["Cleave","True Grit+1"],"picked":"Headbutt","floor":40},{"not_picked":["Sword Boomerang","Cleave+1","Warcry"],"picked":"SKIP","floor":41},{"not_picked":["Flex+1","Sword Boomerang+1","Iron Wave"],"picked":"SKIP","floor":42},{"not_picked":["Clothesline","Rampage","Dual Wield"],"picked":"SKIP","floor":45},{"not_picked":["Sword Boomerang","Twin Strike"],"picked":"Dark Embrace","floor":47},{"not_picked":["Combust+1","True Grit"],"picked":"Perfected Strike+1","floor":48}],"player_experience":779286,"relics_obtained":[{"floor":7,"key":"Smiling Mask"},{"floor":9,"key":"Mummified Hand"},{"floor":24,"key":"Kunai"},{"floor":26,"key":"Gambling Chip"},{"floor":28,"key":"Orichalcum"},{"floor":30,"key":"Art of War"},{"floor":39,"key":"FossilizedHelix"},{"floor":43,"key":"Centennial Puzzle"},{"floor":45,"key":"Ginger"},{"floor":47,"key":"Pen Nib"}],"event_choices":[{"damage_healed":0,"gold_gain":0,"player_choice":"Success","damage_taken":3,"relics_obtained":["Sundial"],"max_hp_gain":0,"max_hp_loss":0,"event_name":"Scrap Ooze","floor":3,"gold_loss":0},{"damage_healed":0,"gold_gain":0,"player_choice":"Ignored","damage_taken":0,"max_hp_gain":0,"max_hp_loss":0,"event_name":"Liars Game","floor":4,"gold_loss":0},{"damage_healed":0,"gold_gain":0,"player_choice":"Upgraded","damage_taken":0,"max_hp_gain":0,"max_hp_loss":0,"event_name":"Upgrade Shrine","floor":10,"gold_loss":0,"cards_upgraded":["Shockwave"]},{"damage_healed":0,"gold_gain":0,"player_choice":"Read","damage_taken":0,"max_hp_gain":0,"max_hp_loss":0,"event_name":"The Library","floor":20,"gold_loss":0,"cards_obtained":["Spot Weakness"]},{"damage_healed":0,"gold_gain":0,"player_choice":"Simplicity","damage_taken":0,"max_hp_gain":0,"max_hp_loss":0,"event_name":"Back to Basics","floor":27,"gold_loss":0,"cards_upgraded":["Strike_R","Strike_R","Strike_R","Strike_R","Strike_R","Defend_R","Defend_R","Defend_R","Defend_R"]},{"damage_healed":0,"gold_gain":0,"player_choice":"Bought 0 Potions","damage_taken":0,"max_hp_gain":0,"max_hp_loss":0,"event_name":"The Woman in Blue","floor":36,"gold_loss":0},{"damage_healed":0,"gold_gain":0,"player_choice":"Fight","damage_taken":0,"max_hp_gain":0,"max_hp_loss":0,"event_name":"Mysterious Sphere","floor":39,"gold_loss":0}],"is_beta":false,"boss_relics":[{"not_picked":["Runic Cube","White Beast Statue"],"picked":"Snecko Eye"},{"not_picked":["Calling Bell","Sozu"],"picked":"Philosopher\u0027s Stone"}],"items_purged_floors":[],"is_endless":false,"potions_floor_spawned":[1,12,14,18,19,21,29,33,35,40,42,45,47],"ascension_level":0}