{"gold_per_floor":[115,40,60,60,74,74,90,90,90,116,116,147,160,160,160,239,239,255,148,164,164,198,229,229,30,30,45,45,63,93,113,113,185,185,195,206,218,572,572],"floor_reached":39,"playtime":4467,"items_purged":["Strike_R","Strike_R","Strike_R"],"score":912,"play_id":"813ecedd-3d2f-4ab9-83a5-f8398cfeb50f","local_time":"20190309135828","is_ascension_mode":true,"campfire_choices":[{"data":"Bash","floor":6,"key":"SMITH"},{"data":"Clothesline","floor":8,"key":"SMITH"},{"data":"True Grit","floor":11,"key":"SMITH"},{"data":"Body Slam","floor":15,"key":"SMITH"},{"floor":24,"key":"REST"},{"data":"Immolate","floor":28,"key":"SMITH"},{"data":"Battle Trance","floor":32,"key":"SMITH"}],"neow_cost":"NONE","seed_source_timestamp":53804600934360,"circlet_count":0,"master_deck":["AscendersBane","Strike_R","Defend_R","Defend_R","Defend_R","Defend_R","Bash+1","Clothesline+1","Anger","Reaper","True Grit+1","Corruption","Evolve","Body Slam+1","Pummel","Offering","Thunderclap+1","Inflame+1","Exhume","Immolate+1","Battle Trance+1","Juggernaut","Parasite","True Grit","Pommel Strike+1"],"relics":["Burning Blood","Shuriken","Pen Nib","Smiling Mask","Runic Dome","Incense Burner","Red Mask","Matryoshka","Question Card","Letter Opener","Kunai","Coffee Dripper","Old Coin"],"potions_floor_usage":[18,22,38,39],"damage_taken":[{"damage":7,"enemies":"Cultist","floor":1,"turns":4},{"damage":4,"enemies":"Small Slimes","floor":3,"turns":5},{"damage":8,"enemies":"2 Louse","floor":5,"turns":2},{"damage":8,"enemies":"Large Slime","floor":7,"turns":7},{"damage":5,"enemies":"Lagavulin","floor":10,"turns":6},{"damage":31,"enemies":"3 Sentries","floor":12,"turns":8},{"damage":13,"enemies":"Looter","floor":13,"turns":4},{"damage":43,"enemies":"Hexaghost","floor":16,"turns":7},{"damage":19,"enemies":"2 Thieves","floor":18,"turns":4},{"damage":29,"enemies":"3 Byrds","floor":20,"turns":5},{"damage":18,"enemies":"Masked Bandits","floor":22,"turns":3},{"damage":47,"enemies":"Book of Stabbing","floor":23,"turns":5},{"damage":39,"enemies":"Snake Plant","floor":27,"turns":5},{"damage":17,"enemies":"Snecko","floor":29,"turns":4},{"damage":6,"enemies":"Slavers","floor":30,"turns":2},{"damage":16,"enemies":"Centurion and Healer","floor":31,"turns":4},{"damage":18,"enemies":"Champ","floor":33,"turns":10},{"damage":0,"enemies":"Orb Walker","floor":35,"turns":2},{"damage":4,"enemies":"3 Shapes","floor":36,"turns":4},{"damage":22,"enemies":"Writhing Mass","floor":37,"turns":3},{"damage":61,"enemies":"2 Orb Walkers","floor":38,"turns":4},{"damage":49,"enemies":"4 Shapes","floor":39,"turns":5}],"seed_played":"6930722853291657332","potions_obtained":[{"floor":5,"key":"Ancient Potion"},{"floor":13,"key":"Ancient Potion"},{"floor":16,"key":"Block Potion"},{"floor":22,"key":"SpeedPotion"},{"floor":29,"key":"FearPotion"},{"floor":30,"key":"LiquidBronze"},{"floor":31,"key":"Dexterity Potion"},{"floor":38,"key":"BloodPotion"}],"is_trial":false,"path_per_floor":["M","$","M","?","M","R","M","R","T","E","R","E","M","?","R","B",null,"M","$","M","T","?","E","R","$","T","M","R","M","E","M","R","B",null,"M","M","M","?","M"],"character_chosen":"IRONCLAD","items_purchased":["SteroidPotion","Exhume"],"campfire_rested":1,"item_purchase_floors":[19,25],"current_hp_per_floor":[74,74,76,76,74,74,72,72,72,82,82,77,77,77,77,44,73,78,78,75,75,67,38,62,62,62,47,47,47,60,72,72,68,79,82,82,72,34,0],"gold":572,"neow_bonus":"TEN_PERCENT_HP_BONUS","is_prod":false,"is_daily":false,"chose_seed":false,"campfire_upgraded":6,"win_rate":0,"timestamp":1552157908,"path_taken":["M","$","M","?","?","R","M","R","T","E","R","E","M","?","R","BOSS","M","$","M","?","?","E","R","$","T","M","R","M","E","M","R","BOSS","M","M","M","?","M"],"build_version":"2019-01-23","purchased_purges":3,"victory":false,"max_hp_per_floor":[82,82,82,82,82,82,82,82,82,82,82,82,82,82,82,82,82,82,82,82,82,82,82,82,82,82,82,82,82,82,82,82,82,82,82,82,82,82,82],"card_choices":[{"not_picked":["Heavy Blade","Thunderclap"],"picked":"Clothesline","floor":1},{"not_picked":["Wild Strike","Entrench"],"picked":"Anger","floor":3},{"not_picked":["Clash","Anger"],"picked":"True Grit","floor":5},{"not_picked":["Bloodletting","Cleave"],"picked":"Corruption","floor":7},{"not_picked":["Cleave","Blood for Blood"],"picked":"Evolve","floor":10},{"not_picked":["Rampage","Carnage","Cleave"],"picked":"SKIP","floor":12},{"not_picked":["Rampage","Carnage","Cleave"],"picked":"SKIP","floor":12},{"not_picked":["Warcry","Blood for Blood"],"picked":"Body Slam","floor":13},{"not_picked":["Barricade","Demon Form"],"picked":"Offering","floor":16},{"not_picked":["Warcry","Armaments"],"picked":"Thunderclap+1","floor":18},{"not_picked":["Cleave","Perfected Strike","Clash"],"picked":"SKIP","floor":20},{"not_picked":["Sword Boomerang","Headbutt"],"picked":"Inflame+1","floor":22},{"not_picked":["Flex","Armaments","Infernal Blade"],"picked":"SKIP","floor":23},{"not_picked":["Dropkick","Rupture","Perfected Strike"],"picked":"Immolate","floor":27},{"not_picked":["Flex","Iron Wave","True Grit","Perfected Strike"],"picked":"SKIP","floor":29},{"not_picked":["Flex","Iron Wave","True Grit","Perfected Strike"],"picked":"SKIP","floor":29},{"not_picked":["Hemokinesis","Blood for Blood","Anger","Thunderclap"],"picked":"SKIP","floor":30},{"not_picked":["Ghostly Armor","Thunderclap","Evolve"],"picked":"Battle Trance","floor":31},{"not_picked":["Dark Embrace","Bludgeon","Brutality"],"picked":"Juggernaut","floor":33},{"not_picked":["Body Slam","Combust","Clothesline","Thunderclap"],"picked":"SKIP","floor":35},{"not_picked":["Pummel","Armaments","Thunderclap","Body Slam"],"picked":"SKIP","floor":36},{"not_picked":["Perfected Strike","Twin Strike","Flex"],"picked":"True Grit","floor":37},{"not_picked":["Combust+1","Body Slam","Twin Strike"],"picked":"Pommel Strike+1","floor":38}],"player_experience":1179472,"relics_obtained":[{"floor":9,"key":"Shuriken"},{"floor":10,"key":"Pen Nib"},{"floor":12,"key":"Smiling Mask"},{"floor":21,"key":"Incense Burner"},{"floor":22,"key":"Red Mask"},{"floor":23,"key":"Matryoshka"},{"floor":26,"key":"Question Card"},{"floor":26,"key":"Letter Opener"},{"floor":30,"key":"Kunai"},{"floor":38,"key":"Old Coin"}],"event_choices":[{"damage_healed":0,"gold_gain":0,"player_choice":"1 cards matched","damage_taken":0,"max_hp_gain":0,"max_hp_loss":0,"event_name":"Match and Keep!","floor":4,"gold_loss":0,"cards_obtained":["Reaper"]},{"damage_healed":0,"gold_gain":0,"cards_transformed":["Strike_R"],"player_choice":"Transformed","damage_taken":0,"max_hp_gain":0,"max_hp_loss":0,"event_name":"Transmorgrifier","floor":14,"gold_loss":0,"cards_obtained":["Pummel"]},{"damage_healed":0,"gold_gain":0,"player_choice":"Fought Bandits","damage_taken":0,"max_hp_gain":0,"max_hp_loss":0,"event_name":"Masked Bandits","floor":22,"gold_loss":0},{"damage_healed":0,"gold_gain":0,"player_choice":"Fight","damage_taken":0,"max_hp_gain":0,"max_hp_loss":0,"event_name":"Mysterious Sphere","floor":38,"gold_loss":0}],"is_beta":false,"boss_relics":[{"not_picked":["Eternal Feather","White Beast Statue"],"picked":"Runic Dome"},{"not_picked":["Calling Bell","Black Star"],"picked":"Coffee Dripper"}],"items_purged_floors":[2,19,25],"is_endless":false,"potions_floor_spawned":[5,13,16,22,29,30,31,38],"killed_by":"4 Shapes","ascension_level":20}