{"gold_per_floor":[117,117,135,310,335,335,335,335,362,362,398,51,64,78,78,207,207,225,150,249,272,45,45,45,45,69,69,96,96,521,534,534,534],"floor_reached":33,"playtime":765,"items_purged":[],"score":450,"play_id":"c95dff9d-cda0-4796-85fc-ca934b882d5d","local_time":"20190204185625","is_ascension_mode":true,"campfire_choices":[{"data":"Havoc","floor":6,"key":"SMITH"},{"data":"Wild Strike","floor":8,"key":"SMITH"},{"data":"Double Tap","floor":15,"key":"SMITH"},{"floor":23,"key":"REST"},{"data":"Inflame","floor":25,"key":"SMITH"},{"data":"Inflame","floor":27,"key":"SMITH"},{"data":"Reaper","floor":29,"key":"SMITH"},{"floor":32,"key":"REST"}],"neow_cost":"NONE","seed_source_timestamp":497317096980512,"circlet_count":0,"master_deck":["Strike_R+1","Strike_R+1","Strike_R+1","Strike_R+1","Strike_R+1","Defend_R+1","Defend_R+1","Defend_R+1","Defend_R+1","Bash","Wild Strike+1","Injury","Reckless Charge","Doubt","Havoc+1","Regret","Inflame+1","Reaper+1","Double Tap+1","Anger","Reaper","Clumsy","Injury","Armaments+1","True Grit+1","Inflame+1","Havoc+1"],"relics":["Burning Blood","Red Skull","Golden Idol","Ice Cream","Bag of Preparation","Happy Flower","Lee\u0027s Waffle","Calling Bell","Blood Vial","Singing Bowl","Torii","Bag of Marbles","Anchor","Old Coin","Mummified Hand"],"potions_floor_usage":[16,30,30,33],"damage_taken":[{"damage":13,"enemies":"Jaw Worm","floor":1,"turns":4},{"damage":3,"enemies":"2 Louse","floor":3,"turns":3},{"damage":5,"enemies":"Small Slimes","floor":5,"turns":5},{"damage":32,"enemies":"3 Sentries","floor":11,"turns":8},{"damage":7,"enemies":"2 Fungi Beasts","floor":13,"turns":3},{"damage":12,"enemies":"3 Louse","floor":14,"turns":4},{"damage":53,"enemies":"Hexaghost","floor":16,"turns":5},{"damage":61,"enemies":"Spheric Guardian","floor":18,"turns":7},{"damage":26,"enemies":"3 Byrds","floor":21,"turns":6},{"damage":26,"enemies":"Colosseum Slavers","floor":30,"turns":6},{"damage":1,"enemies":"Colosseum Nobs","floor":30,"turns":4},{"damage":46,"enemies":"Shelled Parasite and Fungi","floor":31,"turns":5},{"damage":127,"enemies":"Collector","floor":33,"turns":5}],"seed_played":"-7063658560648723111","potions_obtained":[{"floor":11,"key":"SpeedPotion"},{"floor":13,"key":"Strength Potion"},{"floor":14,"key":"AttackPotion"},{"floor":21,"key":"SkillPotion"}],"is_trial":false,"path_per_floor":["M","?","M","?","M","R","?","R","T","?","E","$","M","M","R","B",null,"M","?","?","M","$","R","?","R","T","R","T","R","?","M","R","B"],"character_chosen":"IRONCLAD","items_purchased":["Lee\u0027s Waffle","Reaper","Inflame","Bag of Marbles"],"campfire_rested":2,"item_purchase_floors":[12,12,22,22],"current_hp_per_floor":[65,65,68,68,69,69,69,69,69,53,27,87,87,81,81,34,74,21,21,21,37,37,63,63,63,63,63,63,63,87,57,83,0],"gold":534,"neow_bonus":"RANDOM_COMMON_RELIC","is_prod":false,"is_daily":false,"chose_seed":false,"campfire_upgraded":6,"win_rate":0,"timestamp":1549317385,"path_taken":["M","?","M","?","M","R","?","R","T","?","E","$","M","M","R","BOSS","M","?","?","M","$","R","?","R","T","R","?","R","?","?","R","BOSS"],"build_version":"2019-01-23","purchased_purges":0,"victory":false,"max_hp_per_floor":[80,80,80,80,80,80,80,80,80,80,80,87,87,87,87,87,87,87,87,87,87,87,87,87,87,87,87,87,87,87,89,89,89],"card_choices":[{"not_picked":["Twin Strike","Dual Wield"],"picked":"Wild Strike","floor":1},{"not_picked":["Twin Strike","Uppercut"],"picked":"Reckless Charge","floor":3},{"not_picked":["Sword Boomerang","Clash"],"picked":"Havoc","floor":5},{"not_picked":["Pommel Strike","Sentinel"],"picked":"Inflame","floor":11},{"not_picked":["Sentinel","Warcry"],"picked":"Double Tap","floor":13},{"not_picked":["Flame Barrier","Clothesline"],"picked":"Anger","floor":14},{"not_picked":["Feed","Impervious"],"picked":"Reaper","floor":16},{"not_picked":["Fire Breathing","Perfected Strike"],"picked":"Armaments+1","floor":18},{"not_picked":["Body Slam","Metallicize"],"picked":"True Grit+1","floor":21},{"not_picked":["Anger","Sentinel"],"picked":"Havoc+1","floor":30},{"not_picked":["Warcry","Wild Strike","Pommel Strike+1"],"picked":"Singing Bowl","floor":31}],"player_experience":715886,"relics_obtained":[{"floor":9,"key":"Bag of Preparation"},{"floor":11,"key":"Happy Flower"},{"floor":17,"key":"Blood Vial"},{"floor":17,"key":"Singing Bowl"},{"floor":17,"key":"Torii"},{"floor":28,"key":"Anchor"},{"floor":30,"key":"Old Coin"},{"floor":30,"key":"Mummified Hand"}],"event_choices":[{"damage_healed":0,"gold_gain":0,"player_choice":"Take Wound","damage_taken":0,"relics_obtained":["Golden Idol"],"max_hp_gain":0,"max_hp_loss":0,"event_name":"Golden Idol","floor":2,"gold_loss":0,"cards_obtained":["Injury"]},{"damage_healed":0,"gold_gain":175,"player_choice":"AGREE","damage_taken":0,"max_hp_gain":0,"max_hp_loss":0,"event_name":"Liars Game","floor":4,"gold_loss":0,"cards_obtained":["Doubt"]},{"damage_healed":0,"gold_gain":0,"player_choice":"Box","damage_taken":0,"relics_obtained":["Ice Cream"],"max_hp_gain":0,"max_hp_loss":0,"event_name":"Big Fish","floor":7,"gold_loss":0,"cards_obtained":["Regret"]},{"damage_healed":0,"gold_gain":0,"player_choice":"Entered Light","damage_taken":16,"max_hp_gain":0,"max_hp_loss":0,"event_name":"Shining Light","floor":10,"gold_loss":0,"cards_upgraded":["Strike_R","Defend_R"]},{"cards_removed":["Normality"],"damage_healed":0,"gold_gain":0,"player_choice":"Gave Gold","damage_taken":0,"max_hp_gain":0,"max_hp_loss":0,"event_name":"Beggar","floor":19,"gold_loss":75},{"damage_healed":0,"gold_gain":99,"player_choice":"Stole From Cult","damage_taken":0,"max_hp_gain":0,"max_hp_loss":0,"event_name":"Nest","floor":20,"gold_loss":0},{"damage_healed":0,"gold_gain":0,"player_choice":"Simplicity","damage_taken":0,"max_hp_gain":0,"max_hp_loss":0,"event_name":"Back to Basics","floor":24,"gold_loss":0,"cards_upgraded":["Strike_R","Strike_R","Strike_R","Strike_R","Defend_R","Defend_R","Defend_R"]},{"damage_healed":0,"gold_gain":0,"player_choice":"Fight","damage_taken":0,"max_hp_gain":0,"max_hp_loss":0,"event_name":"Colosseum","floor":30,"gold_loss":0},{"damage_healed":0,"gold_gain":0,"player_choice":"Fought Nobs","damage_taken":0,"max_hp_gain":0,"max_hp_loss":0,"event_name":"Colosseum","floor":30,"gold_loss":0}],"is_beta":false,"boss_relics":[{"not_picked":["Busted Crown","Black Star"],"picked":"Calling Bell"}],"items_purged_floors":[],"is_endless":false,"potions_floor_spawned":[11,13,14,21,30],"killed_by":"Collector","ascension_level":7}