{"gold_per_floor":[15,15,29,53,3,44,67,67,93,93,118,149,32,75,75,196,196,219,5,30,30,46,86,86,119,143,176,176,20,20,40,40,164,164,189,1188,447,463,463,496,496,496,541,874,904,904,917,944,944,944,944,944,60,85,85],"floor_reached":56,"playtime":3416,"items_purged":["Normality","Normality"],"score":1825,"play_id":"4a4a6696-7c50-4563-936e-cc8eb9b892e7","local_time":"20190325100825","is_ascension_mode":true,"campfire_choices":[{"data":"Neutralize","floor":8,"key":"SMITH"},{"data":"Dagger Spray","floor":10,"key":"SMITH"},{"data":"Infinite Blades","floor":15,"key":"SMITH"},{"data":"After Image","floor":24,"key":"SMITH"},{"data":"Well Laid Plans","floor":32,"key":"SMITH"},{"data":"Wraith Form v2","floor":41,"key":"SMITH"},{"floor":46,"key":"RECALL"},{"data":"A Thousand Cuts","floor":49,"key":"SMITH"},{"data":"Accuracy","floor":52,"key":"SMITH"}],"neow_cost":"NO_GOLD","seed_source_timestamp":1175645955727601,"circlet_count":0,"master_deck":["Defend_G","Defend_G","Defend_G","Defend_G","Strike_G","Strike_G","Strike_G","Strike_G+1","Survivor","Neutralize+1","Dagger Throw","Injury","Flying Knee+1","Deflect","Masterful Stab","Dagger Spray+1","Dodge and Roll","Infinite Blades","Finisher","Infinite Blades+1","After Image+1","Expertise","Well Laid Plans+1","Accuracy+1","Ghostly","Ghostly","Ghostly","Ghostly","Ghostly","Backflip","Terror","PiercingWail","Shame","Tools of the Trade","Adrenaline","Wraith Form v2+1","Infinite Blades","Dash+1","Leg Sweep","PiercingWail","Underhanded Strike+1","Footwork","Discovery+1","Dodge and Roll+1","A Thousand Cuts+1","Deflect+1","Blind+1","Escape Plan+1","Acrobatics+1","Thinking Ahead+1","Wraith Form v2"],"relics":["Ring of the Serpent","Du-Vu Doll","Happy Flower","Bag of Preparation","Bag of Marbles","Bronze Scales","Question Card","Philosopher\u0027s Stone","Lantern","Whetstone","Orichalcum","Bottled Flame","Dodecahedron","Ninja Scroll","Molten Egg 2","Toxic Egg 2","Shovel","Pocketwatch","Anchor","HandDrill","Nunchaku"],"potions_floor_usage":[6,6,27,27,33,48,50,55,55],"damage_taken":[{"damage":0,"enemies":"Small Slimes","floor":1,"turns":4},{"damage":0,"enemies":"2 Louse","floor":3,"turns":2},{"damage":0,"enemies":"Jaw Worm","floor":4,"turns":4},{"damage":37,"enemies":"Lagavulin","floor":6,"turns":9},{"damage":0,"enemies":"3 Louse","floor":7,"turns":2},{"damage":0,"enemies":"Gremlin Nob","floor":12,"turns":2},{"damage":13,"enemies":"Lagavulin","floor":14,"turns":4},{"damage":0,"enemies":"Slime Boss","floor":16,"turns":4},{"damage":0,"enemies":"Spheric Guardian","floor":18,"turns":3},{"damage":5,"enemies":"3 Byrds","floor":20,"turns":3},{"damage":10,"enemies":"Cultist and Chosen","floor":22,"turns":8},{"damage":0,"enemies":"Slavers","floor":23,"turns":6},{"damage":0,"enemies":"Gremlin Leader","floor":25,"turns":6},{"damage":9,"enemies":"Slavers","floor":27,"turns":7},{"damage":0,"enemies":"Snake Plant","floor":31,"turns":3},{"damage":16,"enemies":"Collector","floor":33,"turns":8},{"damage":0,"enemies":"Orb Walker","floor":35,"turns":3},{"damage":0,"enemies":"3 Shapes","floor":38,"turns":3},{"damage":0,"enemies":"Nemesis","floor":40,"turns":7},{"damage":0,"enemies":"Giant Head","floor":45,"turns":7},{"damage":0,"enemies":"Spire Growth","floor":47,"turns":6},{"damage":0,"enemies":"Nemesis","floor":48,"turns":5},{"damage":0,"enemies":"Awakened One","floor":50,"turns":11},{"damage":0,"enemies":"Shield and Spear","floor":54,"turns":5},{"damage":0,"enemies":"The Heart","floor":55,"turns":10}],"seed_played":"5697578336485927331","potions_obtained":[{"floor":1,"key":"EssenceOfSteel"},{"floor":3,"key":"GamblersBrew"},{"floor":14,"key":"Explosive Potion"},{"floor":16,"key":"Regen Potion"},{"floor":18,"key":"Dexterity Potion"},{"floor":33,"key":"AttackPotion"},{"floor":38,"key":"Block Potion"},{"floor":40,"key":"Ancient Potion"}],"is_trial":false,"path_per_floor":["M","?","M","M","?","E","M","R","T","R","T","E","$","E","R","B",null,"M","$","M","?","M","E","R","E","T","E","?","$","?","M","R","B",null,"M","?","$","M","?","E","R","?","T","?","E","R","M","E","R","B",null,"R","$","E","B",null],"character_chosen":"THE_SILENT","items_purchased":["Infinite Blades","Finisher","Well Laid Plans","Lantern","Tools of the Trade","Ninja Scroll","Molten Egg 2","Dash+1","Leg Sweep","PiercingWail","Blind+1","SpeedPotion","Anchor","Escape Plan+1","Acrobatics+1","Thinking Ahead+1","Poison Potion","HandDrill"],"campfire_rested":0,"item_purchase_floors":[13,13,19,19,29,37,37,37,37,37,53,53,53,53,53,53,53,53],"current_hp_per_floor":[70,70,70,70,70,33,33,33,33,33,33,33,33,20,20,20,70,70,70,65,35,25,25,25,25,25,31,31,31,31,31,31,15,35,35,35,35,35,35,35,35,35,35,35,35,35,35,35,35,35,35,35,35,35,35],"gold":85,"neow_bonus":"ONE_RARE_RELIC","is_prod":false,"is_daily":false,"chose_seed":false,"campfire_upgraded":8,"win_rate":0,"timestamp":1553522905,"path_taken":["M","?","M","M","?","E","M","R","T","R","?","E","$","E","R","BOSS","M","$","M","?","M","E","R","E","T","E","?","$","?","M","R","BOSS","M","?","$","M","?","E","R","?","T","?","E","R","?","E","R","BOSS","R","$","E","BOSS"],"build_version":"2019-03-15","purchased_purges":2,"victory":true,"max_hp_per_floor":[70,70,70,70,70,70,70,70,70,70,70,70,70,70,70,70,70,70,70,70,35,35,35,35,35,35,35,35,35,35,35,35,35,35,35,35,35,35,35,35,35,35,35,35,35,35,35,35,35,35,35,35,35,35,35],"card_choices":[{"not_picked":["Calculated Gamble","Cloak And Dagger"],"picked":"Dagger Throw","floor":1},{"not_picked":["Sucker Punch","Cloak And Dagger"],"picked":"Flying Knee","floor":3},{"not_picked":["Storm of Steel","Sucker Punch"],"picked":"Deflect","floor":4},{"not_picked":["Deadly Poison","Blade Dance"],"picked":"Masterful Stab","floor":6},{"not_picked":["Expertise","Poisoned Stab"],"picked":"Dagger Spray","floor":7},{"not_picked":["Bouncing Flask","Poisoned Stab"],"picked":"Dodge and Roll","floor":12},{"not_picked":["Dodge and Roll","Phantasmal Killer"],"picked":"Infinite Blades","floor":14},{"not_picked":["Venomology","Glass Knife","Grand Finale"],"picked":"After Image","floor":16},{"not_picked":["Calculated Gamble","Slice+1","Bane+1"],"picked":"Expertise","floor":18},{"not_picked":["Deflect+1","Outmaneuver","Underhanded Strike"],"picked":"Accuracy","floor":20},{"not_picked":["Underhanded Strike","Setup","Bouncing Flask","Slice"],"picked":"SKIP","floor":22},{"not_picked":["Dagger Spray","Reflex","Dodge and Roll"],"picked":"Backflip","floor":23},{"not_picked":["Quick Slash","Blade Dance","Infinite Blades"],"picked":"Terror","floor":25},{"not_picked":["Reflex","Poisoned Stab","Dagger Spray"],"picked":"PiercingWail","floor":27},{"not_picked":["Outmaneuver","Deflect","Flying Knee+1"],"picked":"Adrenaline","floor":31},{"not_picked":["Tools of the Trade","Glass Knife","Die Die Die"],"picked":"Wraith Form v2","floor":33},{"not_picked":["Poisoned Stab","Calculated Gamble","Dodge and Roll"],"picked":"Infinite Blades","floor":35},{"not_picked":["Bane+1","Poisoned Stab+1","Caltrops"],"picked":"Underhanded Strike+1","floor":38},{"not_picked":["Backflip+1","Noxious Fumes+1","Deadly Poison"],"picked":"Footwork","floor":40},{"not_picked":["Dramatic Entrance+1","Madness+1","Swift Strike+1"],"picked":"Discovery+1","floor":42},{"not_picked":["Deflect+1","Quick Slash+1","Prepared+1"],"picked":"Dodge and Roll+1","floor":45},{"not_picked":["Heel Hook+1","Predator+1","Outmaneuver+1"],"picked":"A Thousand Cuts","floor":47},{"not_picked":["PiercingWail+1","Outmaneuver+1","Slice+1"],"picked":"Deflect+1","floor":48},{"not_picked":["Infinite Blades","Noxious Fumes","Heel Hook+1"],"picked":"Wraith Form v2","floor":54}],"player_experience":5023576,"relics_obtained":[{"floor":6,"key":"Happy Flower"},{"floor":9,"key":"Bag of Preparation"},{"floor":11,"key":"Bag of Marbles"},{"floor":12,"key":"Bronze Scales"},{"floor":14,"key":"Question Card"},{"floor":23,"key":"Whetstone"},{"floor":25,"key":"Orichalcum"},{"floor":27,"key":"Bottled Flame"},{"floor":40,"key":"Toxic Egg 2"},{"floor":45,"key":"Shovel"},{"floor":48,"key":"Pocketwatch"},{"floor":54,"key":"Nunchaku"}],"event_choices":[{"damage_healed":0,"gold_gain":0,"player_choice":"Take Wound","damage_taken":0,"relics_obtained":["Golden Idol"],"max_hp_gain":0,"max_hp_loss":0,"event_name":"Golden Idol","floor":2,"gold_loss":0,"cards_obtained":["Injury"]},{"cards_removed":["Strike_G"],"damage_healed":0,"gold_gain":0,"player_choice":"Card Removal","damage_taken":0,"max_hp_gain":0,"max_hp_loss":0,"event_name":"The Cleric","floor":5,"gold_loss":50},{"damage_healed":0,"gold_gain":0,"player_choice":"Became a Ghost","damage_taken":0,"max_hp_gain":0,"max_hp_loss":35,"event_name":"Ghosts","floor":21,"gold_loss":0,"cards_obtained":["Ghostly","Ghostly","Ghostly","Ghostly","Ghostly"]},{"damage_healed":0,"gold_gain":0,"player_choice":"Stole Relic","damage_taken":0,"relics_obtained":["Dodecahedron"],"max_hp_gain":0,"max_hp_loss":0,"event_name":"Addict","floor":28,"gold_loss":0,"cards_obtained":["Shame"]},{"damage_healed":0,"gold_gain":0,"player_choice":"Ignored","damage_taken":0,"max_hp_gain":0,"max_hp_loss":0,"event_name":"Beggar","floor":30,"gold_loss":0},{"damage_healed":0,"gold_gain":999,"player_choice":"Gold","damage_taken":0,"max_hp_gain":0,"max_hp_loss":0,"event_name":"MindBloom","floor":36,"gold_loss":0,"cards_obtained":["Normality","Normality"]},{"cards_removed":["Defend_G"],"damage_healed":0,"gold_gain":0,"player_choice":"Removed Skill","damage_taken":0,"max_hp_gain":0,"max_hp_loss":0,"event_name":"Falling","floor":39,"gold_loss":0},{"damage_healed":0,"gold_gain":0,"player_choice":"Memory 1","damage_taken":0,"max_hp_gain":0,"max_hp_loss":0,"event_name":"SensoryStone","floor":42,"gold_loss":0},{"damage_healed":0,"gold_gain":333,"player_choice":"Gave Idol","damage_taken":0,"max_hp_gain":0,"max_hp_loss":0,"event_name":"The Moai Head","floor":44,"relics_lost":["Golden Idol"],"gold_loss":0}],"is_beta":true,"boss_relics":[{"not_picked":["Busted Crown","Snecko Eye"],"picked":"Philosopher\u0027s Stone"},{"not_picked":["Eternal Feather","Orrery"],"picked":"Ring of the Serpent"}],"items_purged_floors":[37,53],"is_endless":false,"potions_floor_spawned":[1,3,14,16,18,23,25,33,38,40],"ascension_level":1}