{"gold_per_floor":[115,134,134,152,152,152,201,201,201,43,73,84,100,113,113,187,187,204,218,218],"floor_reached":20,"playtime":880,"items_purged":["Strike_G"],"score":464,"play_id":"9993b076-c113-4f2e-8150-aa5e0a993b82","local_time":"20190515104922","is_ascension_mode":true,"campfire_choices":[{"floor":6,"key":"REST"},{"data":"Neutralize","floor":8,"key":"SMITH"},{"data":"Catalyst","floor":15,"key":"SMITH"}],"neow_cost":"NONE","seed_source_timestamp":2926613808415668,"circlet_count":0,"master_deck":["AscendersBane","Defend_G","Defend_G","Defend_G","Defend_G","Defend_G","Strike_G","Survivor","Neutralize+1","Accuracy+1","Accuracy+1","Outmaneuver+1","Deadly Poison+1","Flechettes+1","Escape Plan","Noxious Fumes","Blur","Catalyst+1","Bouncing Flask","Burst","Infinite Blades"],"relics":["Astrolabe","Snake Skull","FossilizedHelix","Singing Bowl","Philosopher\u0027s Stone"],"potions_floor_usage":[11,14,16,20],"damage_taken":[{"damage":46,"enemies":"Cultist","floor":1,"turns":9},{"damage":8,"enemies":"Small Slimes","floor":2,"turns":6},{"damage":1,"enemies":"2 Louse","floor":4,"turns":3},{"damage":0,"enemies":"Gremlin Nob","floor":11,"turns":4},{"damage":0,"enemies":"Blue Slaver","floor":12,"turns":5},{"damage":6,"enemies":"Looter","floor":13,"turns":4},{"damage":0,"enemies":"Gremlin Gang","floor":14,"turns":4},{"damage":0,"enemies":"Hexaghost","floor":16,"turns":6},{"damage":18,"enemies":"Shell Parasite","floor":18,"turns":5},{"damage":12,"enemies":"Spheric Guardian","floor":19,"turns":5},{"damage":28,"enemies":"Snake Plant","floor":20,"turns":2}],"seed_played":"-5586019428587581007","potions_obtained":[{"floor":2,"key":"LiquidBronze"},{"floor":4,"key":"Swift Potion"},{"floor":11,"key":"Explosive Potion"},{"floor":16,"key":"Strength Potion"},{"floor":18,"key":"LiquidBronze"}],"is_trial":false,"path_per_floor":["M","M","?","M","?","R","T","R","T","$","E","M","M","M","R","B",null,"M","M","M"],"character_chosen":"THE_SILENT","items_purchased":["Noxious Fumes"],"campfire_rested":1,"item_purchase_floors":[10],"current_hp_per_floor":[13,5,27,26,6,25,25,25,25,25,25,25,21,21,21,21,56,38,28,0],"gold":218,"neow_bonus":"BOSS_RELIC","is_prod":false,"is_daily":false,"chose_seed":false,"campfire_upgraded":2,"win_rate":0,"timestamp":1557928162,"path_taken":["M","?","?","M","?","R","?","R","T","?","E","?","M","M","R","BOSS","M","M","?"],"build_version":"2019-01-23","purchased_purges":1,"victory":false,"max_hp_per_floor":[66,66,66,66,66,66,66,66,66,66,66,66,68,68,68,68,68,68,70,70],"card_choices":[{"not_picked":["Outmaneuver","Acrobatics"],"picked":"Deadly Poison","floor":1},{"not_picked":["Concentrate","Flying Knee"],"picked":"Flechettes","floor":2},{"not_picked":["Prepared","Outmaneuver"],"picked":"Escape Plan","floor":4},{"not_picked":["Dodge and Roll","Flying Knee"],"picked":"Blur","floor":11},{"not_picked":["Finisher","Dagger Throw"],"picked":"Catalyst","floor":12},{"not_picked":["Tactician","Deflect","Setup"],"picked":"Singing Bowl","floor":13},{"not_picked":["Dodge and Roll","Glass Knife"],"picked":"Bouncing Flask","floor":14},{"not_picked":["Unload","Malaise"],"picked":"Burst","floor":16},{"not_picked":["Finisher","PiercingWail"],"picked":"Infinite Blades","floor":18},{"not_picked":["Flechettes","Deflect","Backflip"],"picked":"Singing Bowl","floor":19}],"player_experience":1338638,"relics_obtained":[{"floor":7,"key":"Snake Skull"},{"floor":9,"key":"FossilizedHelix"},{"floor":11,"key":"Singing Bowl"}],"event_choices":[{"damage_healed":22,"gold_gain":0,"player_choice":"Banana","damage_taken":0,"max_hp_gain":0,"max_hp_loss":0,"event_name":"Big Fish","floor":3,"gold_loss":0},{"damage_healed":0,"gold_gain":0,"player_choice":"Entered Light","damage_taken":20,"max_hp_gain":0,"max_hp_loss":0,"event_name":"Shining Light","floor":5,"gold_loss":0,"cards_upgraded":["Deadly Poison","Flechettes"]}],"is_beta":false,"boss_relics":[{"not_picked":["Orrery","Black Star"],"picked":"Philosopher\u0027s Stone"}],"items_purged_floors":[10],"is_endless":false,"potions_floor_spawned":[2,4,11,16,18,19],"killed_by":"Snake Plant","ascension_level":17}