{"gold_per_floor":[99,99,99,99,99,99,99,99,99,99,99,84,84,84,84,84,84,84,84,84,84,46,46,46,46],"floor_reached":25,"playtime":1155,"items_purged":[],"score":213,"play_id":"1b1c88f1-94ef-4a16-9762-284cadd2c0b7","local_time":"20190418215830","is_ascension_mode":true,"campfire_choices":[{"data":"Cloak And Dagger","floor":7,"key":"SMITH"},{"data":"Deadly Poison","floor":11,"key":"SMITH"},{"data":"Neutralize","floor":13,"key":"SMITH"},{"floor":15,"key":"REST"},{"data":"Deflect","floor":23,"key":"SMITH"}],"neow_cost":"NONE","seed_source_timestamp":594881470015800,"circlet_count":0,"master_deck":["Defend_G","Defend_G","Defend_G","Defend_G","Defend_G","Strike_G","Strike_G","Strike_G","Strike_G","Strike_G","Survivor","Neutralize+1","Cloak And Dagger+1","Injury","Deadly Poison+1","Bane+1","Unload","Cloak And Dagger","Burst","Deflect+1","Sucker Punch+1","Well Laid Plans+1","Distraction","Poisoned Stab"],"relics":["Ectoplasm","Potion Belt","Golden Idol","Regal Pillow","Thread and Needle","Snecko Eye"],"potions_floor_usage":[16,16,24],"damage_taken":[{"damage":0,"enemies":"2 Louse","floor":1,"turns":4},{"damage":0,"enemies":"Small Slimes","floor":4,"turns":3},{"damage":0,"enemies":"Jaw Worm","floor":6,"turns":4},{"damage":0,"enemies":"Red Slaver","floor":8,"turns":4},{"damage":20,"enemies":"Gremlin Nob","floor":10,"turns":5},{"damage":1,"enemies":"Looter","floor":12,"turns":2},{"damage":18,"enemies":"Hexaghost","floor":16,"turns":10},{"damage":9,"enemies":"Chosen","floor":18,"turns":5},{"damage":20,"enemies":"3 Byrds","floor":20,"turns":7},{"damage":0,"enemies":"Snecko","floor":21,"turns":5},{"damage":33,"enemies":"3 Cultists","floor":24,"turns":9},{"damage":10,"enemies":"Slavers","floor":25,"turns":1}],"seed_played":"3331495922093086479","potions_obtained":[{"floor":10,"key":"SteroidPotion"},{"floor":12,"key":"PowerPotion"},{"floor":21,"key":"Block Potion"}],"is_trial":false,"path_per_floor":["M","?","?","M","?","M","R","M","T","E","R","M","R","?","R","B",null,"M","?","M","M","$","R","M","E"],"character_chosen":"THE_SILENT","items_purchased":["Distraction"],"campfire_rested":1,"item_purchase_floors":[22],"current_hp_per_floor":[70,67,67,67,67,67,67,67,67,47,47,46,46,46,70,52,70,61,61,41,41,41,41,8,0],"gold":46,"neow_bonus":"BOSS_RELIC","is_prod":false,"is_daily":false,"chose_seed":false,"campfire_upgraded":4,"win_rate":0,"timestamp":1555639110,"path_taken":["M","?","?","M","?","M","R","M","T","E","R","M","R","?","R","BOSS","M","?","?","M","?","R","M","E"],"build_version":"2019-01-23","purchased_purges":0,"victory":false,"max_hp_per_floor":[70,70,70,70,70,70,70,70,70,70,70,70,70,70,70,70,70,70,70,70,70,70,70,70,70],"card_choices":[{"not_picked":["Quick Slash","Bane"],"picked":"Cloak And Dagger","floor":1},{"not_picked":["Underhanded Strike","Acrobatics","Prepared"],"picked":"SKIP","floor":4},{"not_picked":["Bane","PiercingWail"],"picked":"Deadly Poison","floor":6},{"not_picked":["Dash","Eviscerate"],"picked":"Bane","floor":8},{"not_picked":["Crippling Poison","Reflex"],"picked":"Unload","floor":10},{"not_picked":["Deadly Poison","Backflip"],"picked":"Cloak And Dagger","floor":12},{"not_picked":["Tools of the Trade","Malaise"],"picked":"Burst","floor":16},{"not_picked":["Acrobatics","Setup"],"picked":"Deflect","floor":18},{"not_picked":["Underhanded Strike+1","PiercingWail"],"picked":"Sucker Punch+1","floor":20},{"not_picked":["Setup","Calculated Gamble"],"picked":"Well Laid Plans+1","floor":21},{"not_picked":["Bane+1","Distraction"],"picked":"Poisoned Stab","floor":24}],"player_experience":104860,"relics_obtained":[{"floor":9,"key":"Regal Pillow"},{"floor":10,"key":"Thread and Needle"}],"event_choices":[{"damage_healed":0,"gold_gain":0,"player_choice":"Success","damage_taken":3,"relics_obtained":["Potion Belt"],"max_hp_gain":0,"max_hp_loss":0,"event_name":"Scrap Ooze","floor":2,"gold_loss":0},{"damage_healed":0,"gold_gain":0,"player_choice":"Ignored","damage_taken":0,"max_hp_gain":0,"max_hp_loss":0,"event_name":"Liars Game","floor":3,"gold_loss":0},{"damage_healed":0,"gold_gain":0,"player_choice":"Take Wound","damage_taken":0,"relics_obtained":["Golden Idol"],"max_hp_gain":0,"max_hp_loss":0,"event_name":"Golden Idol","floor":5,"gold_loss":0,"cards_obtained":["Injury"]},{"damage_healed":0,"gold_gain":0,"player_choice":"Grow","damage_taken":0,"max_hp_gain":0,"max_hp_loss":0,"event_name":"Living Wall","floor":14,"gold_loss":0,"cards_upgraded":["Bane"]},{"damage_healed":0,"gold_gain":0,"player_choice":"Ignored","damage_taken":0,"max_hp_gain":0,"max_hp_loss":0,"event_name":"N\u0027loth","floor":19,"gold_loss":0}],"is_beta":false,"boss_relics":[{"not_picked":["Tiny House","Fusion Hammer"],"picked":"Snecko Eye"}],"items_purged_floors":[],"is_endless":false,"potions_floor_spawned":[10,12,21],"killed_by":"Slavers","ascension_level":1}