{"gold_per_floor":[114,125,125,125,50,50,80,80,129,158,170,170,183,208,208,306,306,325,325,424,166,183,183,183],"floor_reached":24,"playtime":847,"items_purged":[],"score":320,"play_id":"0a453916-daa4-41a3-a2cb-aee2a5729d86","local_time":"20190101030032","is_ascension_mode":true,"campfire_choices":[{"data":"Second Wind","floor":6,"key":"SMITH"},{"data":"Pummel","floor":8,"key":"SMITH"},{"floor":15,"key":"REST"},{"floor":23,"key":"REST"}],"neow_cost":"NONE","seed_source_timestamp":887378600611118,"circlet_count":0,"master_deck":["Strike_R","Strike_R","Strike_R","Strike_R","Defend_R","Defend_R","Defend_R","Defend_R","Bash","Shrug It Off","Second Wind+1","Feel No Pain","Pummel+1","Body Slam","Iron Wave","Fiend Fire","Spot Weakness","Fiend Fire","Bloodletting","Combust","Flex","Panache","Anger"],"relics":["Burning Blood","NeowsBlessing","Strawberry","Bag of Preparation","Omamori","Bottled Tornado","Magic Flower","Runic Dome"],"potions_floor_usage":[13],"damage_taken":[{"damage":0,"enemies":"Jaw Worm","floor":1,"turns":1},{"damage":0,"enemies":"2 Louse","floor":2,"turns":1},{"damage":0,"enemies":"3 Sentries","floor":7,"turns":2},{"damage":40,"enemies":"Lagavulin","floor":10,"turns":10},{"damage":0,"enemies":"Small Slimes","floor":11,"turns":3},{"damage":16,"enemies":"Exordium Thugs","floor":13,"turns":6},{"damage":8,"enemies":"3 Sentries","floor":14,"turns":10},{"damage":38,"enemies":"The Guardian","floor":16,"turns":11},{"damage":15,"enemies":"Shell Parasite","floor":18,"turns":5},{"damage":36,"enemies":"2 Thieves","floor":22,"turns":3},{"damage":78,"enemies":"Snecko","floor":24,"turns":7}],"seed_played":"-7146148478667561857","potions_obtained":[{"floor":1,"key":"FairyPotion"},{"floor":10,"key":"Fire Potion"},{"floor":14,"key":"PowerPotion"}],"is_trial":false,"path_per_floor":["M","M","?","?","$","R","E","R","T","E","M","?","M","E","R","B",null,"M","?","?","$","M","R","M"],"character_chosen":"IRONCLAD","items_purchased":["Feel No Pain","Combust","Flex","Panache"],"campfire_rested":2,"item_purchase_floors":[5,21,21,21],"current_hp_per_floor":[78,80,84,84,84,84,87,87,87,53,59,59,49,47,73,44,76,70,53,53,53,26,53,0],"gold":183,"neow_bonus":"THREE_ENEMY_KILL","is_prod":false,"is_daily":false,"chose_seed":false,"campfire_upgraded":2,"win_rate":0,"timestamp":1546322432,"path_taken":["M","M","?","?","$","R","E","R","T","E","M","?","M","E","R","BOSS","M","?","?","$","M","R","M"],"build_version":"2018-12-20","purchased_purges":0,"victory":false,"max_hp_per_floor":[80,80,87,87,87,87,87,87,87,87,87,87,87,87,87,87,87,87,92,92,92,92,92,92],"card_choices":[{"not_picked":["Perfected Strike","Disarm"],"picked":"Shrug It Off","floor":1},{"not_picked":["True Grit","Body Slam"],"picked":"Second Wind","floor":2},{"not_picked":["Rupture","Reckless Charge"],"picked":"Pummel","floor":7},{"not_picked":["Wild Strike","True Grit"],"picked":"Body Slam","floor":10},{"not_picked":["Sentinel","True Grit"],"picked":"Iron Wave","floor":11},{"not_picked":["Searing Blow","Headbutt"],"picked":"Fiend Fire","floor":13},{"not_picked":["Bloodletting","Anger"],"picked":"Spot Weakness","floor":14},{"not_picked":["Brutality","Berserk"],"picked":"Fiend Fire","floor":16},{"not_picked":["Rupture+1","Combust"],"picked":"Bloodletting","floor":18},{"not_picked":["Carnage","Disarm"],"picked":"Anger","floor":22}],"player_experience":597938,"relics_obtained":[{"floor":7,"key":"Bag of Preparation"},{"floor":9,"key":"Omamori"},{"floor":10,"key":"Bottled Tornado"},{"floor":14,"key":"Magic Flower"}],"event_choices":[{"damage_healed":0,"gold_gain":0,"player_choice":"Success","damage_taken":3,"relics_obtained":["Strawberry"],"max_hp_gain":0,"max_hp_loss":0,"event_name":"Scrap Ooze","floor":3,"gold_loss":0},{"damage_healed":0,"gold_gain":0,"player_choice":"Ignored","damage_taken":0,"max_hp_gain":0,"max_hp_loss":0,"event_name":"Golden Wing","floor":4,"gold_loss":0},{"cards_removed":["Strike_R"],"damage_healed":0,"gold_gain":0,"player_choice":"Offered Basic","damage_taken":0,"max_hp_gain":0,"max_hp_loss":0,"event_name":"Bonfire Elementals","floor":12,"gold_loss":0},{"damage_healed":0,"gold_gain":0,"player_choice":"Shed Blood","damage_taken":22,"max_hp_gain":5,"max_hp_loss":0,"event_name":"Forgotten Altar","floor":19,"gold_loss":0},{"damage_healed":0,"gold_gain":99,"player_choice":"Stole From Cult","damage_taken":0,"max_hp_gain":0,"max_hp_loss":0,"event_name":"Nest","floor":20,"gold_loss":0}],"is_beta":false,"boss_relics":[{"not_picked":["Lizard Tail","Runic Cube"],"picked":"Runic Dome"}],"items_purged_floors":[],"is_endless":false,"potions_floor_spawned":[1,10,14],"killed_by":"Snecko","ascension_level":7}