{"gold_per_floor":[112,77,93,111,38,38,71,88,133,133,133,164,164,164,164,283,283,306,306,324,324,339,339,378,378,378,378,398,252,252,60,60,183,183,202,216,236,236,7,7],"floor_reached":40,"playtime":1779,"items_purged":[],"score":561,"play_id":"7674db2a-9932-42ed-8398-2231325f6f61","local_time":"20190130175710","is_ascension_mode":true,"campfire_choices":[{"data":"Glass Knife","floor":6,"key":"SMITH"},{"floor":13,"key":"REST"},{"floor":15,"key":"REST"},{"data":"Noxious Fumes","floor":23,"key":"SMITH"},{"floor":25,"key":"REST"},{"floor":27,"key":"RECALL"},{"floor":32,"key":"REST"}],"neow_cost":"NONE","seed_source_timestamp":60723263244307,"circlet_count":0,"master_deck":["Defend_G+1","Defend_G+1","Defend_G+1","Defend_G+1","Defend_G+1","Strike_G+1","Strike_G+1","Strike_G+1","Strike_G+1","Strike_G+1","Survivor","Neutralize","Infinite Blades","Blade Dance+1","Cloak And Dagger","Glass Knife+1","Escape Plan+1","All Out Attack","Injury","PiercingWail+1","Adrenaline+1","Terror+1","Noxious Fumes+1","Cloak And Dagger+1","Leg Sweep+1","PiercingWail+1","Leg Sweep+1","Finisher","Neutralize","Deflect+1","Good Instincts+1","Accuracy","Doppelganger+1","Flying Knee+1","Noxious Fumes+1","Finisher","Adrenaline+1","Dagger Spray"],"relics":["Ring of the Serpent","Blood Vial","Toxic Egg 2","Snake Skull","Golden Idol","Darkstone Periapt","Vajra","Nilry\u0027s Codex","Ninja Scroll","Mango","Bag of Preparation","Black Star","DollysMirror"],"potions_floor_usage":[7,22,24,40,40],"damage_taken":[{"damage":4,"enemies":"Cultist","floor":1,"turns":5},{"damage":3,"enemies":"Jaw Worm","floor":3,"turns":4},{"damage":9,"enemies":"Small Slimes","floor":4,"turns":3},{"damage":31,"enemies":"Lagavulin","floor":7,"turns":8},{"damage":1,"enemies":"2 Fungi Beasts","floor":8,"turns":3},{"damage":28,"enemies":"Gremlin Nob","floor":12,"turns":4},{"damage":23,"enemies":"Slime Boss","floor":16,"turns":8},{"damage":2,"enemies":"Chosen","floor":18,"turns":3},{"damage":2,"enemies":"2 Thieves","floor":20,"turns":4},{"damage":0,"enemies":"Sentry and Sphere","floor":22,"turns":4},{"damage":38,"enemies":"Gremlin Leader","floor":24,"turns":6},{"damage":22,"enemies":"Snake Plant","floor":28,"turns":4},{"damage":16,"enemies":"Automaton","floor":33,"turns":9},{"damage":21,"enemies":"3 Darklings","floor":35,"turns":6},{"damage":15,"enemies":"3 Shapes","floor":36,"turns":4},{"damage":30,"enemies":"Transient","floor":37,"turns":5},{"damage":30,"enemies":"Nemesis","floor":40,"turns":4}],"seed_played":"5682557010950018536","potions_obtained":[{"floor":3,"key":"FearPotion"},{"floor":16,"key":"Dexterity Potion"},{"floor":18,"key":"Regen Potion"},{"floor":35,"key":"Strength Potion"},{"floor":38,"key":"LiquidBronze"},{"floor":38,"key":"SkillPotion"}],"is_trial":false,"path_per_floor":["M","?","M","M","$","R","E","M","T","?","T","E","R","?","R","B",null,"M","?","M","?","M","R","E","R","T","R","M","$","?","$","R","B",null,"M","M","M","?","$","E"],"character_chosen":"THE_SILENT","items_purchased":["Glass Knife","Leg Sweep+1","Finisher","Accuracy","Bag of Preparation","DollysMirror","Dagger Spray"],"campfire_rested":4,"item_purchase_floors":[5,29,29,31,31,39,39],"current_hp_per_floor":[61,70,67,60,60,60,31,32,32,32,32,6,27,27,48,27,59,59,59,59,43,57,57,21,42,56,56,36,36,36,36,61,47,75,56,43,15,15,15,0],"gold":7,"neow_bonus":"RANDOM_COMMON_RELIC","is_prod":false,"is_daily":false,"chose_seed":false,"campfire_upgraded":2,"win_rate":0,"timestamp":1548881830,"path_taken":["M","?","M","M","$","R","E","M","T","?","?","E","R","?","R","BOSS","M","?","M","?","M","R","E","R","T","R","M","$","?","$","R","BOSS","M","M","?","?","$","E"],"build_version":"2019-01-23","purchased_purges":0,"victory":false,"max_hp_per_floor":[70,70,70,70,70,70,70,70,70,70,70,70,70,70,70,70,70,70,70,70,70,70,70,70,70,84,84,84,84,84,84,84,84,84,84,84,84,84,84,84],"card_choices":[{"not_picked":["Prepared","Deadly Poison"],"picked":"Infinite Blades","floor":1},{"not_picked":["Underhanded Strike","PiercingWail"],"picked":"Blade Dance","floor":3},{"not_picked":["Outmaneuver","Poisoned Stab"],"picked":"Cloak And Dagger","floor":4},{"not_picked":["Bane","Caltrops"],"picked":"Escape Plan","floor":7},{"not_picked":["Blur+1","Crippling Poison+1"],"picked":"All Out Attack","floor":8},{"not_picked":["Backflip+1","Wraith Form v2"],"picked":"PiercingWail+1","floor":12},{"not_picked":["Malaise+1","Unload"],"picked":"Adrenaline+1","floor":16},{"not_picked":["Bouncing Flask+1","Acrobatics+1"],"picked":"Terror+1","floor":18},{"not_picked":["Backstab","Reflex+1"],"picked":"Noxious Fumes","floor":20},{"not_picked":["Caltrops","PiercingWail+1"],"picked":"Cloak And Dagger+1","floor":22},{"not_picked":["Dagger Throw","Acrobatics+1"],"picked":"Leg Sweep+1","floor":24},{"not_picked":["Tactician+1","Quick Slash+1"],"picked":"PiercingWail+1","floor":28},{"not_picked":["Malaise+1","Tools of the Trade"],"picked":"Doppelganger+1","floor":33},{"not_picked":["Bane","Slice"],"picked":"Flying Knee+1","floor":35},{"not_picked":["Finisher","Slice+1"],"picked":"Noxious Fumes+1","floor":36},{"not_picked":["Prepared+1","Dagger Spray"],"picked":"Finisher","floor":37}],"player_experience":687063,"relics_obtained":[{"floor":7,"key":"Toxic Egg 2"},{"floor":9,"key":"Snake Skull"},{"floor":11,"key":"Darkstone Periapt"},{"floor":12,"key":"Vajra"},{"floor":21,"key":"Nilry\u0027s Codex"},{"floor":24,"key":"Ninja Scroll"},{"floor":26,"key":"Mango"}],"event_choices":[{"damage_healed":17,"gold_gain":0,"player_choice":"Healed","damage_taken":0,"max_hp_gain":0,"max_hp_loss":0,"event_name":"The Cleric","floor":2,"gold_loss":35},{"damage_healed":0,"gold_gain":0,"player_choice":"Take Wound","damage_taken":0,"relics_obtained":["Golden Idol"],"max_hp_gain":0,"max_hp_loss":0,"event_name":"Golden Idol","floor":10,"gold_loss":0,"cards_obtained":["Injury"]},{"damage_healed":0,"gold_gain":0,"player_choice":"Grow","damage_taken":0,"max_hp_gain":0,"max_hp_loss":0,"event_name":"Living Wall","floor":14,"gold_loss":0,"cards_upgraded":["Blade Dance"]},{"damage_healed":0,"gold_gain":0,"player_choice":"Simplicity","damage_taken":0,"max_hp_gain":0,"max_hp_loss":0,"event_name":"Back to Basics","floor":19,"gold_loss":0,"cards_upgraded":["Defend_G","Defend_G","Defend_G","Defend_G","Defend_G","Strike_G","Strike_G","Strike_G","Strike_G","Strike_G"]},{"damage_healed":0,"gold_gain":0,"player_choice":"Obtained Book","damage_taken":16,"max_hp_gain":0,"max_hp_loss":0,"event_name":"Cursed Tome","floor":21,"gold_loss":0},{"damage_healed":0,"gold_gain":0,"player_choice":"3 cards matched","damage_taken":0,"max_hp_gain":0,"max_hp_loss":0,"event_name":"Match and Keep!","floor":30,"gold_loss":0,"cards_obtained":["Neutralize","Deflect","Good Instincts"]},{"damage_healed":0,"gold_gain":0,"player_choice":"Got Potions","damage_taken":0,"max_hp_gain":0,"max_hp_loss":0,"event_name":"Lab","floor":38,"gold_loss":0}],"is_beta":false,"boss_relics":[{"not_picked":["Eternal Feather","HoveringKite"],"picked":"Ring of the Serpent"},{"not_picked":["Pandora\u0027s Box","Runic Pyramid"],"picked":"Black Star"}],"items_purged_floors":[],"is_endless":false,"potions_floor_spawned":[3,16,18,35],"killed_by":"Nemesis","ascension_level":6}