{"path_per_floor":["M","?","?","M","?","R","E","R","T","E","M","$","M","M","R","B",null,"M","$","M","M","?","E","?","R","T","M","R","M","R","M","R","B",null,"M","M","?","$","M","R","M","R","T","E","M","M","M","?","B"],"character_chosen":"IRONCLAD","items_purchased":["Metallicize","Thread and Needle","Panache"],"gold_per_floor":[112,112,112,130,130,130,161,161,212,245,256,188,201,218,218,321,321,332,40,58,74,109,144,144,144,144,157,157,171,171,181,181,282,282,293,312,366,179,189,189,201,201,254,282,298,314,334,334,334],"floor_reached":50,"campfire_rested":3,"playtime":2591,"item_purchase_floors":[12,19,38],"current_hp_per_floor":[80,62,62,68,52,76,80,80,80,66,72,72,78,80,80,80,80,80,80,80,80,80,82,66,66,66,63,87,87,87,87,87,72,87,64,66,61,61,53,79,81,81,81,79,63,59,57,57,19],"items_purged":[],"gold":334,"score":944,"play_id":"54d204f7-8730-498a-81b2-10fe7ca5b419","local_time":"20180620040405","is_prod":false,"is_daily":false,"chose_seed":false,"is_ascension_mode":true,"campfire_upgraded":6,"win_rate":0,"timestamp":1529478245,"campfire_choices":[{"floor":6,"key":"REST"},{"data":"Double Tap","floor":8,"key":"SMITH"},{"data":"Metallicize","floor":15,"key":"SMITH"},{"data":"Inflame","floor":25,"key":"SMITH"},{"floor":28,"key":"REST"},{"data":"Metallicize","floor":30,"key":"SMITH"},{"data":"Offering","floor":32,"key":"SMITH"},{"floor":40,"key":"REST"},{"data":"Offering","floor":42,"key":"SMITH"}],"path_taken":["M","?","?","M","?","R","E","R","T","E","M","?","M","M","R","BOSS","M","$","M","M","?","E","?","R","T","M","R","M","R","M","R","BOSS","M","M","?","$","M","R","M","R","T","E","M","M","M","?","BOSS"],"build_version":"2018-06-14v2","seed_source_timestamp":537159382269224,"purchased_purges":0,"victory":true,"master_deck":["Strike_R+1","Strike_R","Strike_R","Strike_R","Strike_R","Defend_R+1","Defend_R","Defend_R","Defend_R+1","Bash+1","Sword Boomerang","Double Tap+1","Armaments+1","Sword Boomerang+1","Warcry","Uppercut","Clash","Metallicize+1","Inflame+1","Anger","Offering+1","Headbutt+1","Whirlwind+1","Wild Strike+1","Flame Barrier","Necronomicurse","Fiend Fire","Metallicize+1","Uppercut","Offering+1","Armaments+1","Panache","Pommel Strike","Iron Wave+1","Intimidate","Body Slam+1","Heavy Blade+1"],"max_hp_per_floor":[80,80,80,80,80,80,80,80,80,80,80,80,80,80,80,80,80,80,80,80,80,80,87,87,87,87,87,87,87,87,87,87,87,87,87,87,87,87,87,87,87,87,87,87,87,87,87,87,87],"relics":["Burning Blood","NeowsBlessing","Anchor","War Paint","Whetstone","Bag of Preparation","Mark of Pain","Thread and Needle","Red Mask","Strawberry","Necronomicon","Unceasing Top","Busted Crown","Turnip","Orichalcum","Molten Egg 2"],"card_choices":[{"not_picked":["Flex","Rupture"],"picked":"Sword Boomerang","floor":1},{"not_picked":["Heavy Blade","Rampage"],"picked":"Sword Boomerang","floor":4},{"not_picked":["Wild Strike","Clash"],"picked":"Warcry","floor":7},{"not_picked":["Heavy Blade","Cleave"],"picked":"Uppercut","floor":10},{"not_picked":["Limit Break","Cleave"],"picked":"Clash","floor":11},{"not_picked":["Warcry","Power Through"],"picked":"Inflame","floor":13},{"not_picked":["Iron Wave","Searing Blow"],"picked":"Anger","floor":14},{"not_picked":["Barricade","Immolate"],"picked":"Offering","floor":16},{"not_picked":["Armaments","Anger","Infernal Blade"],"picked":"SKIP","floor":18},{"not_picked":["Seeing Red","Cleave+1"],"picked":"Headbutt+1","floor":20},{"not_picked":["Perfected Strike","Heavy Blade"],"picked":"Whirlwind+1","floor":21},{"not_picked":["Fire Breathing","Perfected Strike+1"],"picked":"Wild Strike+1","floor":22},{"not_picked":["Burning Pact","Combust"],"picked":"Flame Barrier","floor":23},{"not_picked":["Ghostly Armor+1","Infernal Blade"],"picked":"Fiend Fire","floor":27},{"not_picked":["Cleave","Clash"],"picked":"Metallicize","floor":29},{"not_picked":["Body Slam","Sword Boomerang"],"picked":"Uppercut","floor":31},{"not_picked":["Berserk","Feed"],"picked":"Offering","floor":33},{"not_picked":["Rampage"],"picked":"SKIP","floor":35},{"not_picked":["Iron Wave"],"picked":"SKIP","floor":36},{"not_picked":[],"picked":"Armaments+1","floor":37},{"not_picked":[],"picked":"Pommel Strike","floor":39},{"not_picked":[],"picked":"Iron Wave+1","floor":41},{"not_picked":["Bloodletting"],"picked":"SKIP","floor":44},{"not_picked":[],"picked":"Intimidate","floor":45},{"not_picked":[],"picked":"Body Slam+1","floor":46},{"not_picked":[],"picked":"Heavy Blade+1","floor":47}],"player_experience":375444,"potions_floor_usage":[10,21,27,29,35,39,44,49,49,49],"damage_taken":[{"damage":0,"enemies":"Jaw Worm","floor":1,"turns":1},{"damage":0,"enemies":"Small Slimes","floor":4,"turns":1},{"damage":0,"enemies":"3 Sentries","floor":7,"turns":1},{"damage":20,"enemies":"Lagavulin","floor":10,"turns":4},{"damage":0,"enemies":"Cultist","floor":11,"turns":3},{"damage":0,"enemies":"2 Fungi Beasts","floor":13,"turns":2},{"damage":3,"enemies":"Lots of Slimes","floor":14,"turns":4},{"damage":0,"enemies":"Slime Boss","floor":16,"turns":7},{"damage":4,"enemies":"3 Byrds","floor":18,"turns":4},{"damage":4,"enemies":"Chosen","floor":20,"turns":2},{"damage":4,"enemies":"Centurion and Healer","floor":21,"turns":3},{"damage":0,"floor":22,"turns":1},{"damage":11,"enemies":"Slavers","floor":23,"turns":5},{"damage":14,"enemies":"Snecko","floor":27,"turns":4},{"damage":3,"enemies":"Snake Plant","floor":29,"turns":3},{"damage":4,"enemies":"Centurion and Healer","floor":31,"turns":3},{"damage":21,"enemies":"Collector","floor":33,"turns":4},{"damage":29,"enemies":"3 Darklings","floor":35,"turns":4},{"damage":4,"enemies":"3 Shapes","floor":36,"turns":3},{"damage":11,"floor":37,"turns":4},{"damage":14,"enemies":"Sphere and 2 Shapes","floor":39,"turns":3},{"damage":4,"enemies":"3 Darklings","floor":41,"turns":3},{"damage":8,"enemies":"2 Orb Walkers","floor":44,"turns":2},{"damage":22,"enemies":"4 Shapes","floor":45,"turns":2},{"damage":10,"enemies":"Sphere and 2 Shapes","floor":46,"turns":1},{"damage":8,"enemies":"3 Darklings","floor":47,"turns":4},{"damage":44,"enemies":"Awakened One","floor":49,"turns":8}],"relics_obtained":[{"floor":7,"key":"War Paint"},{"floor":9,"key":"Whetstone"},{"floor":10,"key":"Bag of Preparation"},{"floor":22,"key":"Red Mask"},{"floor":23,"key":"Strawberry"},{"floor":24,"key":"Necronomicon"},{"floor":26,"key":"Unceasing Top"},{"floor":37,"key":"Turnip"},{"floor":43,"key":"Orichalcum"},{"floor":44,"key":"Molten Egg 2"}],"event_choices":[{"event_name":"Scrap Ooze","player_choice":"success","floor":2,"damage_taken":18},{"event_name":"Match and Keep!","player_choice":"2 cards matched","floor":3,"damage_taken":0},{"event_name":"Shining Light","player_choice":"Entered Light","floor":5,"damage_taken":0},{"event_name":"Masked Bandits","player_choice":"Fought over 74 gold","floor":22,"damage_taken":0},{"event_name":"Cursed Tome","player_choice":"Obtained Book","floor":24,"damage_taken":0},{"event_name":"Mysterious Sphere","player_choice":"Fight","floor":37,"damage_taken":0},{"event_name":"SecretPortal","player_choice":"Took Portal.","floor":48,"damage_taken":0}],"boss_relics":[{"not_picked":["Runic Cube","Philosopher\u0027s Stone"],"picked":"Mark of Pain"},{"not_picked":["Orrery","Black Star"],"picked":"Busted Crown"}],"items_purged_floors":[],"is_endless":false,"potions_floor_spawned":[4,10,11,16,22,23,27,31,33,37,39,44,46,47],"seed_played":"1879032975242309118","ascension_level":3,"potions_obtained":[{"floor":4,"key":"SteroidPotion"},{"floor":10,"key":"Swift Potion"},{"floor":11,"key":"LiquidBronze"},{"floor":16,"key":"Regen Potion"},{"floor":22,"key":"LiquidBronze"},{"floor":27,"key":"Explosive Potion"},{"floor":31,"key":"Strength Potion"},{"floor":37,"key":"Strength Potion"},{"floor":39,"key":"Block Potion"},{"floor":44,"key":"Block Potion"}],"is_trial":false}