{"gold_per_floor":[119,130,142,3,0,29,39,39,119,119,119,135,135,155,155,155],"floor_reached":16,"playtime":490,"items_purged":[],"score":148,"play_id":"a3a5910c-dcdd-4513-8940-0378908abb7c","local_time":"20190301021324","is_ascension_mode":true,"campfire_choices":[{"floor":8,"key":"REST"},{"floor":10,"key":"REST"},{"floor":15,"key":"REST"}],"neow_cost":"PERCENT_DAMAGE","seed_source_timestamp":1255085230092591,"circlet_count":0,"master_deck":["Strike_B","Strike_B","Strike_B","Strike_B","Defend_B","Defend_B","Defend_B","Defend_B","Zap","Dualcast","Hologram","Go for the Eyes","Coolheaded","Seek","Gash","FTL","Pain","Self Repair","Capacitor"],"relics":["Cracked Core","Du-Vu Doll","FossilizedHelix","Sundial","WarpedTongs"],"potions_floor_usage":[16,16],"damage_taken":[{"damage":1,"enemies":"Cultist","floor":1,"turns":3},{"damage":7,"enemies":"Small Slimes","floor":2,"turns":3},{"damage":2,"enemies":"2 Louse","floor":3,"turns":2},{"damage":33,"enemies":"Lagavulin","floor":6,"turns":8},{"damage":1,"enemies":"Red Slaver","floor":7,"turns":4},{"damage":19,"enemies":"Gremlin Gang","floor":12,"turns":5},{"damage":10,"enemies":"Large Slime","floor":14,"turns":5},{"damage":51,"enemies":"Slime Boss","floor":16,"turns":7}],"seed_played":"-2254748847849052867","potions_obtained":[{"floor":7,"key":"Poison Potion"},{"floor":12,"key":"Dexterity Potion"}],"is_trial":false,"path_per_floor":["M","M","M","$","?","E","M","R","T","R","?","M","$","M","R","B"],"character_chosen":"DEFECT","items_purchased":["Seek"],"campfire_rested":3,"item_purchase_floors":[4],"current_hp_per_floor":[49,42,40,40,40,7,6,28,28,50,50,31,31,28,50,0],"gold":155,"neow_bonus":"ONE_RARE_RELIC","is_prod":false,"is_daily":false,"chose_seed":false,"campfire_upgraded":0,"win_rate":0,"timestamp":1551417204,"path_taken":["M","?","M","$","?","E","M","R","T","R","?","?","$","M","R","BOSS"],"build_version":"2019-01-23","purchased_purges":0,"victory":false,"max_hp_per_floor":[75,75,75,75,75,75,75,75,75,75,75,75,75,75,75,75],"card_choices":[{"not_picked":["Stack","Coolheaded"],"picked":"Hologram","floor":1},{"not_picked":["Steam Power","Turbo"],"picked":"Go for the Eyes","floor":2},{"not_picked":["Genetic Algorithm","Heatsinks"],"picked":"Coolheaded","floor":3},{"not_picked":["Sweeping Beam","Rebound"],"picked":"Gash","floor":6},{"not_picked":["Steam Power","Conserve Battery"],"picked":"FTL","floor":7},{"not_picked":["Fusion","Ball Lightning"],"picked":"Self Repair","floor":12},{"not_picked":["Reinforced Body","Recycle"],"picked":"Capacitor","floor":14}],"player_experience":866741,"relics_obtained":[{"floor":6,"key":"FossilizedHelix"},{"floor":9,"key":"Sundial"}],"event_choices":[{"damage_healed":0,"gold_gain":0,"player_choice":"Left Gold","damage_taken":0,"max_hp_gain":0,"max_hp_loss":0,"event_name":"World of Goop","floor":5,"gold_loss":3},{"damage_healed":0,"gold_gain":0,"player_choice":"Rummage","damage_taken":0,"relics_obtained":["WarpedTongs"],"max_hp_gain":0,"max_hp_loss":0,"event_name":"Accursed Blacksmith","floor":11,"gold_loss":0,"cards_obtained":["Pain"]}],"is_beta":false,"boss_relics":[],"items_purged_floors":[],"is_endless":false,"potions_floor_spawned":[7,12],"killed_by":"Slime Boss","ascension_level":9}