{"gold_per_floor":[119,137,58,58,71,100,100,131,131,148,148,148,176,24,24,121,121,134,134,162,179,191,191],"floor_reached":23,"playtime":4098,"items_purged":[],"score":244,"play_id":"74fa05bf-91d6-44fd-807f-fc1d67102c34","local_time":"20190429151045","is_ascension_mode":true,"campfire_choices":[{"data":"Neutralize","floor":7,"key":"SMITH"},{"floor":11,"key":"REST"},{"floor":15,"key":"REST"}],"neow_cost":"NONE","seed_source_timestamp":1508642105653000,"circlet_count":0,"master_deck":["Defend_G","Defend_G","Defend_G","Defend_G","Defend_G","Survivor","Neutralize+1","Poisoned Stab","Dagger Throw","PiercingWail","Backflip","Flying Knee","Expertise","Deadly Poison","Heel Hook","Accuracy","Cloak And Dagger","Storm of Steel","Bite","Bite","Bite","Bite","Bite","Distraction+1","Prepared"],"relics":["Ring of the Snake","Blood Vial","Blue Candle","WingedGreaves","Thread and Needle","Ancient Tea Set","Bronze Scales","Busted Crown","Red Mask"],"potions_floor_usage":[16,16,16],"damage_taken":[{"damage":2,"enemies":"Cultist","floor":1,"turns":4},{"damage":2,"enemies":"Small Slimes","floor":2,"turns":4},{"damage":4,"enemies":"Jaw Worm","floor":5,"turns":5},{"damage":22,"enemies":"Gremlin Nob","floor":6,"turns":5},{"damage":27,"enemies":"Lagavulin","floor":8,"turns":8},{"damage":0,"enemies":"2 Fungi Beasts","floor":10,"turns":4},{"damage":13,"enemies":"Gremlin Nob","floor":13,"turns":4},{"damage":6,"enemies":"Hexaghost","floor":16,"turns":8},{"damage":4,"enemies":"Shell Parasite","floor":18,"turns":6},{"damage":21,"enemies":"Masked Bandits","floor":20,"turns":5},{"damage":18,"enemies":"2 Thieves","floor":21,"turns":4},{"damage":8,"enemies":"Snecko","floor":22,"turns":5},{"damage":64,"enemies":"Gremlin Leader","floor":23,"turns":7}],"seed_played":"-3892715555069821808","potions_obtained":[{"floor":2,"key":"AttackPotion"},{"floor":5,"key":"Energy Potion"},{"floor":8,"key":"Weak Potion"},{"floor":20,"key":"Strength Potion"}],"is_trial":false,"path_per_floor":["M","M","$","?","M","E","R","E","T","M","R","?","E","$","R","B",null,"M","?","?","M","M","E"],"character_chosen":"THE_SILENT","items_purchased":["PiercingWail","Backflip","Bronze Scales"],"campfire_rested":2,"item_purchase_floors":[3,3,14],"current_hp_per_floor":[68,68,68,73,71,51,51,26,26,28,50,50,39,39,61,57,75,71,52,41,33,39,0],"gold":191,"neow_bonus":"RANDOM_COMMON_RELIC","is_prod":false,"is_daily":false,"chose_seed":false,"campfire_upgraded":1,"win_rate":0,"timestamp":1556565045,"path_taken":["M","M","?","?","M","E","R","E","T","M","R","?","E","$","R","BOSS","M","?","?","M","M","E"],"build_version":"2019-01-23","purchased_purges":0,"victory":false,"max_hp_per_floor":[70,70,70,75,75,75,75,75,75,75,75,75,75,75,75,75,75,75,52,52,52,52,52],"card_choices":[{"not_picked":["Blade Dance","Underhanded Strike"],"picked":"Poisoned Stab","floor":1},{"not_picked":["Flying Knee","Deflect"],"picked":"Dagger Throw","floor":2},{"not_picked":["Blur","Outmaneuver"],"picked":"Flying Knee","floor":5},{"not_picked":["Riddle With Holes","Poisoned Stab"],"picked":"Expertise","floor":6},{"not_picked":["Corpse Explosion","Prepared"],"picked":"Deadly Poison","floor":8},{"not_picked":["Acrobatics","Dash"],"picked":"Heel Hook","floor":10},{"not_picked":["Slice","Deflect"],"picked":"Cloak And Dagger","floor":13},{"not_picked":["Corpse Explosion","Adrenaline"],"picked":"Storm of Steel","floor":16},{"not_picked":["PiercingWail"],"picked":"SKIP","floor":18},{"not_picked":[],"picked":"Distraction+1","floor":20},{"not_picked":["Predator"],"picked":"SKIP","floor":21},{"not_picked":[],"picked":"Prepared","floor":22}],"player_experience":123763,"relics_obtained":[{"floor":6,"key":"Blue Candle"},{"floor":8,"key":"WingedGreaves"},{"floor":9,"key":"Thread and Needle"},{"floor":13,"key":"Ancient Tea Set"},{"floor":20,"key":"Red Mask"}],"event_choices":[{"damage_healed":0,"gold_gain":0,"player_choice":"Donut","damage_taken":0,"max_hp_gain":5,"max_hp_loss":0,"event_name":"Big Fish","floor":4,"gold_loss":0},{"damage_healed":0,"gold_gain":0,"cards_transformed":["Strike_G"],"player_choice":"Change","damage_taken":0,"max_hp_gain":0,"max_hp_loss":0,"event_name":"Living Wall","floor":12,"gold_loss":0,"cards_obtained":["Accuracy"]},{"damage_healed":0,"gold_gain":0,"player_choice":"Became a vampire","damage_taken":0,"max_hp_gain":0,"max_hp_loss":23,"event_name":"Vampires","floor":19,"gold_loss":0,"cards_obtained":["Bite","Bite","Bite","Bite","Bite"]},{"damage_healed":0,"gold_gain":0,"player_choice":"Fought Bandits","damage_taken":0,"max_hp_gain":0,"max_hp_loss":0,"event_name":"Masked Bandits","floor":20,"gold_loss":0}],"is_beta":false,"boss_relics":[{"not_picked":["Fusion Hammer","Runic Dome"],"picked":"Busted Crown"}],"items_purged_floors":[],"is_endless":false,"potions_floor_spawned":[2,5,8,10,20],"killed_by":"Gremlin Leader","ascension_level":1}