{"gold_per_floor":[112,112,112,19,33,33,60,60,60,92,127,127,146,11,11,89,89,101,118,118,138,138,138,171,171,223,238,124,124,135,169,169,248,248,265,165,183,199,254,289,76,76,76,76],"floor_reached":44,"playtime":1889,"items_purged":["Strike_B+1","Strike_B+1","Strike_B+1"],"score":984,"play_id":"2c8e4f5e-41e0-4ca0-b4f3-b33fe65b308b","local_time":"20190226000001","is_ascension_mode":true,"campfire_choices":[{"data":"Self Repair","floor":6.0,"key":"SMITH"},{"data":"Cold Snap","floor":8.0,"key":"SMITH"},{"data":"Steam","floor":12.0,"key":"SMITH"},{"data":"Defragment","floor":15.0,"key":"SMITH"},{"data":"Electrodynamics","floor":23.0,"key":"SMITH"},{"data":"Go for the Eyes","floor":25.0,"key":"SMITH"},{"data":"Loop","floor":29.0,"key":"SMITH"},{"floor":32.0,"key":"REST"},{"floor":42,"key":"REST"}],"neow_cost":"NONE","seed_source_timestamp":366925819118826,"circlet_count":0,"master_deck":["AscendersBane","Strike_B+1","Defend_B+1","Defend_B+1","Defend_B+1","Defend_B+1","Zap+1","Dualcast+1","Cold Snap+1","Self Repair+1","Ball Lightning","Conserve Battery","Ball Lightning","Steam+1","Rip and Tear","Defragment+1","Go for the Eyes+1","Electrodynamics+1","Coolheaded+1","BootSequence","Cold Snap","Defragment+1","Loop+1","Static Discharge+1","Defragment","Buffer","Hologram","Loop"],"special_seed":0,"relics":["Cracked Core","WingedGreaves","Sundial","Pocketwatch","Emotion Chip","Omamori","Runic Dome","Centennial Puzzle","Dream Catcher","Symbiotic Virus","Fusion Hammer","Prayer Wheel","Pen Nib"],"potions_floor_usage":[39,44],"damage_taken":[{"damage":1.0,"enemies":"Small Slimes","floor":1.0,"turns":3.0},{"damage":9.0,"enemies":"Jaw Worm","floor":5.0,"turns":3.0},{"damage":27.0,"enemies":"Gremlin Nob","floor":7.0,"turns":4.0},{"damage":10.0,"enemies":"3 Sentries","floor":10.0,"turns":5.0},{"damage":9.0,"enemies":"Gremlin Nob","floor":11.0,"turns":3.0},{"damage":0.0,"enemies":"Cultist","floor":13.0,"turns":2.0},{"damage":18.0,"enemies":"The Guardian","floor":16.0,"turns":8.0},{"damage":0.0,"enemies":"Spheric Guardian","floor":18.0,"turns":3.0},{"damage":15.0,"enemies":"Shell Parasite","floor":19.0,"turns":3.0},{"damage":8.0,"enemies":"Chosen and Byrds","floor":21.0,"turns":6.0},{"damage":26.0,"enemies":"Book of Stabbing","floor":24.0,"turns":5.0},{"damage":11.0,"enemies":"Centurion and Healer","floor":27.0,"turns":4.0},{"damage":0.0,"enemies":"3 Cultists","floor":30.0,"turns":2.0},{"damage":6.0,"enemies":"Slavers","floor":31.0,"turns":4.0},{"damage":14.0,"enemies":"Automaton","floor":33.0,"turns":8.0},{"damage":20.0,"enemies":"3 Shapes","floor":35.0,"turns":3.0},{"damage":10.0,"enemies":"Orb Walker","floor":37.0,"turns":4.0},{"damage":27.0,"enemies":"Writhing Mass","floor":38.0,"turns":6.0},{"damage":5,"enemies":"2 Orb Walkers","floor":39,"turns":4},{"damage":25,"enemies":"Giant Head","floor":40,"turns":9},{"damage":67,"enemies":"Nemesis","floor":44,"turns":8}],"seed_played":"5694285058645510464","potions_obtained":[{"floor":5.0,"key":"Block Potion"},{"floor":7.0,"key":"LiquidBronze"},{"floor":10.0,"key":"SmokeBomb"},{"floor":13.0,"key":"EssenceOfSteel"},{"floor":21.0,"key":"SkillPotion"},{"floor":31.0,"key":"AttackPotion"},{"floor":38.0,"key":"LiquidBronze"},{"floor":40,"key":"Swift Potion"}],"is_trial":false,"path_per_floor":["M","?","T","$","M","R","E","R","T","E","E","R","M","$","R","B",null,"M","M","?","M","?","R","E","R","T","M","$","R","M","E","R","B",null,"M","$","M","M","?","E","$","R","T","E"],"character_chosen":"DEFECT","items_purchased":["Self Repair","Strength Potion","Defragment","Go for the Eyes","Loop","Loop"],"campfire_rested":2,"item_purchase_floors":[4,4,14,14,28,41],"current_hp_per_floor":[63,63,63,63,61,61,44,44,44,44,45,45,55,55,55,47,65,65,60,60,62,62,62,46,46,46,45,45,45,45,49,70,66,70,60,60,60,43,48,33,33,54,54,0],"gold":76,"neow_bonus":"UPGRADE_CARD","is_prod":false,"is_daily":false,"chose_seed":false,"campfire_upgraded":7,"win_rate":0,"timestamp":1551157201,"path_taken":["M","?","?","$","M","R","E","R","T","E","E","R","M","?","R","BOSS","M","M","?","M","?","R","E","R","T","M","$","R","?","E","R","BOSS","M","$","M","?","?","E","$","R","T","E"],"build_version":"2019-02-06","purchased_purges":3,"victory":false,"max_hp_per_floor":[71,71,71,71,71,71,71,71,71,71,71,71,71,71,71,71,71,71,71,71,71,71,71,71,71,71,71,71,71,71,71,71,71,71,71,71,71,71,71,71,71,71,71,71],"card_choices":[{"not_picked":["Beam Cell","Steam"],"picked":"Cold Snap","floor":1.0},{"not_picked":["Darkness","Leap"],"picked":"Ball Lightning","floor":5.0},{"not_picked":["Multi-Cast","Rebound"],"picked":"Conserve Battery","floor":7.0},{"not_picked":["Scrape","Storm"],"picked":"Ball Lightning","floor":10.0},{"not_picked":["Heatsinks","Beam Cell"],"picked":"Steam","floor":11.0},{"not_picked":["Rebound","Conserve Battery"],"picked":"Rip and Tear","floor":13.0},{"not_picked":["Amplify","Core Surge"],"picked":"Electrodynamics","floor":16.0},{"not_picked":["Chill","Beam Cell"],"picked":"Coolheaded+1","floor":18.0},{"not_picked":["Hello World+1","Storm"],"picked":"BootSequence","floor":19.0},{"not_picked":["Fusion","Double Energy+1"],"picked":"Cold Snap","floor":21.0},{"not_picked":["Lockon","Force Field","Turbo"],"picked":"SKIP","floor":24.0},{"not_picked":["Ball Lightning","Go for the Eyes","Redo"],"picked":"SKIP","floor":27.0},{"not_picked":["Leap","BootSequence","Undo"],"picked":"SKIP","floor":30.0},{"not_picked":["Gash","Go for the Eyes"],"picked":"Static Discharge+1","floor":31.0},{"not_picked":["Sweeping Beam","Turbo"],"picked":"Defragment","floor":32.0},{"not_picked":["Multi-Cast","Amplify"],"picked":"Buffer","floor":33.0},{"not_picked":["FTL+1","Gash","Force Field"],"picked":"SKIP","floor":35.0},{"not_picked":["Leap+1","Beam Cell"],"picked":"Hologram","floor":37.0},{"not_picked":["Leap+1","Stack","Ball Lightning"],"picked":"SKIP","floor":38.0},{"not_picked":["Hello World+1","Meteor Strike","Compile Driver"],"picked":"SKIP","floor":40}],"player_experience":800009,"relics_obtained":[{"floor":3.0,"key":"WingedGreaves"},{"floor":7.0,"key":"Sundial"},{"floor":9.0,"key":"Pocketwatch"},{"floor":10.0,"key":"Emotion Chip"},{"floor":11.0,"key":"Omamori"},{"floor":24.0,"key":"Centennial Puzzle"},{"floor":26.0,"key":"Dream Catcher"},{"floor":31.0,"key":"Symbiotic Virus"},{"floor":39,"key":"Prayer Wheel"},{"floor":40,"key":"Pen Nib"}],"event_choices":[{"damage_healed":0.0,"max_hp_gain":0.0,"max_hp_loss":0.0,"gold_gain":0.0,"event_name":"Living Wall","player_choice":"Grow","floor":2.0,"gold_loss":0.0,"damage_taken":0.0,"cards_upgraded":["Dualcast"]},{"damage_healed":0.0,"max_hp_gain":0.0,"max_hp_loss":0.0,"gold_gain":0.0,"event_name":"Back to Basics","player_choice":"Simplicity","floor":20.0,"gold_loss":0.0,"damage_taken":0.0,"cards_upgraded":["Strike_B","Strike_B","Strike_B","Strike_B","Defend_B","Defend_B","Defend_B","Defend_B"]},{"damage_healed":0.0,"max_hp_gain":0.0,"max_hp_loss":0.0,"gold_gain":0.0,"event_name":"Duplicator","player_choice":"Copied","floor":22.0,"gold_loss":0.0,"damage_taken":0.0,"cards_obtained":["Defragment"]},{"damage_healed":0,"gold_gain":0,"player_choice":"Fight","damage_taken":0,"max_hp_gain":0,"max_hp_loss":0,"event_name":"Mysterious Sphere","floor":39,"gold_loss":0}],"is_beta":true,"boss_relics":[{"not_picked":["White Beast Statue","FrozenCore"],"picked":"Runic Dome"},{"not_picked":["Philosopher\u0027s Stone","Eternal Feather"],"picked":"Fusion Hammer"}],"items_purged_floors":[28,36,41],"is_endless":false,"potions_floor_spawned":[5,7,10,13,18,21,30,31,38,40],"killed_by":"Nemesis","ascension_level":20}