{"gold_per_floor":[115,24,40,51,51,81,101,120,120,136,136,147,147,147,147,249,249,261,280,205,205,221,221],"floor_reached":23,"playtime":1109,"items_purged":["Defend_B"],"score":195,"play_id":"83947f1c-698a-4785-93f6-544333ccff82","local_time":"20190330114547","is_ascension_mode":false,"campfire_choices":[{"floor":11,"key":"REST"},{"floor":15,"key":"REST"}],"neow_cost":"NONE","seed_source_timestamp":611501221092400,"circlet_count":0,"master_deck":["Strike_B","Strike_B","Strike_B","Defend_B","Defend_B","Defend_B","Zap","Dualcast","Lockon","Redo","Ball Lightning","Gash","Genetic Algorithm","Go for the Eyes","Darkness","Conserve Battery","Core Surge","Beam Cell","Gash","Rebound+1","Self Repair","Undo+1"],"relics":["Cracked Core","Ornamental Fan","Mummified Hand","Gremlin Horn","Letter Opener","Runic Pyramid"],"potions_floor_usage":[16,16,16],"damage_taken":[{"damage":5,"enemies":"Cultist","floor":1,"turns":4},{"damage":1,"enemies":"Jaw Worm","floor":3,"turns":3},{"damage":1,"enemies":"2 Louse","floor":4,"turns":3},{"damage":37,"enemies":"Lagavulin","floor":6,"turns":6},{"damage":0,"enemies":"Large Slime","floor":7,"turns":3},{"damage":14,"enemies":"Exordium Thugs","floor":8,"turns":4},{"damage":0,"enemies":"Blue Slaver","floor":10,"turns":3},{"damage":13,"enemies":"Gremlin Gang","floor":12,"turns":3},{"damage":12,"enemies":"Hexaghost","floor":16,"turns":8},{"damage":0,"enemies":"3 Byrds","floor":18,"turns":4},{"damage":13,"enemies":"2 Thieves","floor":19,"turns":4},{"damage":26,"enemies":"Snecko","floor":22,"turns":6},{"damage":50,"enemies":"Slavers","floor":23,"turns":2}],"seed_played":"1731792574563618886","potions_obtained":[{"floor":3,"key":"Poison Potion"},{"floor":8,"key":"GamblersBrew"},{"floor":12,"key":"Strength Potion"},{"floor":19,"key":"FocusPotion"},{"floor":22,"key":"FearPotion"}],"is_trial":false,"path_per_floor":["M","$","M","M","$","E","M","M","T","M","R","M","T","?","R","B",null,"M","M","$","?","M","E"],"character_chosen":"DEFECT","items_purchased":["Ball Lightning","Gash"],"campfire_rested":2,"item_purchase_floors":[2,2],"current_hp_per_floor":[70,70,69,68,68,31,31,17,17,17,39,26,26,1,23,11,75,75,62,62,62,43,0],"gold":221,"neow_bonus":"TRANSFORM_CARD","is_prod":false,"is_daily":false,"chose_seed":false,"campfire_upgraded":0,"win_rate":0.0,"timestamp":1553960747,"path_taken":["M","?","M","M","$","E","M","M","T","M","R","?","?","?","R","BOSS","M","M","$","?","M","E"],"build_version":"2019-01-23","purchased_purges":1,"victory":false,"max_hp_per_floor":[75,75,75,75,75,75,75,75,75,75,75,75,75,75,75,75,75,75,75,75,75,75,75],"card_choices":[{"not_picked":["Rebound","Barrage"],"picked":"Redo","floor":1},{"not_picked":["Rip and Tear","Conserve Battery"],"picked":"Genetic Algorithm","floor":3},{"not_picked":["Stack","Rebound"],"picked":"Go for the Eyes","floor":4},{"not_picked":["Reinforced Body","Sunder"],"picked":"Darkness","floor":6},{"not_picked":["Aggregate","Redo"],"picked":"Conserve Battery","floor":7},{"not_picked":["Recycle","Loop"],"picked":"Core Surge","floor":8},{"not_picked":["Chill","Steam"],"picked":"Beam Cell","floor":10},{"not_picked":["Redo","Ball Lightning"],"picked":"Gash","floor":12},{"not_picked":["Gash","Compile Driver"],"picked":"Rebound+1","floor":18},{"not_picked":["Aggregate","Compile Driver"],"picked":"Self Repair","floor":19},{"not_picked":["Reinforced Body","Beam Cell"],"picked":"Undo+1","floor":22}],"player_experience":45519,"relics_obtained":[{"floor":6,"key":"Ornamental Fan"},{"floor":9,"key":"Mummified Hand"},{"floor":13,"key":"Gremlin Horn"}],"event_choices":[{"damage_healed":0,"gold_gain":0,"player_choice":"Success","damage_taken":25,"relics_obtained":["Letter Opener"],"max_hp_gain":0,"max_hp_loss":0,"event_name":"Scrap Ooze","floor":14,"gold_loss":0},{"damage_healed":0,"gold_gain":0,"player_choice":"Ignored","damage_taken":0,"max_hp_gain":0,"max_hp_loss":0,"event_name":"Ghosts","floor":21,"gold_loss":0}],"is_beta":false,"boss_relics":[{"not_picked":["Empty Cage","Coffee Dripper"],"picked":"Runic Pyramid"}],"items_purged_floors":[20],"is_endless":false,"potions_floor_spawned":[3,8,12,19,22],"killed_by":"Slavers","ascension_level":0}