{"gold_per_floor":[113,113,1,15,15,42,42,53,53,68,97,22,50,62,62,157,157,176,176,76,94,113,113,113,143,213,232,232,264,284,79,79,182,182,199,274,285,135,145,145,163,192,238,11,42,42,59,71,71,71],"floor_reached":51,"playtime":2597,"items_purged":["Strike_G","Strike_G","Strike_G","Strike_G","Strike_G"],"score":992,"play_id":"08ac5f3f-d5de-48bb-9b7a-45478985a98d","local_time":"20190424181853","is_ascension_mode":false,"campfire_choices":[{"data":"Bouncing Flask","floor":7,"key":"SMITH"},{"data":"Well Laid Plans","floor":15,"key":"SMITH"},{"floor":23,"key":"REST"},{"data":"Footwork","floor":28,"key":"SMITH"},{"data":"Crippling Poison","floor":32,"key":"SMITH"},{"data":"PiercingWail","floor":40,"key":"SMITH"},{"floor":49,"key":"REST"}],"neow_cost":"NONE","seed_source_timestamp":322484676053135,"circlet_count":0,"master_deck":["Defend_G","Defend_G","Defend_G","Defend_G","Defend_G","Survivor","Neutralize+1","Heel Hook","Footwork+1","Crippling Poison+1","Dagger Throw","Bouncing Flask+1","PiercingWail+1","Backstab","Well Laid Plans+1","Bouncing Flask+1","Crippling Poison+1","Adrenaline+1","Calculated Gamble+1","Dodge and Roll+1","Leg Sweep+1","PiercingWail+1","Acrobatics+1","Bouncing Flask+1","Bouncing Flask+1","Bullet Time+1","Tactician+1","Expertise+1","Leg Sweep+1","Malaise+1","Acrobatics+1"],"relics":["Ring of the Snake","NeowsBlessing","Mercury Hourglass","Strawberry","Vajra","Toxic Egg 2","Snecko Eye","Bronze Scales","Bottled Tornado","PreservedInsect","Orrery","Torii","Regal Pillow","Tough Bandages"],"potions_floor_usage":[11,13],"damage_taken":[{"damage":0,"enemies":"Cultist","floor":1,"turns":1},{"damage":0,"enemies":"Jaw Worm","floor":4,"turns":1},{"damage":0,"enemies":"Gremlin Nob","floor":6,"turns":1},{"damage":7,"enemies":"Small Slimes","floor":8,"turns":2},{"damage":12,"enemies":"Exordium Wildlife","floor":10,"turns":5},{"damage":6,"enemies":"3 Sentries","floor":11,"turns":6},{"damage":8,"enemies":"Gremlin Nob","floor":13,"turns":3},{"damage":0,"enemies":"3 Louse","floor":14,"turns":2},{"damage":0,"enemies":"Hexaghost","floor":16,"turns":7},{"damage":0,"enemies":"Shell Parasite","floor":18,"turns":3},{"damage":14,"enemies":"2 Thieves","floor":21,"turns":3},{"damage":3,"enemies":"Sentry and Sphere","floor":22,"turns":4},{"damage":0,"enemies":"Book of Stabbing","floor":25,"turns":5},{"damage":0,"enemies":"Shelled Parasite and Fungi","floor":27,"turns":4},{"damage":3,"enemies":"Gremlin Leader","floor":29,"turns":5},{"damage":0,"enemies":"Centurion and Healer","floor":30,"turns":4},{"damage":23,"enemies":"Automaton","floor":33,"turns":9},{"damage":0,"enemies":"3 Shapes","floor":35,"turns":4},{"damage":8,"enemies":"Orb Walker","floor":37,"turns":4},{"damage":3,"enemies":"3 Darklings","floor":39,"turns":3},{"damage":14,"enemies":"Maw","floor":41,"turns":6},{"damage":0,"enemies":"Nemesis","floor":42,"turns":5},{"damage":0,"enemies":"Giant Head","floor":45,"turns":7},{"damage":0,"enemies":"Spire Growth","floor":47,"turns":4},{"damage":0,"enemies":"4 Shapes","floor":48,"turns":3},{"damage":0,"enemies":"Donu and Deca","floor":50,"turns":8}],"seed_played":"-8724752762210880388","potions_obtained":[{"floor":1,"key":"Energy Potion"},{"floor":4,"key":"Dexterity Potion"},{"floor":8,"key":"Energy Potion"},{"floor":22,"key":"Strength Potion"},{"floor":25,"key":"PowerPotion"},{"floor":27,"key":"GhostInAJar"}],"is_trial":false,"path_per_floor":["M","?","$","M","?","E","R","M","T","M","E","$","E","M","R","B",null,"M","?","$","M","M","R","?","E","T","M","R","E","M","$","R","B",null,"M","?","M","$","M","R","M","E","T","$","E","?","M","M","R","B",null],"character_chosen":"THE_SILENT","items_purchased":["Footwork","Crippling Poison","Bouncing Flask+1","Acrobatics+1"],"campfire_rested":2,"item_purchase_floors":[3,3,31,44],"current_hp_per_floor":[70,70,70,70,70,70,70,63,70,58,52,52,44,44,44,44,77,77,63,63,49,46,70,70,70,70,70,70,67,67,67,67,44,82,82,74,66,66,63,63,49,49,49,49,49,49,49,49,82,82],"gold":71,"neow_bonus":"THREE_ENEMY_KILL","is_prod":false,"is_daily":false,"chose_seed":false,"campfire_upgraded":5,"win_rate":0.0,"timestamp":1556126333,"path_taken":["M","?","$","M","?","E","R","M","T","M","E","$","E","M","R","BOSS","M","?","$","M","M","R","?","E","T","M","R","E","M","$","R","BOSS","M","?","M","$","M","R","M","E","T","?","E","?","?","M","R","BOSS"],"build_version":"2019-04-23","purchased_purges":5,"victory":true,"max_hp_per_floor":[70,70,70,70,70,70,70,70,77,77,77,77,77,77,77,77,77,77,82,82,82,82,82,82,82,82,82,82,82,82,82,82,82,82,82,82,82,82,82,82,82,82,82,82,82,82,82,82,82,82],"card_choices":[{"not_picked":["Reflex","Eviscerate"],"picked":"Heel Hook","floor":1},{"not_picked":["Expertise","Dagger Spray"],"picked":"Dagger Throw","floor":4},{"not_picked":["Deflect","Riddle With Holes"],"picked":"Bouncing Flask","floor":6},{"not_picked":["Slice","Sucker Punch"],"picked":"PiercingWail","floor":8},{"not_picked":["Infinite Blades","Sucker Punch"],"picked":"Backstab","floor":10},{"not_picked":["Bouncing Flask","Deadly Poison"],"picked":"Well Laid Plans","floor":11},{"not_picked":["Prepared","Flying Knee"],"picked":"Bouncing Flask","floor":13},{"not_picked":["Finisher","Bouncing Flask+1"],"picked":"Crippling Poison+1","floor":14},{"not_picked":["Bullet Time+1","Die Die Die"],"picked":"Adrenaline+1","floor":16},{"not_picked":["Flying Knee","Distraction+1","Quick Slash+1"],"picked":"SKIP","floor":18},{"not_picked":["Sucker Punch","Blade Dance+1"],"picked":"Calculated Gamble+1","floor":21},{"not_picked":["Escape Plan+1","Distraction+1"],"picked":"Dodge and Roll+1","floor":22},{"not_picked":["Riddle With Holes","Terror+1","Glass Knife"],"picked":"SKIP","floor":25},{"not_picked":["Poisoned Stab","Prepared+1"],"picked":"PiercingWail+1","floor":27},{"not_picked":["Adrenaline+1","Riddle With Holes"],"picked":"Acrobatics+1","floor":29},{"not_picked":["Backflip+1","Infinite Blades+1"],"picked":"Bouncing Flask+1","floor":30},{"not_picked":["Adrenaline+1","Die Die Die"],"picked":"Bullet Time+1","floor":33},{"not_picked":["Quick Slash+1","Masterful Stab+1"],"picked":"Tactician+1","floor":34},{"not_picked":["Outmaneuver+1","Deflect+1"],"picked":"Expertise+1","floor":34},{"not_picked":["Flechettes","Backstab+1","Deadly Poison+1"],"picked":"SKIP","floor":35},{"not_picked":["Blade Dance+1","Dash+1","Dodge and Roll+1"],"picked":"SKIP","floor":37},{"not_picked":["Quick Slash+1","Deflect+1"],"picked":"Leg Sweep+1","floor":39},{"not_picked":["Poisoned Stab+1","Skewer+1","Underhanded Strike"],"picked":"SKIP","floor":41},{"not_picked":["Flying Knee+1","Slice+1"],"picked":"Malaise+1","floor":42},{"not_picked":["Flying Knee+1","Deflect+1","Riddle With Holes+1"],"picked":"SKIP","floor":45},{"not_picked":["Dodge and Roll+1","Poisoned Stab+1","Dagger Spray+1"],"picked":"SKIP","floor":47},{"not_picked":["Prepared+1","Flying Knee","Escape Plan+1"],"picked":"SKIP","floor":48}],"player_experience":2011,"relics_obtained":[{"floor":6,"key":"Mercury Hourglass"},{"floor":9,"key":"Strawberry"},{"floor":11,"key":"Vajra"},{"floor":13,"key":"Toxic Egg 2"},{"floor":25,"key":"Bronze Scales"},{"floor":26,"key":"Bottled Tornado"},{"floor":29,"key":"PreservedInsect"},{"floor":42,"key":"Torii"},{"floor":43,"key":"Regal Pillow"},{"floor":45,"key":"Tough Bandages"}],"event_choices":[{"damage_healed":0,"gold_gain":0,"player_choice":"Grow","damage_taken":0,"max_hp_gain":0,"max_hp_loss":0,"event_name":"Living Wall","floor":2,"gold_loss":0,"cards_upgraded":["Neutralize"]},{"damage_healed":0,"gold_gain":0,"player_choice":"Leave","damage_taken":0,"max_hp_gain":0,"max_hp_loss":0,"event_name":"The Cleric","floor":5,"gold_loss":0},{"damage_healed":0,"gold_gain":0,"player_choice":"Shed Blood","damage_taken":19,"max_hp_gain":5,"max_hp_loss":0,"event_name":"Forgotten Altar","floor":19,"gold_loss":0},{"damage_healed":0,"gold_gain":0,"player_choice":"Read","damage_taken":0,"max_hp_gain":0,"max_hp_loss":0,"event_name":"The Library","floor":24,"gold_loss":0,"cards_obtained":["Leg Sweep"]},{"damage_healed":0,"gold_gain":75,"player_choice":"Touch","damage_taken":8,"max_hp_gain":0,"max_hp_loss":0,"event_name":"FaceTrader","floor":36,"gold_loss":0},{"damage_healed":0,"gold_gain":0,"player_choice":"0 cards matched","damage_taken":0,"max_hp_gain":0,"max_hp_loss":0,"event_name":"Match and Keep!","floor":46,"gold_loss":0,"cards_obtained":[]}],"is_beta":true,"boss_relics":[{"not_picked":["Fusion Hammer","Sozu"],"picked":"Snecko Eye"},{"not_picked":["Coffee Dripper","Lizard Tail"],"picked":"Orrery"}],"items_purged_floors":[12,20,31,38,44],"is_endless":false,"potions_floor_spawned":[1,4,8,22,25,27,33,35,39,45,48],"ascension_level":0}