{"gold_per_floor":[111,111,122,139,139,139,150,182,208,227,254,254,254,272,272,393,393,417,417,542,542,542,575,575,588,660,660,680,695,713,731,731,851,851,865,865,865,931,954,998,998,998],"floor_reached":42,"playtime":1253,"items_purged":[],"score":643,"play_id":"eceb36ef-93bc-4c2d-b7c4-9c6c9a1c9d9b","local_time":"20190130190100","is_ascension_mode":true,"campfire_choices":[{"data":"Inflame","floor":6,"key":"SMITH"},{"data":"Immolate","floor":13,"key":"SMITH"},{"data":"Armaments","floor":15,"key":"SMITH"},{"floor":24,"key":"REST"},{"floor":27,"key":"REST"},{"data":"Perfected Strike","floor":32,"key":"SMITH"},{"floor":41,"key":"REST"}],"neow_cost":"NONE","seed_source_timestamp":65078722210871,"circlet_count":0,"master_deck":["Strike_R+1","Strike_R+1","Strike_R+1","Strike_R+1","Strike_R+1","Defend_R+1","Defend_R+1","Defend_R+1","Defend_R+1","Bash","Inflame+1","Bludgeon","Armaments+1","Armaments+1","Immolate+1","Power Through","Bloodletting","Injury","Thunderclap","Double Tap","Armaments+1","Pommel Strike+1","Writhe","Immolate+1","Shrug It Off+1","Thunderclap+1","Immolate","Sever Soul+1","Iron Wave+1","Perfected Strike+1","Carnage","Fiend Fire","Chrysalis","Pommel Strike+1","Rage+1","Thunderclap+1","Iron Wave+1"],"relics":["Burning Blood","Centennial Puzzle","Vajra","Dream Catcher","Golden Idol","Snecko Eye","Du-Vu Doll","Letter Opener","Boot","Blood Vial","Busted Crown","Kunai","Incense Burner","Ginger"],"potions_floor_usage":[10,11,20,20,23,28,33,33,40,40,42],"damage_taken":[{"damage":2,"enemies":"Jaw Worm","floor":1,"turns":4},{"damage":6,"enemies":"Cultist","floor":3,"turns":3},{"damage":21,"enemies":"Small Slimes","floor":4,"turns":4},{"damage":0,"enemies":"2 Fungi Beasts","floor":7,"turns":5},{"damage":25,"enemies":"3 Sentries","floor":8,"turns":8},{"damage":11,"enemies":"Large Slime","floor":10,"turns":6},{"damage":5,"enemies":"Gremlin Nob","floor":11,"turns":3},{"damage":4,"enemies":"3 Louse","floor":14,"turns":3},{"damage":42,"enemies":"Hexaghost","floor":16,"turns":8},{"damage":21,"enemies":"Shell Parasite","floor":18,"turns":6},{"damage":14,"enemies":"Colosseum Slavers","floor":20,"turns":2},{"damage":9,"enemies":"Colosseum Nobs","floor":20,"turns":5},{"damage":31,"enemies":"Slavers","floor":23,"turns":4},{"damage":1,"enemies":"2 Thieves","floor":25,"turns":2},{"damage":8,"enemies":"Shelled Parasite and Fungi","floor":28,"turns":2},{"damage":12,"enemies":"Cultist and Chosen","floor":29,"turns":3},{"damage":0,"enemies":"Sentry and Sphere","floor":30,"turns":3},{"damage":3,"enemies":"Snake Plant","floor":31,"turns":2},{"damage":17,"enemies":"Champ","floor":33,"turns":6},{"damage":0,"enemies":"3 Darklings","floor":35,"turns":1},{"damage":19,"enemies":"2 Orb Walkers","floor":38,"turns":2},{"damage":8,"enemies":"3 Shapes","floor":39,"turns":2},{"damage":47,"enemies":"Giant Head","floor":40,"turns":6},{"damage":48,"enemies":"Reptomancer","floor":42,"turns":2}],"seed_played":"-6931744745012088046","potions_obtained":[{"floor":0,"key":"Strength Potion"},{"floor":0,"key":"Dexterity Potion"},{"floor":0,"key":"Block Potion"},{"floor":10,"key":"AttackPotion"},{"floor":14,"key":"EssenceOfSteel"},{"floor":23,"key":"EssenceOfSteel"},{"floor":25,"key":"LiquidBronze"},{"floor":30,"key":"PowerPotion"},{"floor":31,"key":"FearPotion"},{"floor":38,"key":"SteroidPotion"},{"floor":40,"key":"Dexterity Potion"}],"is_trial":false,"path_per_floor":["M","?","M","M","?","R","M","E","T","M","E","?","R","M","R","B",null,"M","?","?","?","?","E","R","M","T","R","M","M","M","M","R","B",null,"M","?","T","?","M","E","R","E"],"character_chosen":"IRONCLAD","items_purchased":[],"campfire_rested":3,"item_purchase_floors":[],"current_hp_per_floor":[76,76,76,61,61,61,67,48,48,43,44,44,44,46,46,10,63,48,48,37,37,37,12,36,43,43,67,67,63,71,76,76,67,77,80,70,70,59,59,20,44,0],"gold":998,"neow_bonus":"THREE_SMALL_POTIONS","is_prod":false,"is_daily":false,"chose_seed":false,"campfire_upgraded":4,"win_rate":0,"timestamp":1548885660,"path_taken":["M","?","?","M","?","R","M","E","T","M","E","?","R","M","R","BOSS","M","?","?","?","?","E","R","M","T","R","M","M","?","M","R","BOSS","M","?","?","?","M","E","R","E"],"build_version":"2019-01-23","purchased_purges":0,"victory":false,"max_hp_per_floor":[80,80,80,80,80,80,80,80,80,80,80,80,80,80,80,80,80,80,80,80,80,80,80,80,80,80,80,80,80,80,80,80,80,80,80,80,80,80,80,80,80,80],"card_choices":[{"not_picked":["Flex","Shrug It Off"],"picked":"Inflame","floor":1},{"not_picked":["Warcry","Pommel Strike"],"picked":"Bludgeon","floor":3},{"not_picked":["Havoc","True Grit"],"picked":"Armaments","floor":4},{"not_picked":["Sword Boomerang","Twin Strike"],"picked":"Armaments","floor":7},{"not_picked":["Heavy Blade","Disarm"],"picked":"Immolate","floor":8},{"not_picked":["True Grit","Wild Strike"],"picked":"Power Through","floor":10},{"not_picked":["Juggernaut","Body Slam"],"picked":"Bloodletting","floor":11},{"not_picked":["Perfected Strike","Havoc"],"picked":"Thunderclap","floor":14},{"not_picked":["Brutality","Barricade"],"picked":"Double Tap","floor":16},{"not_picked":["Pommel Strike+1","Cleave"],"picked":"Armaments+1","floor":18},{"not_picked":["Armaments","Havoc"],"picked":"Pommel Strike+1","floor":20},{"not_picked":["Headbutt","Perfected Strike"],"picked":"Shrug It Off+1","floor":23},{"not_picked":["Sentinel","Dropkick"],"picked":"Thunderclap+1","floor":25},{"not_picked":["Pommel Strike","Shockwave"],"picked":"Immolate","floor":27},{"not_picked":["Clash","Ghostly Armor"],"picked":"Sever Soul+1","floor":28},{"not_picked":["Perfected Strike","Havoc+1"],"picked":"Iron Wave+1","floor":29},{"not_picked":["Evolve","Juggernaut"],"picked":"Perfected Strike","floor":30},{"not_picked":["Warcry","Metallicize"],"picked":"Carnage","floor":31},{"not_picked":["Limit Break","Juggernaut"],"picked":"Fiend Fire","floor":33},{"not_picked":["Anger"],"picked":"SKIP","floor":35},{"not_picked":[],"picked":"Chrysalis","floor":36},{"not_picked":[],"picked":"Pommel Strike+1","floor":38},{"not_picked":[],"picked":"Rage+1","floor":39},{"not_picked":[],"picked":"Thunderclap+1","floor":40},{"not_picked":[],"picked":"Iron Wave+1","floor":41}],"player_experience":691303,"relics_obtained":[{"floor":8,"key":"Centennial Puzzle"},{"floor":9,"key":"Vajra"},{"floor":11,"key":"Dream Catcher"},{"floor":20,"key":"Du-Vu Doll"},{"floor":20,"key":"Letter Opener"},{"floor":23,"key":"Blood Vial"},{"floor":37,"key":"Kunai"},{"floor":38,"key":"Incense Burner"},{"floor":40,"key":"Ginger"}],"event_choices":[{"damage_healed":0,"gold_gain":0,"player_choice":"Got Potions","damage_taken":0,"max_hp_gain":0,"max_hp_loss":0,"event_name":"Lab","floor":2,"gold_loss":0},{"damage_healed":0,"gold_gain":0,"player_choice":"Grow","damage_taken":0,"max_hp_gain":0,"max_hp_loss":0,"event_name":"Living Wall","floor":5,"gold_loss":0,"cards_upgraded":["Armaments"]},{"damage_healed":0,"gold_gain":0,"player_choice":"Take Wound","damage_taken":0,"relics_obtained":["Golden Idol"],"max_hp_gain":0,"max_hp_loss":0,"event_name":"Golden Idol","floor":12,"gold_loss":0,"cards_obtained":["Injury"]},{"damage_healed":0,"gold_gain":0,"player_choice":"Simplicity","damage_taken":0,"max_hp_gain":0,"max_hp_loss":0,"event_name":"Back to Basics","floor":19,"gold_loss":0,"cards_upgraded":["Strike_R","Strike_R","Strike_R","Strike_R","Strike_R","Defend_R","Defend_R","Defend_R","Defend_R"]},{"damage_healed":0,"gold_gain":0,"player_choice":"Fight","damage_taken":0,"max_hp_gain":0,"max_hp_loss":0,"event_name":"Colosseum","floor":20,"gold_loss":0},{"damage_healed":0,"gold_gain":0,"player_choice":"Fought Nobs","damage_taken":0,"max_hp_gain":0,"max_hp_loss":0,"event_name":"Colosseum","floor":20,"gold_loss":0},{"damage_healed":0,"gold_gain":0,"player_choice":"Opened","damage_taken":0,"relics_obtained":["Boot"],"max_hp_gain":0,"max_hp_loss":0,"event_name":"The Mausoleum","floor":21,"gold_loss":0,"cards_obtained":["Writhe"]},{"damage_healed":0,"gold_gain":0,"player_choice":"Copied","damage_taken":0,"max_hp_gain":0,"max_hp_loss":0,"event_name":"Duplicator","floor":22,"gold_loss":0,"cards_obtained":["Immolate"]},{"damage_healed":0,"gold_gain":0,"player_choice":"Memory 3","damage_taken":10,"max_hp_gain":0,"max_hp_loss":0,"event_name":"SensoryStone","floor":36,"gold_loss":0},{"damage_healed":0,"gold_gain":0,"player_choice":"Fight","damage_taken":0,"max_hp_gain":0,"max_hp_loss":0,"event_name":"Mysterious Sphere","floor":38,"gold_loss":0}],"is_beta":false,"boss_relics":[{"not_picked":["Runic Pyramid","Pandora\u0027s Box"],"picked":"Snecko Eye"},{"not_picked":["Runic Cube","Eternal Feather"],"picked":"Busted Crown"}],"items_purged_floors":[],"is_endless":false,"potions_floor_spawned":[1,7,10,14,18,23,25,30,31,38,40],"killed_by":"Reptomancer","ascension_level":7}