{"gold_per_floor":[119,119,133,150,150,150,179,104,172,192,211,111,127,140,140,217,217,231,250,262,44,44,44,64,64],"floor_reached":25,"playtime":876,"items_purged":["Strike_B","Strike_B","Strike_B"],"score":362,"play_id":"bedd1c42-d758-443c-9321-bf7218b52d1f","local_time":"20190429213346","is_ascension_mode":true,"campfire_choices":[{"data":"Gash","floor":6,"key":"SMITH"},{"floor":15,"key":"REST"},{"floor":23,"key":"REST"}],"neow_cost":"NONE","seed_source_timestamp":1582753618640977,"circlet_count":0,"master_deck":["AscendersBane","Strike_B","Defend_B","Defend_B","Defend_B","Defend_B","Zap","Dualcast","Gash+1","Hologram","Gash+1","Rebound","Gash","Hologram","Scrape","All For One","Go for the Eyes","Scrape","PanicButton","Electrodynamics"],"relics":["Cracked Core","NeowsBlessing","PreservedInsect","Mercury Hourglass","Nuclear Battery"],"potions_floor_usage":[16,18,25],"damage_taken":[{"damage":0,"enemies":"Cultist","floor":1,"turns":1},{"damage":0,"enemies":"2 Louse","floor":3,"turns":1},{"damage":0,"enemies":"Jaw Worm","floor":4,"turns":1},{"damage":27,"enemies":"3 Sentries","floor":7,"turns":7},{"damage":10,"enemies":"Gremlin Gang","floor":10,"turns":3},{"damage":4,"enemies":"2 Fungi Beasts","floor":11,"turns":2},{"damage":0,"enemies":"3 Louse","floor":13,"turns":2},{"damage":5,"enemies":"Gremlin Gang","floor":14,"turns":3},{"damage":23,"enemies":"Slime Boss","floor":16,"turns":6},{"damage":24,"enemies":"2 Thieves","floor":18,"turns":3},{"damage":14,"enemies":"Shell Parasite","floor":19,"turns":2},{"damage":0,"enemies":"Centurion and Healer","floor":20,"turns":4},{"damage":34,"enemies":"Snecko","floor":24,"turns":5},{"damage":26,"enemies":"Slavers","floor":25,"turns":1}],"seed_played":"-2522949450292428037","potions_obtained":[{"floor":2,"key":"SteroidPotion"},{"floor":2,"key":"FairyPotion"},{"floor":16,"key":"Fire Potion"},{"floor":19,"key":"SkillPotion"}],"is_trial":false,"path_per_floor":["M","?","M","M","?","R","E","$","T","M","M","$","M","M","R","B",null,"M","M","M","$","?","R","M","E"],"character_chosen":"DEFECT","items_purchased":["PanicButton"],"campfire_rested":2,"item_purchase_floors":[21],"current_hp_per_floor":[64,64,64,64,64,64,37,37,37,27,23,23,23,18,39,16,57,33,19,19,19,19,40,6,0],"gold":64,"neow_bonus":"THREE_ENEMY_KILL","is_prod":false,"is_daily":false,"chose_seed":false,"campfire_upgraded":1,"win_rate":0,"timestamp":1556584426,"path_taken":["M","?","?","M","?","R","E","$","T","M","M","$","M","M","R","BOSS","M","M","M","$","?","R","M","E"],"build_version":"2019-01-23","purchased_purges":3,"victory":false,"max_hp_per_floor":[71,71,71,71,71,71,71,71,71,71,71,71,71,71,71,71,71,71,71,71,71,71,71,71,71],"card_choices":[{"not_picked":["Go for the Eyes","Stack"],"picked":"Gash","floor":1},{"not_picked":["Ball Lightning","Coolheaded"],"picked":"Hologram","floor":3},{"not_picked":["Streamline","Self Repair"],"picked":"Gash","floor":4},{"not_picked":["Steam","Amplify"],"picked":"Rebound","floor":7},{"not_picked":["Redo","Self Repair"],"picked":"Gash","floor":10},{"not_picked":["Turbo","Rebound"],"picked":"Hologram","floor":11},{"not_picked":["Heatsinks","Barrage","Blizzard"],"picked":"SKIP","floor":13},{"not_picked":["Genetic Algorithm","Coolheaded"],"picked":"Scrape","floor":14},{"not_picked":["Electrodynamics","Thunder Strike"],"picked":"All For One","floor":16},{"not_picked":["Chaos","Barrage"],"picked":"Go for the Eyes","floor":18},{"not_picked":["Barrage","Streamline","Sweeping Beam"],"picked":"SKIP","floor":19},{"not_picked":["Leap","Beam Cell"],"picked":"Scrape","floor":20},{"not_picked":["Hello World","Turbo"],"picked":"Electrodynamics","floor":24}],"player_experience":1267228,"relics_obtained":[{"floor":7,"key":"PreservedInsect"},{"floor":9,"key":"Mercury Hourglass"}],"event_choices":[{"damage_healed":0,"gold_gain":0,"player_choice":"Got Potions","damage_taken":0,"max_hp_gain":0,"max_hp_loss":0,"event_name":"Lab","floor":2,"gold_loss":0},{"damage_healed":0,"gold_gain":0,"player_choice":"Grow","damage_taken":0,"max_hp_gain":0,"max_hp_loss":0,"event_name":"Living Wall","floor":5,"gold_loss":0,"cards_upgraded":["Gash"]},{"damage_healed":0,"gold_gain":0,"player_choice":"Ignored","damage_taken":0,"max_hp_gain":0,"max_hp_loss":0,"event_name":"Cursed Tome","floor":22,"gold_loss":0}],"is_beta":false,"boss_relics":[{"not_picked":["Philosopher\u0027s Stone","Coffee Dripper"],"picked":"Nuclear Battery"}],"items_purged_floors":[8,12,21],"is_endless":false,"potions_floor_spawned":[7,13,14,16,19,24],"killed_by":"Slavers","ascension_level":15}