{"gold_per_floor":[214,232,232,232,251,251,268,27,27,62,62,94,42,73,73,172,172,189,207,76,96,113,140,140,170,170,170,170,200,212,212,212,307,307,326,337,12,12,23,57,67,100,125,225,260,279,279,297,297,297,297,297,9,35,35],"floor_reached":55,"playtime":4297,"items_purged":["Defend_B","Strike_B"],"score":1169,"play_id":"e9a628c0-91f9-4bc7-b8bb-2836f33fd8c1","local_time":"20190427140706","is_ascension_mode":true,"campfire_choices":[{"data":"Zap","floor":6.0,"key":"SMITH"},{"data":"Sunder","floor":11.0,"key":"SMITH"},{"data":"Coolheaded","floor":15.0,"key":"SMITH"},{"data":"Double Energy","floor":24.0,"key":"SMITH"},{"floor":27.0,"key":"REST"},{"data":"Echo Form","floor":32.0,"key":"SMITH"},{"floor":49,"key":"RECALL"},{"floor":52,"key":"REST"}],"neow_cost":"NONE","seed_source_timestamp":0,"circlet_count":0,"master_deck":["Strike_B","Strike_B+1","Defend_B","Defend_B","Defend_B","Zap+1","Dualcast","Coolheaded+1","Self Repair","BootSequence","Go for the Eyes","Compile Driver","Sunder+1","Dramatic Entrance+1","Rebound","Darkness","Core Surge","Double Energy+1","Defragment+1","Echo Form+1","Turbo","Aggregate","Steam","Ball Lightning+1","Multi-Cast","Coolheaded","Lockon+1","Sweeping Beam+1","Undo+1","Recycle+1","Beam Cell+1","Biased Cognition","Defragment+1"],"special_seed":0,"relics":["Cracked Core","Blue Candle","Letter Opener","Ornamental Fan","Whetstone","Kunai","Runic Pyramid","Ancient Tea Set","Molten Egg 2","Bottled Lightning","Lantern","Bottled Tornado","Fusion Hammer","Bag of Marbles","Pear","Pen Nib","Bird Faced Urn","Orichalcum","DollysMirror","Mercury Hourglass"],"potions_floor_usage":[54,55,55],"damage_taken":[{"damage":0.0,"enemies":"Small Slimes","floor":1.0,"turns":3.0},{"damage":0.0,"enemies":"Cultist","floor":2.0,"turns":3.0},{"damage":0.0,"enemies":"Jaw Worm","floor":5.0,"turns":4.0},{"damage":0.0,"enemies":"Exordium Wildlife","floor":7.0,"turns":4.0},{"damage":8.0,"enemies":"Gremlin Nob","floor":10.0,"turns":4.0},{"damage":4.0,"enemies":"3 Sentries","floor":12.0,"turns":4.0},{"damage":10.0,"enemies":"Lagavulin","floor":14.0,"turns":5.0},{"damage":0.0,"enemies":"Slime Boss","floor":16.0,"turns":5.0},{"damage":6.0,"enemies":"3 Byrds","floor":18.0,"turns":4.0},{"damage":0.0,"enemies":"Shell Parasite","floor":19.0,"turns":5.0},{"damage":14.0,"enemies":"Snake Plant","floor":21.0,"turns":5.0},{"damage":0.0,"enemies":"Chosen and Byrds","floor":22.0,"turns":6.0},{"damage":35.0,"enemies":"Slavers","floor":23.0,"turns":4.0},{"damage":21.0,"enemies":"Gremlin Leader","floor":25.0,"turns":4.0},{"damage":5.0,"enemies":"Book of Stabbing","floor":29.0,"turns":5.0},{"damage":0.0,"enemies":"Cultist and Chosen","floor":30.0,"turns":5.0},{"damage":0.0,"enemies":"Automaton","floor":33.0,"turns":8.0},{"damage":12.0,"enemies":"3 Darklings","floor":35.0,"turns":3.0},{"damage":0.0,"enemies":"Orb Walker","floor":36.0,"turns":3.0},{"damage":0.0,"enemies":"Spire Growth","floor":39.0,"turns":3.0},{"damage":1.0,"enemies":"Reptomancer","floor":40.0,"turns":5.0},{"damage":0.0,"enemies":"Transient","floor":41.0,"turns":5.0},{"damage":0.0,"enemies":"Giant Head","floor":42.0,"turns":8.0},{"damage":0,"enemies":"Mind Bloom Boss Battle","floor":44,"turns":5},{"damage":0,"enemies":"Nemesis","floor":45,"turns":5},{"damage":13,"enemies":"Jaw Worm Horde","floor":46,"turns":3},{"damage":21,"enemies":"Writhing Mass","floor":48,"turns":7},{"damage":29,"enemies":"Awakened One","floor":50,"turns":9},{"damage":19,"enemies":"Shield and Spear","floor":54,"turns":5},{"damage":116,"enemies":"The Heart","floor":55,"turns":6}],"seed_played":"-8487515805633799295","potions_obtained":[{"floor":2.0,"key":"SmokeBomb"},{"floor":10.0,"key":"Weak Potion"},{"floor":12.0,"key":"FearPotion"},{"floor":18.0,"key":"Block Potion"},{"floor":25.0,"key":"Poison Potion"},{"floor":30.0,"key":"FearPotion"},{"floor":33.0,"key":"Weak Potion"},{"floor":36.0,"key":"SteroidPotion"},{"floor":39.0,"key":"PowerPotion"},{"floor":41.0,"key":"Weak Potion"},{"floor":42.0,"key":"SpeedPotion"},{"floor":54,"key":"Regen Potion"}],"is_trial":false,"path_per_floor":["M","M","?","?","M","R","M","$","T","E","R","E","$","E","R","B",null,"M","M","$","M","M","E","R","E","T","R","?","E","M","T","R","B",null,"M","M","$","?","M","E","M","E","T","?","E","M","?","M","R","B",null,"R","$","E","B"],"character_chosen":"DEFECT","items_purchased":["Sunder","Dramatic Entrance","Fire Potion","Echo Form","Turbo","Lockon+1","Bag of Marbles","Biased Cognition","DollysMirror"],"campfire_rested":2,"item_purchase_floors":[8,8,13,20,20,37,37,53,53],"current_hp_per_floor":[75,75,68,68,75,75,75,75,75,74,74,75,75,72,72,72,74,75,75,75,68,75,47,47,33,33,55,55,64,71,71,71,75,75,63,75,75,71,71,81,81,81,81,81,81,70,70,73,73,50,73,81,81,81,0],"gold":35,"neow_bonus":"HUNDRED_GOLD","is_prod":false,"is_daily":false,"chose_seed":false,"campfire_upgraded":5,"win_rate":0,"timestamp":1556370426,"path_taken":["M","M","?","?","?","R","M","?","T","E","R","E","$","E","R","BOSS","M","M","?","M","M","E","R","E","T","R","?","E","M","?","R","BOSS","M","M","$","?","M","E","M","E","T","?","E","M","?","M","R","BOSS","R","$","E","BOSS"],"build_version":"2019-04-23","purchased_purges":2,"victory":false,"max_hp_per_floor":[75,75,75,75,75,75,75,75,75,75,75,75,75,75,75,75,75,75,75,75,75,75,75,75,75,75,75,75,75,75,75,75,75,75,75,75,75,71,71,81,81,81,81,81,81,81,81,81,81,81,81,81,81,81,81],"card_choices":[{"not_picked":["Barrage","Beam Cell"],"picked":"Coolheaded","floor":1.0},{"not_picked":["FTL","Fusion"],"picked":"Self Repair","floor":2.0},{"not_picked":["Stack","Glacier"],"picked":"Go for the Eyes","floor":5.0},{"not_picked":["Glacier","Capacitor"],"picked":"Compile Driver","floor":7.0},{"not_picked":["Sweeping Beam","Fission"],"picked":"Rebound","floor":10.0},{"not_picked":["Go for the Eyes","Thunder Strike","Hologram"],"picked":"SKIP","floor":12.0},{"not_picked":["Storm","Cold Snap"],"picked":"Darkness","floor":14.0},{"not_picked":["Fission","Seek"],"picked":"Core Surge","floor":16.0},{"not_picked":["Stack","Redo"],"picked":"Double Energy","floor":18.0},{"not_picked":["Static Discharge","Steam+1"],"picked":"Defragment+1","floor":19.0},{"not_picked":["Consume","Sweeping Beam","Compile Driver+1"],"picked":"SKIP","floor":21.0},{"not_picked":["Auto Shields","Redo","Doom and Gloom"],"picked":"SKIP","floor":22.0},{"not_picked":["Doom and Gloom+1","Sunder"],"picked":"Aggregate","floor":23.0},{"not_picked":["Reprogram","Sunder+1"],"picked":"Steam","floor":25.0},{"not_picked":["Chill","Melter+1","Consume"],"picked":"SKIP","floor":29.0},{"not_picked":["Barrage+1","Reprogram"],"picked":"Ball Lightning+1","floor":30.0},{"not_picked":["All For One+1","Rainbow"],"picked":"Multi-Cast","floor":33.0},{"not_picked":["Storm+1","Glacier"],"picked":"Coolheaded","floor":35.0},{"not_picked":["Conserve Battery","Auto Shields","Barrage+1"],"picked":"SKIP","floor":36.0},{"not_picked":["Streamline+1","Coolheaded"],"picked":"Sweeping Beam+1","floor":39.0},{"not_picked":["Undo+1","Barrage+1","White Noise"],"picked":"SKIP","floor":40.0},{"not_picked":["Barrage+1","White Noise"],"picked":"Undo+1","floor":40.0},{"not_picked":["Stack+1","Sweeping Beam+1","Leap"],"picked":"SKIP","floor":41.0},{"not_picked":["Leap+1","Reinforced Body+1"],"picked":"Recycle+1","floor":42.0},{"not_picked":["Turbo+1","Steam+1"],"picked":"Beam Cell+1","floor":45},{"not_picked":["Gash+1","Defragment","Doom and Gloom+1"],"picked":"SKIP","floor":46},{"not_picked":["Turbo","Aggregate+1","Cold Snap+1"],"picked":"SKIP","floor":48},{"not_picked":["Consume+1","Chaos+1","Hello World"],"picked":"SKIP","floor":54}],"player_experience":56003,"relics_obtained":[{"floor":9.0,"key":"Letter Opener"},{"floor":10.0,"key":"Ornamental Fan"},{"floor":12.0,"key":"Whetstone"},{"floor":14.0,"key":"Kunai"},{"floor":23.0,"key":"Ancient Tea Set"},{"floor":25.0,"key":"Molten Egg 2"},{"floor":26.0,"key":"Bottled Lightning"},{"floor":29.0,"key":"Lantern"},{"floor":31.0,"key":"Bottled Tornado"},{"floor":40.0,"key":"Pear"},{"floor":42.0,"key":"Pen Nib"},{"floor":44,"key":"Bird Faced Urn"},{"floor":45,"key":"Orichalcum"},{"floor":54,"key":"Mercury Hourglass"}],"event_choices":[{"damage_healed":0.0,"max_hp_gain":0.0,"max_hp_loss":0.0,"gold_gain":0.0,"event_name":"Scrap Ooze","player_choice":"Success","floor":3.0,"gold_loss":0.0,"damage_taken":7.0,"relics_obtained":["Blue Candle"]},{"damage_healed":0.0,"max_hp_gain":0.0,"max_hp_loss":0.0,"gold_gain":0.0,"cards_transformed":["Strike_B"],"event_name":"Transmorgrifier","player_choice":"Transformed","floor":4.0,"gold_loss":0.0,"damage_taken":0.0,"cards_obtained":["BootSequence"]},{"damage_healed":0.0,"max_hp_gain":0.0,"max_hp_loss":0.0,"gold_gain":0.0,"event_name":"The Mausoleum","player_choice":"Ignored","floor":28.0,"gold_loss":0.0,"damage_taken":0.0},{"damage_healed":0.0,"max_hp_gain":0.0,"max_hp_loss":4.0,"gold_gain":0.0,"event_name":"Winding Halls","player_choice":"Max HP","floor":38.0,"gold_loss":0.0,"damage_taken":0.0},{"damage_healed":0,"gold_gain":0,"player_choice":"Fight","damage_taken":0,"max_hp_gain":0,"max_hp_loss":0,"event_name":"MindBloom","floor":44,"gold_loss":0},{"damage_healed":0,"gold_gain":0,"player_choice":"Ignored","damage_taken":0,"max_hp_gain":0,"max_hp_loss":0,"event_name":"Tomb of Lord Red Mask","floor":47,"gold_loss":0}],"is_beta":true,"boss_relics":[{"not_picked":["Sozu","Ectoplasm"],"picked":"Runic Pyramid"},{"not_picked":["Tiny House","FrozenCore"],"picked":"Fusion Hammer"}],"items_purged_floors":[8,37],"is_endless":false,"potions_floor_spawned":[2,10,12,18,25,30,33,36,39,41,42,46,54],"killed_by":"The Heart","ascension_level":5}