{"gold_per_floor":[113,128,145,145,158,192,29,42,42,72,3,30,30,50,50,154,154,174,274,274,291,1,26,26,26,53,53,83,83,102,134,134,231,231,243,253,253,263,263,294,320,347,347,347,347,347,374,409,409,409,409,409,10,35,35],"floor_reached":56,"playtime":3946,"items_purged":["Strike_G"],"score":1816,"play_id":"7356c489-6750-4b36-8e18-4b14a5251bb1","local_time":"20190308032600","is_ascension_mode":true,"campfire_choices":[{"data":"Neutralize","floor":13,"key":"SMITH"},{"data":"Deadly Poison","floor":15,"key":"SMITH"},{"data":"Crippling Poison","floor":24,"key":"SMITH"},{"data":"Die Die Die","floor":27,"key":"SMITH"},{"floor":32,"key":"REST"},{"floor":44,"key":"RECALL"},{"data":"Catalyst","floor":46,"key":"SMITH"},{"data":"Adrenaline","floor":49,"key":"SMITH"},{"data":"Venomology","floor":52,"key":"SMITH"}],"neow_cost":"TEN_PERCENT_HP_LOSS","seed_source_timestamp":44563781303204,"circlet_count":0,"master_deck":["Survivor","Neutralize+1","Escape Plan","Deflect","Dagger Throw","Heel Hook","Poisoned Stab+1","Deflect","Tools of the Trade+1","Die Die Die+1","Deadly Poison+1","Noxious Fumes+1","Footwork+1","Deflect","After Image+1","Acrobatics+1","Deflect+1","Crippling Poison+1","Noxious Fumes+1","Leg Sweep+1","Parasite","Venomology+1","Blur","Wraith Form v2+1","Prepared","Caltrops+1","Footwork+1","Grand Finale","Crippling Poison","Flechettes","Heel Hook","Backflip+1","Catalyst+1","Flying Knee+1","Dodge and Roll+1","Predator+1","Injury","Writhe","PiercingWail+1","Adrenaline+1","Adrenaline","Infinite Blades+1"],"relics":["Ring of the Snake","Frozen Egg 2","Dodecahedron","The Specimen","Pear","Cursed Key","Turnip","Sundial","Anchor","WingedGreaves","Bag of Marbles","Bronze Scales","Nunchaku","Pandora\u0027s Box","Torii","Molten Egg 2","Strawberry","Regal Pillow","Dead Branch","Boot","Meat on the Bone","Pantograph","Incense Burner"],"potions_floor_usage":[10,12,18,19,19,19,31,35,35,40,40,41,50,55,55,55],"damage_taken":[{"damage":0,"enemies":"Cultist","floor":1,"turns":4},{"damage":0,"enemies":"2 Louse","floor":2,"turns":5},{"damage":0,"enemies":"Small Slimes","floor":3,"turns":4},{"damage":3,"enemies":"Exordium Thugs","floor":5,"turns":6},{"damage":37,"enemies":"Gremlin Nob","floor":6,"turns":5},{"damage":0,"enemies":"2 Fungi Beasts","floor":8,"turns":3},{"damage":0,"enemies":"3 Sentries","floor":10,"turns":7},{"damage":16,"enemies":"Gremlin Nob","floor":12,"turns":4},{"damage":11,"enemies":"Lots of Slimes","floor":14,"turns":3},{"damage":0,"enemies":"Hexaghost","floor":16,"turns":9},{"damage":0,"enemies":"Shell Parasite","floor":18,"turns":6},{"damage":0,"enemies":"Colosseum Slavers","floor":19,"turns":4},{"damage":0,"enemies":"Colosseum Nobs","floor":19,"turns":6},{"damage":7,"enemies":"Spheric Guardian","floor":21,"turns":6},{"damage":1,"enemies":"Gremlin Leader","floor":23,"turns":5},{"damage":0,"enemies":"Book of Stabbing","floor":28,"turns":6},{"damage":0,"enemies":"Shelled Parasite and Fungi","floor":30,"turns":4},{"damage":13,"enemies":"Slavers","floor":31,"turns":3},{"damage":0,"enemies":"Collector","floor":33,"turns":7},{"damage":1,"enemies":"3 Darklings","floor":35,"turns":4},{"damage":0,"enemies":"3 Shapes","floor":36,"turns":4},{"damage":0,"enemies":"Maw","floor":38,"turns":7},{"damage":0,"enemies":"Giant Head","floor":40,"turns":8},{"damage":0,"enemies":"Nemesis","floor":41,"turns":7},{"damage":0,"enemies":"Reptomancer","floor":42,"turns":5},{"damage":0,"enemies":"Giant Head","floor":47,"turns":6},{"damage":0,"enemies":"Nemesis","floor":48,"turns":9},{"damage":0,"enemies":"Donu and Deca","floor":50,"turns":6},{"damage":17,"enemies":"Shield and Spear","floor":54,"turns":7},{"damage":16,"enemies":"The Heart","floor":55,"turns":9}],"seed_played":"4477163149621481689","potions_obtained":[{"floor":5,"key":"Ancient Potion"},{"floor":8,"key":"EssenceOfSteel"},{"floor":12,"key":"GamblersBrew"},{"floor":14,"key":"Ancient Potion"},{"floor":16,"key":"AttackPotion"},{"floor":18,"key":"Block Potion"},{"floor":30,"key":"Weak Potion"},{"floor":33,"key":"Energy Potion"},{"floor":36,"key":"AttackPotion"},{"floor":40,"key":"SkillPotion"}],"is_trial":false,"path_per_floor":["M","M","M","?","M","E","$","M","T","E","$","E","R","M","R","B",null,"M","?","?","M","$","E","R","?","T","R","E","?","M","E","R","B",null,"M","M","?","M","?","E","E","E","T","R","T","R","E","E","R","B",null,"R","$","E","B",null],"character_chosen":"THE_SILENT","items_purchased":["Tools of the Trade+1","Noxious Fumes+1","Anchor","Noxious Fumes+1","Pantograph","Adrenaline"],"campfire_rested":1,"item_purchase_floors":[7,11,22,22,53,53],"current_hp_per_floor":[63,63,63,63,60,23,23,23,23,23,23,17,17,6,6,6,73,73,73,73,66,66,65,65,52,52,52,52,52,52,39,62,62,78,77,77,77,77,74,74,74,81,81,81,81,81,81,81,81,81,81,81,81,64,65],"gold":35,"neow_bonus":"TRANSFORM_TWO_CARDS","is_prod":false,"is_daily":false,"chose_seed":false,"campfire_upgraded":7,"win_rate":0,"timestamp":1552033560,"path_taken":["M","?","M","?","M","E","?","?","T","E","$","E","R","M","R","BOSS","M","?","?","?","$","E","R","?","T","R","E","?","M","E","R","BOSS","M","M","?","?","?","E","E","E","T","R","?","R","E","E","R","BOSS","R","$","E","BOSS"],"build_version":"2019-02-06","purchased_purges":1,"victory":true,"max_hp_per_floor":[63,63,63,63,63,63,63,63,63,63,63,73,73,73,73,73,73,73,73,73,73,73,73,73,78,78,78,78,78,78,78,78,78,78,78,78,78,78,74,74,74,81,81,81,81,81,81,81,81,81,81,81,81,81,81],"card_choices":[{"not_picked":["Outmaneuver","Bane"],"picked":"Deflect","floor":1},{"not_picked":["PiercingWail","Deflect"],"picked":"Dagger Throw","floor":2},{"not_picked":["Acrobatics","Outmaneuver"],"picked":"Heel Hook","floor":3},{"not_picked":["Outmaneuver","Cloak And Dagger"],"picked":"Poisoned Stab","floor":5},{"not_picked":["Distraction","Underhanded Strike"],"picked":"Deflect","floor":6},{"not_picked":["Dodge and Roll","Outmaneuver"],"picked":"Die Die Die","floor":8},{"not_picked":["Flechettes","PiercingWail"],"picked":"Deadly Poison","floor":10},{"not_picked":["Deflect","Blade Dance"],"picked":"Footwork+1","floor":12},{"not_picked":["Flying Knee","Eviscerate"],"picked":"Deflect","floor":14},{"not_picked":["Night Terror","Malaise"],"picked":"After Image+1","floor":16},{"not_picked":["Flying Knee","Prepared+1"],"picked":"Acrobatics+1","floor":18},{"not_picked":["Heel Hook","Flying Knee+1"],"picked":"Deflect+1","floor":19},{"not_picked":["Flying Knee","Cloak And Dagger+1"],"picked":"Crippling Poison","floor":21},{"not_picked":["Dash","Riddle With Holes"],"picked":"Leg Sweep+1","floor":23},{"not_picked":["Quick Slash+1","Cloak And Dagger+1"],"picked":"Venomology","floor":28},{"not_picked":["Prepared","Blade Dance","Accuracy+1"],"picked":"SKIP","floor":30},{"not_picked":["Bouncing Flask","Sucker Punch"],"picked":"Blur","floor":31},{"not_picked":["Night Terror","Storm of Steel"],"picked":"Wraith Form v2+1","floor":33},{"not_picked":["Prepared+1","Flechettes+1"],"picked":"Backflip+1","floor":35},{"not_picked":["Underhanded Strike","PiercingWail+1"],"picked":"Catalyst","floor":36},{"not_picked":["Acrobatics+1","Blade Dance+1"],"picked":"Flying Knee+1","floor":38},{"not_picked":["Backstab+1","Backflip"],"picked":"Dodge and Roll+1","floor":40},{"not_picked":["Glass Knife","Flying Knee"],"picked":"Predator+1","floor":41},{"not_picked":["Underhanded Strike+1","Finisher+1","Prepared+1"],"picked":"SKIP","floor":42},{"not_picked":["Bouncing Flask+1","Escape Plan+1"],"picked":"PiercingWail+1","floor":47},{"not_picked":["Prepared+1","Underhanded Strike+1"],"picked":"Adrenaline","floor":48},{"not_picked":["Bouncing Flask","Finisher+1"],"picked":"Infinite Blades+1","floor":54}],"player_experience":4856560,"relics_obtained":[{"floor":6,"key":"Dodecahedron"},{"floor":10,"key":"The Specimen"},{"floor":12,"key":"Pear"},{"floor":19,"key":"Turnip"},{"floor":19,"key":"Sundial"},{"floor":23,"key":"WingedGreaves"},{"floor":26,"key":"Bag of Marbles"},{"floor":28,"key":"Bronze Scales"},{"floor":31,"key":"Nunchaku"},{"floor":40,"key":"Torii"},{"floor":41,"key":"Molten Egg 2"},{"floor":42,"key":"Strawberry"},{"floor":43,"key":"Regal Pillow"},{"floor":45,"key":"Dead Branch"},{"floor":47,"key":"Boot"},{"floor":48,"key":"Meat on the Bone"},{"floor":54,"key":"Incense Burner"}],"event_choices":[{"cards_removed":["Prepared"],"damage_healed":0,"gold_gain":0,"player_choice":"Gave Card","damage_taken":0,"relics_obtained":["Frozen Egg 2"],"max_hp_gain":0,"max_hp_loss":0,"event_name":"WeMeetAgain","floor":4,"gold_loss":0},{"damage_healed":0,"gold_gain":0,"player_choice":"Fight","damage_taken":0,"max_hp_gain":0,"max_hp_loss":0,"event_name":"Colosseum","floor":19,"gold_loss":0},{"damage_healed":0,"gold_gain":0,"player_choice":"Fought Nobs","damage_taken":0,"max_hp_gain":0,"max_hp_loss":0,"event_name":"Colosseum","floor":19,"gold_loss":0},{"damage_healed":0,"gold_gain":0,"player_choice":"Upgraded","damage_taken":0,"max_hp_gain":0,"max_hp_loss":0,"event_name":"Upgrade Shrine","floor":20,"gold_loss":0,"cards_upgraded":["Poisoned Stab"]},{"damage_healed":0,"gold_gain":0,"player_choice":"Shed Blood","damage_taken":18,"max_hp_gain":5,"max_hp_loss":0,"event_name":"Forgotten Altar","floor":25,"gold_loss":0},{"damage_healed":0,"gold_gain":0,"player_choice":"Ignored","damage_taken":0,"max_hp_gain":0,"max_hp_loss":0,"event_name":"Vampires","floor":29,"gold_loss":0},{"damage_healed":0,"gold_gain":0,"player_choice":"Bought 0 Potions","damage_taken":0,"max_hp_gain":0,"max_hp_loss":0,"event_name":"The Woman in Blue","floor":37,"gold_loss":0},{"damage_healed":0,"gold_gain":0,"player_choice":"Max HP","damage_taken":0,"max_hp_gain":0,"max_hp_loss":4,"event_name":"Winding Halls","floor":39,"gold_loss":0}],"is_beta":true,"boss_relics":[{"not_picked":["Empty Cage","Sozu"],"picked":"Cursed Key"},{"not_picked":["Eternal Feather","Calling Bell"],"picked":"Pandora\u0027s Box"}],"items_purged_floors":[22],"is_endless":false,"potions_floor_spawned":[5,8,12,14,16,18,19,30,33,36,40,48],"ascension_level":1}