{"gold_per_floor":[114,128,128,128,142,185,209,209,209,250,200,11,11,11,11,139,139,157,30,45,69,69,108,128,128,128,167,167,190,211,251,251,377,377,392,302,316,316,649,649,677,677,702,717,733,733,733,753,753,753,753,753,50,80,80],"floor_reached":55,"playtime":4581,"items_purged":["Pain"],"score":878,"play_id":"f2720e12-d8ba-49f8-9327-a0263c855dfe","local_time":"20190328105609","is_ascension_mode":true,"campfire_choices":[{"data":"Bullet Time","floor":8,"key":"SMITH"},{"data":"Sucker Punch","floor":13,"key":"SMITH"},{"data":"Terror","floor":15,"key":"SMITH"},{"data":"Footwork","floor":25,"key":"SMITH"},{"data":"Infinite Blades","floor":28,"key":"SMITH"},{"data":"Tactician","floor":32,"key":"SMITH"},{"floor":40,"key":"RECALL"},{"data":"Backstab","floor":42,"key":"SMITH"},{"data":"Chrysalis","floor":47,"key":"SMITH"},{"data":"Metamorphosis","floor":49,"key":"SMITH"},{"data":"Mayhem","floor":52,"key":"SMITH"}],"neow_cost":"TEN_PERCENT_HP_LOSS","seed_source_timestamp":1436565651785678,"circlet_count":0,"master_deck":["Survivor+1","Neutralize+1","Bullet Time+1","All Out Attack","Cloak And Dagger","Dagger Throw","All Out Attack","Underhanded Strike","Sucker Punch+1","Terror+1","Infinite Blades+1","Dash","Corpse Explosion","Escape Plan+1","Footwork+1","Backflip+1","Bite","Bite","Bite","Bite","Bite","Flying Knee","PiercingWail+1","Backstab+1","Tactician+1","Deflect+1","Tools of the Trade+1","Glass Knife","Envenom","Slice","Dash","Slice+1","Sucker Punch+1","Flying Knee+1","Escape Plan+1","Backflip+1","Metamorphosis+1","Chrysalis+1","Mayhem+1","Sadistic Nature","Acrobatics","Deflect","Dodge and Roll","Deflect","Prepared","Leg Sweep","PiercingWail+1"],"relics":["Ring of the Snake","Pantograph","Paper Crane","Singing Bowl","WarpedTongs","Runic Pyramid","StoneCalendar","Pear","War Paint","Ninja Scroll","Pandora\u0027s Box","The Courier","Pen Nib","Bag of Preparation"],"potions_floor_usage":[6,10,23,23,31,35,50,50,50,55,55,55],"damage_taken":[{"damage":0,"enemies":"Cultist","floor":1,"turns":5},{"damage":2,"enemies":"Small Slimes","floor":2,"turns":3},{"damage":1,"enemies":"2 Louse","floor":5,"turns":3},{"damage":18,"enemies":"Gremlin Nob","floor":6,"turns":5},{"damage":0,"enemies":"2 Fungi Beasts","floor":7,"turns":3},{"damage":3,"enemies":"Lagavulin","floor":10,"turns":6},{"damage":3,"enemies":"The Guardian","floor":16,"turns":11},{"damage":13,"enemies":"Chosen","floor":18,"turns":4},{"damage":0,"enemies":"Spheric Guardian","floor":20,"turns":4},{"damage":0,"enemies":"Cultist and Chosen","floor":21,"turns":4},{"damage":2,"enemies":"Slavers","floor":23,"turns":3},{"damage":0,"enemies":"Centurion and Healer","floor":24,"turns":4},{"damage":0,"enemies":"Book of Stabbing","floor":27,"turns":6},{"damage":0,"enemies":"Chosen and Byrds","floor":29,"turns":5},{"damage":0,"enemies":"Snake Plant","floor":30,"turns":5},{"damage":10,"enemies":"Slavers","floor":31,"turns":4},{"damage":7,"enemies":"Champ","floor":33,"turns":16},{"damage":3,"enemies":"3 Darklings","floor":35,"turns":3},{"damage":0,"enemies":"3 Shapes","floor":37,"turns":6},{"damage":0,"enemies":"Reptomancer","floor":41,"turns":8},{"damage":0,"enemies":"Jaw Worm Horde","floor":44,"turns":4},{"damage":0,"enemies":"Spire Growth","floor":45,"turns":4},{"damage":13,"enemies":"Maw","floor":48,"turns":8},{"damage":27,"enemies":"Awakened One","floor":50,"turns":12},{"damage":39,"enemies":"Shield and Spear","floor":54,"turns":7},{"damage":75,"enemies":"The Heart","floor":55,"turns":9}],"seed_played":"-8249204141951386324","potions_obtained":[{"floor":2,"key":"Ancient Potion"},{"floor":5,"key":"SkillPotion"},{"floor":10,"key":"FearPotion"},{"floor":16,"key":"AttackPotion"},{"floor":21,"key":"Fire Potion"},{"floor":27,"key":"Weak Potion"},{"floor":31,"key":"Fire Potion"},{"floor":33,"key":"EssenceOfSteel"},{"floor":37,"key":"Explosive Potion"}],"is_trial":false,"path_per_floor":["M","M","?","?","M","E","M","R","T","E","?","$","R","?","R","B",null,"M","$","M","M","?","E","M","R","T","E","R","M","M","E","R","B",null,"M","?","M","?","?","R","E","R","T","M","M","?","R","M","R","B",null,"R","$","E","B"],"character_chosen":"THE_SILENT","items_purchased":["Terror","Infinite Blades","Dash","Block Potion","Dexterity Potion","PowerPotion","Sadistic Nature","Acrobatics","Deflect","Dodge and Roll","Deflect","Pen Nib","Explosive Potion","Ancient Potion","Prepared","Leg Sweep"],"campfire_rested":0,"item_purchase_floors":[12,12,12,19,53,53,53,53,53,53,53,53,53,53,53,53],"current_hp_per_floor":[63,61,48,48,47,29,29,29,29,26,26,26,26,26,26,48,58,45,45,45,45,40,38,40,40,50,50,50,50,50,48,48,50,50,47,47,50,50,50,50,50,50,50,50,50,40,40,39,39,46,52,52,52,22,0],"gold":80,"neow_bonus":"THREE_RARE_CARDS","is_prod":false,"is_daily":false,"chose_seed":false,"campfire_upgraded":10,"win_rate":0,"timestamp":1553784969,"path_taken":["M","?","?","?","M","E","M","R","T","E","?","$","R","?","R","BOSS","M","$","M","?","?","E","M","R","T","E","R","M","M","E","R","BOSS","M","?","?","?","?","R","E","R","T","M","M","?","R","?","R","BOSS","R","$","E","BOSS"],"build_version":"2019-03-15","purchased_purges":1,"victory":false,"max_hp_per_floor":[63,63,63,58,58,58,58,58,58,58,58,58,58,58,58,58,58,58,58,58,58,40,40,40,40,50,50,50,50,50,50,50,50,50,50,50,50,50,50,50,50,50,50,50,50,50,50,52,52,52,52,52,52,52,52],"card_choices":[{"not_picked":["Glass Knife","Corpse Explosion"],"picked":"Bullet Time","floor":0},{"not_picked":["Acrobatics","Dodge and Roll"],"picked":"All Out Attack","floor":1},{"not_picked":["Dodge and Roll","Accuracy"],"picked":"Cloak And Dagger","floor":2},{"not_picked":["Grand Finale","Bane"],"picked":"Dagger Throw","floor":5},{"not_picked":["Eviscerate","Slice"],"picked":"All Out Attack","floor":6},{"not_picked":["Dagger Throw","Blade Dance"],"picked":"Underhanded Strike","floor":7},{"not_picked":["Storm of Steel","Reflex"],"picked":"Sucker Punch","floor":10},{"not_picked":["Storm of Steel","Burst"],"picked":"Corpse Explosion","floor":16},{"not_picked":["Outmaneuver","All Out Attack"],"picked":"Escape Plan+1","floor":18},{"not_picked":["Dagger Spray","Choke"],"picked":"Footwork","floor":20},{"not_picked":["Slice","Acrobatics"],"picked":"Backflip+1","floor":21},{"not_picked":["Outmaneuver","Slice"],"picked":"Flying Knee","floor":23},{"not_picked":["Eviscerate","Dodge and Roll+1"],"picked":"PiercingWail+1","floor":24},{"not_picked":["Flechettes","Sucker Punch"],"picked":"Backstab","floor":27},{"not_picked":["All Out Attack","Expertise"],"picked":"Envenom","floor":29},{"not_picked":["Outmaneuver+1","Dodge and Roll"],"picked":"Tactician","floor":30},{"not_picked":["Die Die Die","Heel Hook"],"picked":"Deflect+1","floor":31},{"not_picked":["Die Die Die","Envenom"],"picked":"Tools of the Trade","floor":33},{"not_picked":["Acrobatics+1","Finisher+1"],"picked":"Slice+1","floor":35},{"not_picked":["Slice+1","Finisher"],"picked":"Sucker Punch+1","floor":37},{"not_picked":["Blade Dance","Bane"],"picked":"Flying Knee+1","floor":41},{"not_picked":["Poisoned Stab+1","Finisher"],"picked":"Escape Plan+1","floor":44},{"not_picked":["Venomology","Finisher+1"],"picked":"Backflip+1","floor":45},{"not_picked":["Master of Strategy","Forethought"],"picked":"Metamorphosis","floor":46},{"not_picked":["PanicButton","Enlightenment"],"picked":"Chrysalis","floor":46},{"not_picked":["Jack Of All Trades","Enlightenment"],"picked":"Mayhem","floor":46},{"not_picked":["Dagger Spray","Terror","Well Laid Plans"],"picked":"Singing Bowl","floor":48},{"not_picked":["Finisher+1","Night Terror"],"picked":"PiercingWail+1","floor":54}],"player_experience":5059063,"relics_obtained":[{"floor":6,"key":"Pantograph"},{"floor":9,"key":"Paper Crane"},{"floor":10,"key":"Singing Bowl"},{"floor":23,"key":"StoneCalendar"},{"floor":26,"key":"Pear"},{"floor":27,"key":"War Paint"},{"floor":31,"key":"Ninja Scroll"},{"floor":41,"key":"The Courier"},{"floor":54,"key":"Bag of Preparation"}],"event_choices":[{"damage_healed":0,"gold_gain":0,"player_choice":"Entered Light","damage_taken":13,"max_hp_gain":0,"max_hp_loss":0,"event_name":"Shining Light","floor":3,"gold_loss":0,"cards_upgraded":["Survivor","Neutralize"]},{"damage_healed":0,"gold_gain":0,"player_choice":"Lose Max HP","damage_taken":0,"relics_obtained":["Golden Idol"],"max_hp_gain":0,"max_hp_loss":5,"event_name":"Golden Idol","floor":4,"gold_loss":0},{"cards_removed":["Strike_G"],"damage_healed":0,"gold_gain":0,"player_choice":"Card Removal","damage_taken":0,"max_hp_gain":0,"max_hp_loss":0,"event_name":"The Cleric","floor":11,"gold_loss":50},{"damage_healed":0,"gold_gain":0,"player_choice":"Rummage","damage_taken":0,"relics_obtained":["WarpedTongs"],"max_hp_gain":0,"max_hp_loss":0,"event_name":"Accursed Blacksmith","floor":14,"gold_loss":0,"cards_obtained":["Pain"]},{"damage_healed":0,"gold_gain":0,"player_choice":"Became a vampire","damage_taken":0,"max_hp_gain":0,"max_hp_loss":18,"event_name":"Vampires","floor":22,"gold_loss":0,"cards_obtained":["Bite","Bite","Bite","Bite","Bite"]},{"cards_removed":["Expertise"],"damage_healed":0,"gold_gain":0,"player_choice":"Upgrade and Remove","damage_taken":0,"max_hp_gain":0,"max_hp_loss":0,"event_name":"Designer","floor":36,"gold_loss":90,"cards_upgraded":["Tools of the Trade"]},{"cards_removed":["Envenom"],"damage_healed":0,"gold_gain":0,"player_choice":"Removed Power","damage_taken":0,"max_hp_gain":0,"max_hp_loss":0,"event_name":"Falling","floor":38,"gold_loss":0},{"damage_healed":0,"gold_gain":333,"player_choice":"Gave Idol","damage_taken":0,"max_hp_gain":0,"max_hp_loss":0,"event_name":"The Moai Head","floor":39,"relics_lost":["Golden Idol"],"gold_loss":0},{"damage_healed":0,"gold_gain":0,"player_choice":"Memory 3","damage_taken":10,"max_hp_gain":0,"max_hp_loss":0,"event_name":"SensoryStone","floor":46,"gold_loss":0}],"is_beta":true,"boss_relics":[{"not_picked":["Calling Bell","WristBlade"],"picked":"Runic Pyramid"},{"not_picked":["Empty Cage","Velvet Choker"],"picked":"Pandora\u0027s Box"}],"items_purged_floors":[19],"is_endless":false,"potions_floor_spawned":[2,5,10,16,21,27,31,33,37,44],"killed_by":"The Heart","ascension_level":1}