{"gold_per_floor":[116,126,146,220,170,170,201,201,201,201,231,231,261,272,272,367,367,380,8,19,119,132,160,33,33,33,9,69,69,69,80,80,178,178,198,216,241,271,295,338,350,397,409,456,468,500,524,536,548,560],"floor_reached":51,"playtime":2492,"items_purged":["Strike_R"],"score":918,"play_id":"ac09e5dc-b849-4507-a57c-3b5265da82fb","local_time":"20190515115411","is_ascension_mode":false,"campfire_choices":[{"data":"Whirlwind","floor":6,"key":"SMITH"},{"data":"Armaments","floor":8,"key":"SMITH"},{"data":"Cleave","floor":15,"key":"SMITH"},{"data":"1","floor":25,"key":"LIFT"},{"data":"2","floor":30,"key":"LIFT"},{"data":"3","floor":32,"key":"LIFT"},{"data":"True Grit","floor":41,"key":"SMITH"},{"data":"Juggernaut","floor":45,"key":"SMITH"},{"data":"Spot Weakness","floor":49,"key":"SMITH"}],"neow_cost":"NONE","seed_source_timestamp":974564832688400,"circlet_count":0,"master_deck":["Strike_R+1","Defend_R","Defend_R+1","Bash+1","Metallicize","Whirlwind+1","Armaments+1","Ghostly Armor","Cleave+1","Shrug It Off","Shrug It Off","Feed","Twin Strike+1","Metallicize+1","Fire Breathing+1","Wild Strike+1","Inflame","Battle Trance","Seeing Red","Headbutt+1","Feel No Pain+1","Warcry+1","Heavy Blade+1","Immolate+1","Infernal Blade","Anger+1","Juggernaut+1","Spot Weakness+1","Anger+1","Power Through","True Grit+1","Dual Wield+1","Reaper+1","Spot Weakness+1","Pommel Strike+1","True Grit+1","Madness","Madness"],"relics":["Burning Blood","Dead Branch","Anchor","Pen Nib","Nunchaku","Astrolabe","Dodecahedron","Girya","Molten Egg 2","Lantern","Strawberry","Tiny Chest","Coffee Dripper","MawBank","Juzu Bracelet","Mercury Hourglass","Letter Opener","Blood Vial"],"potions_floor_usage":[11,13,20,23,28,33,42,42,42,44],"damage_taken":[{"damage":1,"enemies":"Cultist","floor":1,"turns":4},{"damage":1,"enemies":"Jaw Worm","floor":2,"turns":6},{"damage":2,"enemies":"2 Louse","floor":3,"turns":2},{"damage":22,"enemies":"Gremlin Nob","floor":7,"turns":4},{"damage":1,"enemies":"Lagavulin","floor":11,"turns":10},{"damage":11,"enemies":"Gremlin Nob","floor":13,"turns":3},{"damage":0,"enemies":"Looter","floor":14,"turns":3},{"damage":36,"enemies":"Slime Boss","floor":16,"turns":9},{"damage":3,"enemies":"Chosen","floor":18,"turns":5},{"damage":7,"enemies":"Spheric Guardian","floor":20,"turns":4},{"damage":2,"enemies":"Colosseum Slavers","floor":21,"turns":6},{"damage":3,"enemies":"Colosseum Nobs","floor":21,"turns":6},{"damage":0,"enemies":"3 Cultists","floor":22,"turns":3},{"damage":13,"enemies":"Gremlin Leader","floor":23,"turns":7},{"damage":15,"enemies":"Book of Stabbing","floor":28,"turns":6},{"damage":9,"enemies":"Sentry and Sphere","floor":31,"turns":4},{"damage":20,"enemies":"Champ","floor":33,"turns":10},{"damage":0,"enemies":"3 Shapes","floor":35,"turns":5},{"damage":0,"enemies":"3 Darklings","floor":36,"turns":3},{"damage":0,"enemies":"Sphere and 2 Shapes","floor":38,"turns":3},{"damage":0,"enemies":"Writhing Mass","floor":39,"turns":3},{"damage":42,"enemies":"Nemesis","floor":40,"turns":5},{"damage":5,"enemies":"Giant Head","floor":42,"turns":6},{"damage":2,"enemies":"Reptomancer","floor":44,"turns":5},{"damage":0,"enemies":"Jaw Worm Horde","floor":46,"turns":1},{"damage":0,"enemies":"4 Shapes","floor":47,"turns":2},{"damage":23,"enemies":"Donu and Deca","floor":50,"turns":6}],"seed_played":"-4586806629709194195","potions_obtained":[{"floor":1,"key":"GamblersBrew"},{"floor":7,"key":"Dexterity Potion"},{"floor":11,"key":"AttackPotion"},{"floor":18,"key":"FairyPotion"},{"floor":21,"key":"PowerPotion"},{"floor":31,"key":"LiquidBronze"},{"floor":33,"key":"FearPotion"},{"floor":35,"key":"BloodPotion"},{"floor":39,"key":"Strength Potion"},{"floor":42,"key":"Weak Potion"}],"is_trial":false,"path_per_floor":["M","M","M","?","?","R","E","R","T","?","E","?","E","M","R","B",null,"M","$","M","?","M","E","$","R","T","$","E","?","R","M","R","B",null,"M","M","T","M","M","E","R","E","T","E","R","M","M","?","R","B",null],"character_chosen":"IRONCLAD","items_purchased":["Inflame","Dodecahedron","Battle Trance","PowerPotion","Heavy Blade+1"],"campfire_rested":0,"item_purchase_floors":[19,19,19,24,27],"current_hp_per_floor":[80,80,80,80,80,80,64,64,64,48,53,53,48,54,54,24,80,80,80,82,89,89,82,82,82,89,89,80,80,80,80,80,66,99,102,105,105,105,105,72,72,83,83,108,108,108,111,97,97,101],"gold":572,"neow_bonus":"UPGRADE_CARD","is_prod":false,"is_daily":false,"chose_seed":false,"campfire_upgraded":6,"win_rate":1,"timestamp":1557946451,"path_taken":["M","M","M","?","?","R","E","R","T","?","E","?","E","M","R","BOSS","M","$","M","?","M","E","$","R","T","$","E","?","R","M","R","BOSS","M","M","?","?","M","E","R","E","T","E","R","M","M","?","R","BOSS"],"build_version":"2019-01-23","purchased_purges":1,"victory":true,"max_hp_per_floor":[80,80,80,80,80,80,80,80,80,80,80,80,80,80,80,80,80,80,80,83,89,89,89,89,89,96,96,96,96,96,99,99,99,99,102,105,105,105,105,108,108,108,108,108,108,108,111,111,111,114],"card_choices":[{"not_picked":["Armaments","Heavy Blade"],"picked":"Metallicize","floor":1},{"not_picked":["Evolve","Pummel"],"picked":"Whirlwind","floor":2},{"not_picked":["Cleave","Sentinel"],"picked":"Armaments","floor":3},{"not_picked":["Clash","Body Slam"],"picked":"Ghostly Armor","floor":7},{"not_picked":["Sever Soul","Second Wind"],"picked":"Cleave","floor":11},{"not_picked":["Blood for Blood","Reckless Charge"],"picked":"Shrug It Off","floor":13},{"not_picked":["Flex","Clash"],"picked":"Shrug It Off","floor":14},{"not_picked":["Fiend Fire","Barricade"],"picked":"Feed","floor":16},{"not_picked":["Evolve","Flex"],"picked":"Wild Strike+1","floor":18},{"not_picked":["Clash","Twin Strike"],"picked":"Seeing Red","floor":20},{"not_picked":["Rampage","Dual Wield+1"],"picked":"Headbutt+1","floor":21},{"not_picked":["Twin Strike+1","Cleave+1"],"picked":"Feel No Pain+1","floor":22},{"not_picked":["True Grit","Bloodletting"],"picked":"Warcry+1","floor":23},{"not_picked":["Carnage+1","Perfected Strike+1"],"picked":"Immolate+1","floor":28},{"not_picked":["Warcry","Rupture"],"picked":"Anger+1","floor":31},{"not_picked":["Immolate+1","Offering"],"picked":"Juggernaut","floor":33},{"not_picked":["Perfected Strike+1","Sever Soul+1"],"picked":"Spot Weakness+1","floor":35},{"not_picked":["Havoc+1","Entrench"],"picked":"Anger+1","floor":36},{"not_picked":["Warcry+1","Clash+1"],"picked":"Power Through","floor":38},{"not_picked":["Havoc","Flex","True Grit"],"picked":"SKIP","floor":39},{"not_picked":["Havoc","Flex"],"picked":"True Grit","floor":39},{"not_picked":["Warcry+1","Entrench+1"],"picked":"Dual Wield+1","floor":40},{"not_picked":["Rage","Intimidate+1"],"picked":"Reaper+1","floor":42},{"not_picked":["Feel No Pain+1","Burning Pact"],"picked":"Spot Weakness","floor":44},{"not_picked":["Flex+1","Heavy Blade+1"],"picked":"Pommel Strike+1","floor":46},{"not_picked":["Pommel Strike+1","Flex"],"picked":"True Grit+1","floor":47}],"player_experience":792281,"relics_obtained":[{"floor":7,"key":"Dead Branch"},{"floor":11,"key":"Anchor"},{"floor":12,"key":"Pen Nib"},{"floor":13,"key":"Nunchaku"},{"floor":21,"key":"Girya"},{"floor":21,"key":"Molten Egg 2"},{"floor":23,"key":"Lantern"},{"floor":26,"key":"Strawberry"},{"floor":28,"key":"Tiny Chest"},{"floor":37,"key":"MawBank"},{"floor":40,"key":"Juzu Bracelet"},{"floor":42,"key":"Mercury Hourglass"},{"floor":43,"key":"Letter Opener"},{"floor":44,"key":"Blood Vial"}],"event_choices":[{"damage_healed":0,"gold_gain":74,"player_choice":"Gained Gold","damage_taken":0,"max_hp_gain":0,"max_hp_loss":0,"event_name":"Golden Wing","floor":4,"gold_loss":0},{"cards_removed":["Strike_R"],"damage_healed":0,"gold_gain":0,"player_choice":"Card Removal","damage_taken":0,"max_hp_gain":0,"max_hp_loss":0,"event_name":"The Cleric","floor":5,"gold_loss":50},{"damage_healed":0,"gold_gain":0,"player_choice":"Entered Light","damage_taken":16,"max_hp_gain":0,"max_hp_loss":0,"event_name":"Shining Light","floor":10,"gold_loss":0,"cards_upgraded":["Strike_R","Defend_R"]},{"damage_healed":0,"gold_gain":0,"player_choice":"Relic","damage_taken":0,"max_hp_gain":0,"max_hp_loss":0,"event_name":"Wheel of Change","floor":12,"gold_loss":0},{"damage_healed":0,"gold_gain":0,"player_choice":"Fight","damage_taken":0,"max_hp_gain":0,"max_hp_loss":0,"event_name":"Colosseum","floor":21,"gold_loss":0},{"damage_healed":0,"gold_gain":0,"player_choice":"Fought Nobs","damage_taken":0,"max_hp_gain":0,"max_hp_loss":0,"event_name":"Colosseum","floor":21,"gold_loss":0},{"damage_healed":0,"gold_gain":0,"cards_transformed":["Defend_R"],"player_choice":"Transformed","damage_taken":0,"max_hp_gain":0,"max_hp_loss":0,"event_name":"Transmorgrifier","floor":29,"gold_loss":0,"cards_obtained":["Infernal Blade"]},{"damage_healed":0,"gold_gain":0,"player_choice":"Embrace Madness","damage_taken":14,"max_hp_gain":0,"max_hp_loss":0,"event_name":"Winding Halls","floor":48,"gold_loss":0,"cards_obtained":["Madness","Madness"]}],"is_beta":false,"boss_relics":[{"not_picked":["Black Star","White Beast Statue"],"picked":"Astrolabe"},{"not_picked":["Eternal Feather","Lizard Tail"],"picked":"Coffee Dripper"}],"items_purged_floors":[24],"is_endless":false,"potions_floor_spawned":[1,7,11,18,21,31,33,35,39,40,42],"ascension_level":0}