{"gold_per_floor":[114,16,27,38,213,245,245,280,319,344,387,399,442,454,466,573,585,607,633,570,616,640,678,690,730,742,789,801,831,857,869,881,993,1005,1027,1049,634,649,697,725,725,760,760,760,775,801,801,830,830,830,830,830,240,275,275],"floor_reached":56,"playtime":4472,"items_purged":["Shame","Strike_B"],"score":1769,"play_id":"6973e166-9016-44bb-b8de-9473d931176c","local_time":"20190505150949","is_ascension_mode":true,"campfire_choices":[{"data":"Defragment","floor":7,"key":"SMITH"},{"floor":12,"key":"REST"},{"data":"Fission","floor":15,"key":"SMITH"},{"floor":24,"key":"REST"},{"data":"Chaos","floor":28,"key":"SMITH"},{"floor":32,"key":"REST"},{"floor":44,"key":"RECALL"},{"data":"Loop","floor":49,"key":"SMITH"},{"data":"Defragment","floor":52,"key":"SMITH"}],"neow_cost":"NONE","seed_source_timestamp":151221362119991,"circlet_count":0,"master_deck":["Strike_B","Strike_B","Defend_B","Defend_B","Defend_B","Defend_B","Zap+1","Dualcast+1","Defragment+1","Steam","Conserve Battery","White Noise","Doom and Gloom","Cold Snap","Loop+1","Chaos+1","BootSequence","Fission+1","Go for the Eyes+1","Go for the Eyes+1","Stack+1","Reboot","Leap","Ball Lightning","Doom and Gloom+1","Lockon","Stack","Multi-Cast","Force Field","Leap+1","Defragment+1","Redo","Coolheaded","FTL+1","Defragment+1","Coolheaded+1","Redo+1","FTL","Skim+1"],"relics":["Runic Pyramid","Ancient Tea Set","MawBank","War Paint","Symbiotic Virus","Boot","Cursed Key","Red Mask","Question Card","Mango","Matryoshka","Bag of Preparation","Busted Crown","DataDisk","DollysMirror","Unceasing Top","Meat on the Bone","Omamori","Lantern","Bottled Lightning","Dodecahedron","Toxic Egg 2","Membership Card","Bottled Flame","Sundial","Bronze Scales"],"potions_floor_usage":[6,13,21,23,50,55,55,55],"damage_taken":[{"damage":1,"enemies":"Cultist","floor":1,"turns":4},{"damage":0,"enemies":"Jaw Worm","floor":3,"turns":4},{"damage":7,"enemies":"Small Slimes","floor":4,"turns":3},{"damage":19,"enemies":"3 Sentries","floor":6,"turns":6},{"damage":16,"enemies":"Gremlin Nob","floor":8,"turns":4},{"damage":3,"enemies":"3 Louse","floor":10,"turns":3},{"damage":10,"enemies":"3 Sentries","floor":11,"turns":4},{"damage":14,"enemies":"Gremlin Nob","floor":13,"turns":7},{"damage":0,"enemies":"The Guardian","floor":16,"turns":7},{"damage":0,"enemies":"3 Byrds","floor":18,"turns":4},{"damage":7,"enemies":"Shell Parasite","floor":19,"turns":5},{"damage":24,"enemies":"Masked Bandits","floor":21,"turns":5},{"damage":0,"enemies":"Centurion and Healer","floor":22,"turns":8},{"damage":11,"enemies":"Gremlin Leader","floor":23,"turns":7},{"damage":7,"enemies":"Slavers","floor":25,"turns":6},{"damage":11,"enemies":"Book of Stabbing","floor":27,"turns":6},{"damage":1,"enemies":"3 Cultists","floor":29,"turns":6},{"damage":1,"enemies":"Snake Plant","floor":30,"turns":3},{"damage":0,"enemies":"Champ","floor":33,"turns":10},{"damage":0,"enemies":"3 Shapes","floor":35,"turns":4},{"damage":0,"enemies":"Orb Walker","floor":36,"turns":3},{"damage":0,"enemies":"Sphere and 2 Shapes","floor":38,"turns":5},{"damage":0,"enemies":"2 Orb Walkers","floor":39,"turns":6},{"damage":5,"enemies":"Giant Head","floor":40,"turns":9},{"damage":0,"enemies":"Nemesis","floor":42,"turns":5},{"damage":0,"enemies":"Jaw Worm Horde","floor":45,"turns":4},{"damage":0,"enemies":"Giant Head","floor":46,"turns":6},{"damage":0,"enemies":"Reptomancer","floor":48,"turns":11},{"damage":0,"enemies":"Awakened One","floor":50,"turns":12},{"damage":0,"enemies":"Shield and Spear","floor":54,"turns":6},{"damage":55,"enemies":"The Heart","floor":55,"turns":9}],"seed_played":"-5539573452885206128","potions_obtained":[{"floor":1,"key":"LiquidBronze"},{"floor":8,"key":"EssenceOfSteel"},{"floor":13,"key":"Explosive Potion"},{"floor":19,"key":"Block Potion"},{"floor":21,"key":"Explosive Potion"},{"floor":22,"key":"SmokeBomb"},{"floor":25,"key":"Energy Potion"},{"floor":27,"key":"Fire Potion"},{"floor":36,"key":"Regen Potion"},{"floor":38,"key":"Block Potion"},{"floor":45,"key":"SkillPotion"},{"floor":48,"key":"LiquidBronze"}],"is_trial":false,"path_per_floor":["M","$","M","M","?","E","R","E","T","M","E","R","E","?","R","B",null,"M","M","?","?","M","E","R","E","T","E","R","M","M","?","R","B",null,"M","M","$","M","?","E","?","E","T","R","M","E","?","E","R","B",null,"R","$","E","B",null],"character_chosen":"DEFECT","items_purchased":["Steam","Conserve Battery","DataDisk","DollysMirror","Membership Card","FocusPotion","Redo+1","Bottled Flame","Sundial","FTL"],"campfire_rested":3,"item_purchase_floors":[2,2,37,37,53,53,53,53,53,53],"current_hp_per_floor":[74,74,74,67,67,48,48,32,32,29,19,41,27,27,27,27,75,75,68,68,44,44,33,55,62,62,51,51,50,49,49,75,75,89,89,89,89,89,89,84,84,84,84,84,84,84,84,84,84,84,85,85,85,85,45],"gold":275,"neow_bonus":"BOSS_RELIC","is_prod":false,"is_daily":false,"chose_seed":false,"campfire_upgraded":5,"win_rate":0,"timestamp":1557083389,"path_taken":["M","$","M","M","?","E","R","E","T","M","E","R","E","?","R","BOSS","M","?","?","?","M","E","R","E","T","E","R","M","M","?","R","BOSS","M","M","$","M","?","E","?","E","T","R","M","E","?","E","R","BOSS","R","$","E","BOSS"],"build_version":"2019-04-23","purchased_purges":2,"victory":true,"max_hp_per_floor":[75,75,75,75,75,75,75,75,75,75,75,75,75,75,75,75,75,75,75,75,75,75,75,75,89,89,89,89,89,89,89,89,89,89,89,89,89,89,89,89,85,85,85,85,85,85,85,85,85,85,85,85,85,85,85],"card_choices":[{"not_picked":["Force Field","Barrage"],"picked":"Defragment","floor":1},{"not_picked":["Double Energy","Barrage"],"picked":"White Noise","floor":3},{"not_picked":["Chaos","Turbo"],"picked":"Doom and Gloom","floor":4},{"not_picked":["Gash","Coolheaded"],"picked":"Cold Snap","floor":6},{"not_picked":["Conserve Battery","Streamline"],"picked":"Loop","floor":8},{"not_picked":["Undo","Streamline"],"picked":"Chaos","floor":10},{"not_picked":["Compile Driver","Steam"],"picked":"BootSequence","floor":11},{"not_picked":["Skim","Compile Driver"],"picked":"Fission","floor":13},{"not_picked":["Reboot","Buffer"],"picked":"Core Surge","floor":16},{"not_picked":["Loop","Beam Cell+1"],"picked":"Go for the Eyes+1","floor":18},{"not_picked":["Compile Driver","Sweeping Beam+1"],"picked":"Go for the Eyes+1","floor":19},{"not_picked":["Ball Lightning","White Noise"],"picked":"Stack+1","floor":21},{"not_picked":["Blizzard","Gash"],"picked":"Reboot","floor":22},{"not_picked":["Turbo","Ball Lightning"],"picked":"Leap","floor":23},{"not_picked":["Sweeping Beam","Streamline+1","Reprogram"],"picked":"Ball Lightning","floor":25},{"not_picked":["Go for the Eyes","Sweeping Beam","Aggregate"],"picked":"Doom and Gloom+1","floor":27},{"not_picked":["Undo","Ball Lightning","Tempest","Barrage"],"picked":"SKIP","floor":29},{"not_picked":["Double Energy+1","Stack","Cold Snap"],"picked":"Lockon","floor":30},{"not_picked":["Hyperbeam","Buffer","Meteor Strike"],"picked":"Multi-Cast","floor":33},{"not_picked":["Hello World"],"picked":"Force Field","floor":35},{"not_picked":["Genetic Algorithm+1"],"picked":"Leap+1","floor":36},{"not_picked":["Consume","Storm"],"picked":"SKIP","floor":38},{"not_picked":["Rebound+1"],"picked":"Redo","floor":39},{"not_picked":["Steam","Sweeping Beam+1"],"picked":"SKIP","floor":40},{"not_picked":["Compile Driver"],"picked":"Coolheaded","floor":42},{"not_picked":["Static Discharge+1"],"picked":"FTL+1","floor":45},{"not_picked":["Coolheaded"],"picked":"Defragment","floor":46},{"not_picked":["Scrape"],"picked":"Coolheaded+1","floor":48},{"not_picked":["Blizzard+1"],"picked":"Skim+1","floor":54}],"player_experience":5640767,"relics_obtained":[{"floor":6,"key":"Ancient Tea Set"},{"floor":8,"key":"MawBank"},{"floor":11,"key":"War Paint"},{"floor":13,"key":"Symbiotic Virus"},{"floor":21,"key":"Red Mask"},{"floor":23,"key":"Question Card"},{"floor":25,"key":"Mango"},{"floor":26,"key":"Matryoshka"},{"floor":27,"key":"Bag of Preparation"},{"floor":39,"key":"Unceasing Top"},{"floor":40,"key":"Meat on the Bone"},{"floor":42,"key":"Omamori"},{"floor":43,"key":"Lantern"},{"floor":43,"key":"Bottled Lightning"},{"floor":46,"key":"Dodecahedron"},{"floor":48,"key":"Toxic Egg 2"},{"floor":54,"key":"Bronze Scales"}],"event_choices":[{"damage_healed":0,"gold_gain":175,"player_choice":"AGREE","damage_taken":0,"max_hp_gain":0,"max_hp_loss":0,"event_name":"Liars Game","floor":5,"gold_loss":0,"cards_obtained":["Doubt"]},{"damage_healed":0,"gold_gain":0,"player_choice":"Gave Potion","damage_taken":0,"relics_obtained":["Boot"],"max_hp_gain":0,"max_hp_loss":0,"event_name":"WeMeetAgain","floor":14,"gold_loss":0},{"cards_removed":["Doubt"],"damage_healed":0,"gold_gain":0,"player_choice":"Gave Gold","damage_taken":0,"max_hp_gain":0,"max_hp_loss":0,"event_name":"Beggar","floor":20,"gold_loss":75},{"damage_healed":0,"gold_gain":0,"player_choice":"Fought Bandits","damage_taken":0,"max_hp_gain":0,"max_hp_loss":0,"event_name":"Masked Bandits","floor":21,"gold_loss":0},{"damage_healed":0,"gold_gain":0,"cards_transformed":["Normality","Strike_B"],"player_choice":"Became Test Subject","damage_taken":0,"max_hp_gain":0,"max_hp_loss":0,"event_name":"Drug Dealer","floor":31,"gold_loss":0,"cards_obtained":["Shame","Stack"]},{"damage_healed":0,"gold_gain":0,"player_choice":"Fight","damage_taken":0,"max_hp_gain":0,"max_hp_loss":0,"event_name":"Mysterious Sphere","floor":39,"gold_loss":0},{"damage_healed":0,"gold_gain":0,"player_choice":"Max HP","damage_taken":0,"max_hp_gain":0,"max_hp_loss":4,"event_name":"Winding Halls","floor":41,"gold_loss":0},{"cards_removed":["Core Surge"],"damage_healed":0,"gold_gain":0,"player_choice":"Removed Attack","damage_taken":0,"max_hp_gain":0,"max_hp_loss":0,"event_name":"Falling","floor":47,"gold_loss":0}],"is_beta":true,"boss_relics":[{"not_picked":["Lizard Tail","Tiny House"],"picked":"Cursed Key"},{"not_picked":["Coffee Dripper","Snecko Eye"],"picked":"Busted Crown"}],"items_purged_floors":[37,53],"is_endless":false,"potions_floor_spawned":[1,8,13,19,21,22,25,27,36,38,45,48],"ascension_level":1}