{"gold_per_floor":[118,131,148,148,162,162,197,197,197,229,249,53,53,28,28,129,129,145,157,157,72,0,0,31,41,41,73,73,73,73],"floor_reached":30,"playtime":4520,"items_purged":[],"score":359,"play_id":"f473dff8-e76a-40e0-b967-1ae2e6d9eec3","local_time":"20180630232745","is_ascension_mode":true,"campfire_choices":[{"data":"Armaments","floor":6,"key":"SMITH"},{"floor":13,"key":"REST"},{"floor":15,"key":"REST"},{"data":"Limit Break","floor":23,"key":"SMITH"}],"neow_cost":"NONE","seed_source_timestamp":13354040086957,"circlet_count":0,"master_deck":["Strike_R","Strike_R","Strike_R","Strike_R","Defend_R+1","Defend_R","Defend_R+1","Defend_R","Bash","Armaments+1","Iron Wave","Spot Weakness","Limit Break+1","Second Wind","Flex","Ghostly Armor","Cleave","Flex","Offering","Battle Trance","Headbutt+1","Headbutt","Headbutt+1"],"relics":["Burning Blood","War Paint","Blue Candle","Torii","Odd Mushroom","Happy Flower","Coffee Dripper","Shuriken","Bag of Preparation","Pantograph","Toolbox"],"potions_floor_usage":[7,7,24,25,30],"damage_taken":[{"damage":1,"enemies":"Cultist","floor":1,"turns":3},{"damage":3,"enemies":"Jaw Worm","floor":2,"turns":5},{"damage":1,"enemies":"2 Louse","floor":3,"turns":2},{"damage":16,"enemies":"Lots of Slimes","floor":5,"turns":5},{"damage":33,"enemies":"Gremlin Nob","floor":7,"turns":4},{"damage":24,"enemies":"3 Sentries","floor":10,"turns":7},{"damage":11,"floor":11,"turns":5},{"damage":46,"enemies":"The Guardian","floor":16,"turns":14},{"damage":12,"enemies":"Shell Parasite","floor":18,"turns":5},{"damage":17,"enemies":"3 Byrds","floor":19,"turns":6},{"damage":57,"enemies":"Book of Stabbing","floor":24,"turns":6},{"damage":13,"enemies":"Snake Plant","floor":25,"turns":2},{"damage":4,"enemies":"Gremlin Leader","floor":27,"turns":4},{"damage":10,"enemies":"Centurion and Healer","floor":30,"turns":2}],"seed_played":"6393367786202452898","potions_obtained":[{"floor":2,"key":"Energy Potion"},{"floor":5,"key":"BloodPotion"},{"floor":16,"key":"Poison Potion"},{"floor":18,"key":"SkillPotion"},{"floor":27,"key":"Dexterity Potion"}],"is_trial":false,"path_per_floor":["M","M","M","?","M","R","E","?","T","E","?","$","R","$","R","B",null,"M","M","$","?","?","R","E","M","T","E","?","$"],"character_chosen":"IRONCLAD","items_purchased":["Happy Flower","Cleave","Flex"],"campfire_rested":2,"item_purchase_floors":[12,12,14],"current_hp_per_floor":[88,88,88,88,78,78,59,59,59,41,36,36,62,62,88,48,88,82,71,71,71,71,71,20,13,13,15,7,7,0],"gold":73,"neow_bonus":"TEN_PERCENT_HP_BONUS","is_prod":false,"is_daily":false,"chose_seed":false,"campfire_upgraded":2,"win_rate":0,"timestamp":1530412065,"path_taken":["M","?","M","?","M","R","E","?","T","E","?","$","R","?","R","BOSS","M","M","$","?","?","R","E","M","T","E","?","?","M"],"build_version":"2018-06-28","purchased_purges":0,"victory":false,"max_hp_per_floor":[88,88,88,88,88,88,88,88,88,88,88,88,88,88,88,88,88,88,88,88,88,88,88,88,88,88,88,88,88,88],"card_choices":[{"not_picked":["Heavy Blade","Warcry"],"picked":"Armaments","floor":1},{"not_picked":["Anger","Wild Strike"],"picked":"Iron Wave","floor":2},{"not_picked":["Sever Soul","Iron Wave"],"picked":"Spot Weakness","floor":3},{"not_picked":["Feel No Pain","Sentinel","Infernal Blade"],"picked":"SKIP","floor":5},{"not_picked":["Whirlwind","Hemokinesis"],"picked":"Limit Break","floor":7},{"not_picked":["Wild Strike","Sever Soul"],"picked":"Flex","floor":10},{"not_picked":["Clothesline","Body Slam"],"picked":"Ghostly Armor","floor":11},{"not_picked":["Feed","Reaper"],"picked":"Offering","floor":16},{"not_picked":["Havoc","Clash+1"],"picked":"Battle Trance","floor":18},{"not_picked":["Bloodletting","Iron Wave"],"picked":"Headbutt+1","floor":19},{"not_picked":["Flame Barrier","Havoc"],"picked":"Headbutt","floor":24},{"not_picked":["Wild Strike","Perfected Strike+1"],"picked":"Headbutt+1","floor":25},{"not_picked":["Anger","Clash+1","Clothesline"],"picked":"SKIP","floor":27}],"player_experience":402601,"relics_obtained":[{"floor":7,"key":"War Paint"},{"floor":9,"key":"Blue Candle"},{"floor":10,"key":"Torii"},{"floor":11,"key":"Odd Mushroom"},{"floor":24,"key":"Bag of Preparation"},{"floor":26,"key":"Pantograph"},{"floor":27,"key":"Toolbox"}],"event_choices":[{"event_name":"Golden Wing","player_choice":"Ignored","floor":4,"damage_taken":0},{"event_name":"Transmorgrifier","player_choice":"Transform","floor":8,"damage_taken":0},{"event_name":"Mushrooms","player_choice":"Fought Mushrooms","floor":11,"damage_taken":0},{"event_name":"Addict","player_choice":"Obtained Relic","floor":21,"damage_taken":0},{"event_name":"Masked Bandits","player_choice":"Paid Bandits 72 gold","floor":22,"damage_taken":0},{"event_name":"Wheel of Change","player_choice":"Damage","floor":28,"damage_taken":0}],"boss_relics":[{"not_picked":["White Beast Statue","Runic Dome"],"picked":"Coffee Dripper"}],"items_purged_floors":[],"is_endless":false,"potions_floor_spawned":[2,5,16,18,27],"killed_by":"Centurion and Healer","ascension_level":4}