{"gold_per_floor":[111,127,141,23,23,23,23,23,107,107,132,147,162,162,162,241,241,200,33,33,33,49,49,68,68,115,115,135,135,152,168,168,245,245,255,355,204,279,279,279,309,309,309,309,309,70,89,104,104,104,104],"floor_reached":51,"playtime":2003,"items_purged":["Decay"],"score":1321,"play_id":"2c52b86d-0bcd-452d-a008-4450021fd09d","local_time":"20181214001059","is_ascension_mode":true,"campfire_choices":[{"data":"Feed","floor":6.0,"key":"SMITH"},{"data":"Uppercut","floor":8.0,"key":"SMITH"},{"data":"Inflame","floor":10.0,"key":"SMITH"},{"data":"Iron Wave","floor":15.0,"key":"SMITH"},{"data":"Sword Boomerang","floor":23.0,"key":"SMITH"},{"floor":27.0,"key":"REST"},{"floor":32.0,"key":"REST"},{"floor":40,"key":"REST"},{"floor":42,"key":"REST"},{"floor":44,"key":"REST"},{"floor":49,"key":"RECALL"}],"neow_cost":"PERCENT_DAMAGE","seed_source_timestamp":84575628148737,"circlet_count":0,"master_deck":["AscendersBane","Defend_R","Defend_R","Defend_R","Defend_R","Bash","Feed+1","Inflame+1","Shrug It Off+1","Headbutt","Spot Weakness+1","Uppercut+1","Iron Wave+1","Shrug It Off","Iron Wave+1","Limit Break+1","Fire Breathing+1","Sword Boomerang+1","Reaper","Bite","Bite","Bite","Bite","Bite","Disarm+1","Sword Boomerang","Shrug It Off+1","Corruption","Double Tap","Feel No Pain","Shrug It Off","Feel No Pain"],"special_seed":0,"relics":["Burning Blood","Darkstone Periapt","Tiny Chest","Letter Opener","Astrolabe","Red Skull","Blood Vial","Fusion Hammer","Torii","Shuriken","Orichalcum","Pocketwatch","Kunai","War Paint"],"potions_floor_usage":[],"damage_taken":[{"damage":2.0,"enemies":"Cultist","floor":1.0,"turns":4.0},{"damage":11.0,"enemies":"Jaw Worm","floor":2.0,"turns":5.0},{"damage":4.0,"enemies":"Small Slimes","floor":3.0,"turns":3.0},{"damage":36.0,"enemies":"Lagavulin","floor":11.0,"turns":6.0},{"damage":0.0,"enemies":"2 Fungi Beasts","floor":12.0,"turns":2.0},{"damage":16.0,"enemies":"3 Louse","floor":13.0,"turns":4.0},{"damage":14.0,"enemies":"The Guardian","floor":16.0,"turns":12.0},{"damage":28.0,"enemies":"2 Thieves","floor":18.0,"turns":5.0},{"damage":25.0,"enemies":"Shell Parasite","floor":22.0,"turns":5.0},{"damage":26.0,"enemies":"Cultist and Chosen","floor":24.0,"turns":7.0},{"damage":35.0,"enemies":"Snake Plant","floor":28.0,"turns":4.0},{"damage":29.0,"enemies":"Shelled Parasite and Fungi","floor":30.0,"turns":4.0},{"damage":25.0,"enemies":"Snecko","floor":31.0,"turns":6.0},{"damage":58.0,"enemies":"Champ","floor":33.0,"turns":11.0},{"damage":16.0,"enemies":"3 Shapes","floor":35.0,"turns":5.0},{"damage":31.0,"enemies":"Mind Bloom Boss Battle","floor":36.0,"turns":5.0},{"damage":65,"enemies":"Nemesis","floor":41,"turns":7},{"damage":46,"enemies":"3 Darklings","floor":47,"turns":8},{"damage":1,"enemies":"4 Shapes","floor":48,"turns":8},{"damage":111,"enemies":"Time Eater","floor":50,"turns":14},{"damage":32,"enemies":"Awakened One","floor":51,"turns":2}],"seed_played":"4119120818750881307","potions_obtained":[{"floor":1.0,"key":"SpeedPotion"},{"floor":11.0,"key":"SkillPotion"},{"floor":16.0,"key":"Swift Potion"},{"floor":41,"key":"SteroidPotion"}],"is_trial":false,"path_per_floor":["M","M","M","M","$","?","R","T","R","T","R","E","M","M","?","R","B",null,"M","$","?","?","M","R","M","?","T","R","M","?","M","M","R","B",null,"M","?","?","$","T","T","R","E","R","T","R","T","$","M","M","R","B","B"],"character_chosen":"IRONCLAD","items_purchased":["Spot Weakness","Uppercut","Red Skull","Corruption","Feel No Pain","War Paint"],"campfire_rested":5,"item_purchase_floors":[4,4,19,37,46,46],"current_hp_per_floor":[54,49,54,54,54,54,54,54,54,54,28,38,32,32,32,28,78,60,60,60,60,41,41,21,27,27,58,35,35,20,27,50,12,62,60,47,47,47,47,71,40,64,64,83,83,83,83,87,87,23,0],"gold":104,"neow_bonus":"THREE_RARE_CARDS","is_prod":false,"is_daily":false,"chose_seed":false,"campfire_upgraded":5,"win_rate":0,"timestamp":1544764259,"path_taken":["M","?","M","$","?","R","?","R","T","R","E","?","M","?","R","BOSS","M","$","?","?","M","R","M","?","T","R","M","?","?","M","R","BOSS","M","?","$","?","?","R","E","R","T","R","?","$","?","M","R","BOSS","BOSS"],"build_version":"2018-12-13","purchased_purges":1,"victory":false,"max_hp_per_floor":[75,75,78,78,78,78,78,78,78,78,82,86,90,90,90,94,94,98,98,98,98,98,98,98,104,104,104,108,75,75,79,79,79,79,79,83,83,83,83,83,83,83,83,83,83,83,83,87,87,87,87],"card_choices":[{"not_picked":["Impervious","Exhume"],"picked":"Feed","floor":0.0},{"not_picked":["Rupture","True Grit"],"picked":"Inflame","floor":1.0},{"not_picked":["Infernal Blade","Second Wind"],"picked":"Shrug It Off","floor":2.0},{"not_picked":["Heavy Blade","Anger"],"picked":"Headbutt","floor":3.0},{"not_picked":["Perfected Strike","Berserk"],"picked":"Iron Wave","floor":11.0},{"not_picked":["Havoc","Infernal Blade"],"picked":"Shrug It Off","floor":12.0},{"not_picked":["Thunderclap","Reckless Charge"],"picked":"Iron Wave","floor":13.0},{"not_picked":["Clothesline+1","Anger"],"picked":"Sword Boomerang","floor":18.0},{"not_picked":["Clothesline","Shockwave","Sentinel"],"picked":"SKIP","floor":22.0},{"not_picked":["Second Wind","Havoc"],"picked":"Reaper","floor":24.0},{"not_picked":["Spot Weakness+1","Perfected Strike","Twin Strike"],"picked":"SKIP","floor":28.0},{"not_picked":["Wild Strike","Second Wind","Metallicize"],"picked":"SKIP","floor":30.0},{"not_picked":["Armaments","Inflame+1"],"picked":"Disarm+1","floor":31.0},{"not_picked":["Thunderclap+1","Entrench"],"picked":"Sword Boomerang","floor":35.0},{"not_picked":["Metallicize","Wild Strike+1"],"picked":"Shrug It Off+1","floor":36},{"not_picked":["Demon Form","True Grit"],"picked":"Double Tap","floor":41},{"not_picked":["Flex","Pommel Strike+1"],"picked":"Shrug It Off","floor":47},{"not_picked":["Body Slam+1","Clothesline"],"picked":"Feel No Pain","floor":48}],"player_experience":796137,"relics_obtained":[{"floor":7.0,"key":"Darkstone Periapt"},{"floor":9.0,"key":"Tiny Chest"},{"floor":11.0,"key":"Letter Opener"},{"floor":26.0,"key":"Blood Vial"},{"floor":36,"key":"Torii"},{"floor":38,"key":"Shuriken"},{"floor":41,"key":"Orichalcum"},{"floor":43,"key":"Pocketwatch"},{"floor":45,"key":"Kunai"}],"event_choices":[{"damage_healed":0.0,"max_hp_gain":0.0,"max_hp_loss":0.0,"gold_gain":0.0,"event_name":"The Cleric","player_choice":"Leave","floor":5.0,"gold_loss":0.0,"damage_taken":0.0},{"damage_healed":0.0,"max_hp_gain":0.0,"max_hp_loss":0.0,"gold_gain":0.0,"event_name":"Living Wall","player_choice":"Grow","floor":14.0,"gold_loss":0.0,"damage_taken":0.0,"cards_upgraded":["Iron Wave"]},{"damage_healed":0.0,"max_hp_gain":0.0,"max_hp_loss":0.0,"gold_gain":0.0,"event_name":"Beggar","player_choice":"Ignored","floor":20.0,"gold_loss":0.0,"damage_taken":0.0},{"damage_healed":0.0,"max_hp_gain":0.0,"max_hp_loss":0.0,"gold_gain":0.0,"event_name":"Ghosts","player_choice":"Ignored","floor":21.0,"gold_loss":0.0,"damage_taken":0.0},{"damage_healed":0.0,"max_hp_gain":0.0,"max_hp_loss":0.0,"gold_gain":0.0,"event_name":"Forgotten Altar","player_choice":"Smashed Altar","floor":25.0,"gold_loss":0.0,"damage_taken":0.0,"cards_obtained":["Decay"]},{"damage_healed":0.0,"max_hp_gain":0.0,"max_hp_loss":33.0,"gold_gain":0.0,"event_name":"Vampires","player_choice":"Became a vampire","floor":29.0,"gold_loss":0.0,"damage_taken":0.0,"cards_obtained":["Bite","Bite","Bite","Bite","Bite"]},{"damage_healed":0.0,"max_hp_gain":0.0,"max_hp_loss":0.0,"gold_gain":0.0,"event_name":"MindBloom","player_choice":"Fight","floor":36.0,"gold_loss":0.0,"damage_taken":0.0},{"cards_removed":["Inflame"],"damage_healed":0,"gold_gain":0,"player_choice":"Removed Power","damage_taken":0,"max_hp_gain":0,"max_hp_loss":0,"event_name":"Falling","floor":36,"gold_loss":0}],"is_beta":true,"boss_relics":[{"not_picked":["Pandora\u0027s Box","Eternal Feather"],"picked":"Astrolabe"},{"not_picked":["Busted Crown","Tiny House"],"picked":"Fusion Hammer"}],"items_purged_floors":[37],"is_endless":false,"potions_floor_spawned":[1,11,16,18,28,31,41,47],"killed_by":"Awakened One","ascension_level":20}