{"gold_per_floor":[117,117,117,135,66,66,66,66,66,41,57,82,82,82,82,180,180,190,190,115,115],"floor_reached":21,"playtime":607,"items_purged":[],"score":268,"play_id":"8ac2159f-ed63-4db2-908d-502a101ae73c","local_time":"20190314160228","is_ascension_mode":true,"campfire_choices":[{"floor":6,"key":"REST"},{"data":"Echo Form","floor":8,"key":"SMITH"},{"floor":13,"key":"REST"},{"data":"Gash","floor":15,"key":"SMITH"}],"neow_cost":"PERCENT_DAMAGE","seed_source_timestamp":138707041086718,"circlet_count":0,"master_deck":["AscendersBane","Strike_B","Strike_B","Strike_B","Defend_B","Defend_B","Defend_B","Defend_B","Zap","Dualcast","Echo Form+1","Blizzard","Coolheaded","Genetic Algorithm","Turbo","Turbo","Gash+1","Rainbow","Cold Snap"],"relics":["Cracked Core","Pocketwatch","Smiling Mask","Vajra","Cursed Key"],"potions_floor_usage":[12,12,19],"damage_taken":[{"damage":11,"enemies":"Jaw Worm","floor":1,"turns":4},{"damage":0,"enemies":"Small Slimes","floor":4,"turns":3},{"damage":5,"enemies":"Cultist","floor":11,"turns":4},{"damage":42,"enemies":"Gremlin Nob","floor":12,"turns":5},{"damage":24,"enemies":"Slime Boss","floor":16,"turns":10},{"damage":22,"enemies":"Shell Parasite","floor":18,"turns":5},{"damage":34,"enemies":"Colosseum Slavers","floor":19,"turns":5},{"damage":13,"enemies":"3 Byrds","floor":21,"turns":2}],"seed_played":"-7860330449036682908","potions_obtained":[{"floor":3,"key":"FocusPotion"},{"floor":3,"key":"PowerPotion"},{"floor":16,"key":"Ancient Potion"}],"is_trial":false,"path_per_floor":["M","?","?","M","$","R","$","R","T","$","M","E","R","?","R","B",null,"M","?","?","M"],"character_chosen":"DEFECT","items_purchased":["Genetic Algorithm","Turbo"],"campfire_rested":2,"item_purchase_floors":[5,10],"current_hp_per_floor":[39,36,36,36,36,58,58,58,58,58,53,11,33,58,58,34,65,43,9,9,0],"gold":115,"neow_bonus":"THREE_RARE_CARDS","is_prod":false,"is_daily":false,"chose_seed":false,"campfire_upgraded":2,"win_rate":0,"timestamp":1552590148,"path_taken":["M","?","?","?","$","R","?","R","T","?","M","E","R","?","R","BOSS","M","?","?","M"],"build_version":"2019-01-23","purchased_purges":0,"victory":false,"max_hp_per_floor":[75,75,75,75,75,75,75,75,75,75,75,75,75,75,75,75,75,75,75,75,75],"card_choices":[{"not_picked":["Reboot","Hyperbeam"],"picked":"Echo Form","floor":0},{"not_picked":["Go for the Eyes","Turbo"],"picked":"Blizzard","floor":1},{"not_picked":["Melter","Redo"],"picked":"Coolheaded","floor":4},{"not_picked":["Steam Power","Steam"],"picked":"Turbo","floor":11},{"not_picked":["BootSequence","Fusion"],"picked":"Gash","floor":12},{"not_picked":["Hyperbeam","Biased Cognition"],"picked":"Rainbow","floor":16},{"not_picked":["Steam","Conserve Battery"],"picked":"Cold Snap","floor":18}],"player_experience":938591,"relics_obtained":[{"floor":9,"key":"Smiling Mask"},{"floor":12,"key":"Vajra"}],"event_choices":[{"damage_healed":0,"gold_gain":0,"player_choice":"Success","damage_taken":3,"relics_obtained":["Pocketwatch"],"max_hp_gain":0,"max_hp_loss":0,"event_name":"Scrap Ooze","floor":2,"gold_loss":0},{"damage_healed":0,"gold_gain":0,"player_choice":"Got Potions","damage_taken":0,"max_hp_gain":0,"max_hp_loss":0,"event_name":"Lab","floor":3,"gold_loss":0},{"damage_healed":25,"gold_gain":0,"player_choice":"Banana","damage_taken":0,"max_hp_gain":0,"max_hp_loss":0,"event_name":"Big Fish","floor":14,"gold_loss":0},{"damage_healed":0,"gold_gain":0,"player_choice":"Fight","damage_taken":0,"max_hp_gain":0,"max_hp_loss":0,"event_name":"Colosseum","floor":19,"gold_loss":0},{"damage_healed":0,"gold_gain":0,"player_choice":"Fled From Nobs","damage_taken":0,"max_hp_gain":0,"max_hp_loss":0,"event_name":"Colosseum","floor":19,"gold_loss":0},{"cards_removed":["Strike_B"],"damage_healed":0,"gold_gain":0,"player_choice":"Gave Gold","damage_taken":0,"max_hp_gain":0,"max_hp_loss":0,"event_name":"Beggar","floor":20,"gold_loss":75}],"is_beta":false,"boss_relics":[{"not_picked":["Philosopher\u0027s Stone","Runic Dome"],"picked":"Cursed Key"}],"items_purged_floors":[],"is_endless":false,"potions_floor_spawned":[11,16],"killed_by":"3 Byrds","ascension_level":11}