{"gold_per_floor":[119,119,132,144,160,185,185,185,209,209,228,76,76,103,103,204,204,216,216,228,228,238,263,263,223,246,17,17,37,66,66,66,66],"floor_reached":33,"playtime":1380,"items_purged":["Strike_R"],"score":283,"play_id":"d0347ef0-8e6a-49bf-a338-de8f9eb077c3","local_time":"20190404211542","is_ascension_mode":false,"campfire_choices":[{"data":"Armaments","floor":7,"key":"SMITH"},{"data":"Shrug It Off","floor":10,"key":"SMITH"},{"data":"Flex","floor":13,"key":"SMITH"},{"data":"Anger","floor":15,"key":"SMITH"},{"data":"RitualDagger","floor":24,"key":"SMITH"},{"data":"Exhume","floor":28,"key":"SMITH"},{"floor":32,"key":"REST"}],"neow_cost":"NONE","seed_source_timestamp":1049410313697800,"circlet_count":0,"master_deck":["Strike_R","Strike_R+1","Strike_R+1","Strike_R","Defend_R","Defend_R","Defend_R","Defend_R","Bash","Armaments+1","Anger+1","Flex+1","Shrug It Off+1","Iron Wave","Double Tap","Exhume+1","Whirlwind+1","RitualDagger+1","Anger+1","Dual Wield+1","Anger+1","Cleave+1","Limit Break"],"relics":["Burning Blood","NeowsBlessing","Whetstone","PreservedInsect","Bronze Scales","Regal Pillow","Mark of Pain","Question Card","Centennial Puzzle","Omamori","Vajra","Molten Egg 2"],"potions_floor_usage":[16,16,30,33],"damage_taken":[{"damage":0,"enemies":"Jaw Worm","floor":1,"turns":1},{"damage":0,"enemies":"Cultist","floor":3,"turns":1},{"damage":0,"enemies":"Small Slimes","floor":4,"turns":1},{"damage":26,"enemies":"Exordium Wildlife","floor":5,"turns":6},{"damage":24,"enemies":"Gremlin Nob","floor":6,"turns":4},{"damage":2,"enemies":"Blue Slaver","floor":11,"turns":4},{"damage":27,"enemies":"The Guardian","floor":16,"turns":10},{"damage":10,"enemies":"Chosen","floor":18,"turns":4},{"damage":0,"enemies":"2 Thieves","floor":20,"turns":2},{"damage":24,"enemies":"Shelled Parasite and Fungi","floor":22,"turns":6},{"damage":16,"enemies":"Gremlin Leader","floor":23,"turns":6},{"damage":18,"enemies":"Snake Plant","floor":29,"turns":3},{"damage":13,"enemies":"Book of Stabbing","floor":30,"turns":3},{"damage":81,"enemies":"Champ","floor":33,"turns":10}],"seed_played":"4781844375769406079","potions_obtained":[{"floor":2,"key":"Fire Potion"},{"floor":2,"key":"Weak Potion"},{"floor":2,"key":"Dexterity Potion"},{"floor":16,"key":"FearPotion"},{"floor":20,"key":"Swift Potion"}],"is_trial":false,"path_per_floor":["M","?","M","M","M","E","R","?","T","R","M","$","R","T","R","B",null,"M","?","M","T","M","E","R","?","T","$","R","M","E","?","R","B"],"character_chosen":"IRONCLAD","items_purchased":["Bronze Scales","Vajra"],"campfire_rested":1,"item_purchase_floors":[12,27],"current_hp_per_floor":[80,80,80,80,60,42,42,47,47,47,51,51,51,51,51,30,85,81,75,81,81,63,53,53,53,53,53,53,41,34,34,74,0],"gold":66,"neow_bonus":"THREE_ENEMY_KILL","is_prod":false,"is_daily":false,"chose_seed":false,"campfire_upgraded":6,"win_rate":0,"timestamp":1554426942,"path_taken":["M","?","M","?","M","E","R","?","T","R","M","?","R","?","R","BOSS","M","?","M","?","?","E","R","?","T","?","R","M","E","?","R","BOSS"],"build_version":"2019-01-23","purchased_purges":1,"victory":false,"max_hp_per_floor":[80,80,80,80,80,80,80,85,85,85,85,85,85,85,85,85,85,85,85,85,85,85,85,85,85,85,85,85,85,85,85,85,85],"card_choices":[{"not_picked":["Perfected Strike","Twin Strike"],"picked":"Armaments","floor":1},{"not_picked":["Corruption","Flex"],"picked":"Anger","floor":3},{"not_picked":["Rampage","Thunderclap"],"picked":"Flex","floor":4},{"not_picked":["Cleave","Entrench"],"picked":"Shrug It Off","floor":5},{"not_picked":["Dropkick","Metallicize"],"picked":"Iron Wave","floor":6},{"not_picked":["Warcry","Perfected Strike"],"picked":"Double Tap","floor":11},{"not_picked":["Fiend Fire","Impervious"],"picked":"Exhume","floor":16},{"not_picked":["Clash","Twin Strike"],"picked":"Whirlwind+1","floor":18},{"not_picked":["Infernal Blade","Dropkick"],"picked":"Anger+1","floor":20},{"not_picked":["Fire Breathing+1","Twin Strike","Burning Pact+1"],"picked":"Dual Wield","floor":22},{"not_picked":["Havoc","Hemokinesis","True Grit+1"],"picked":"Anger+1","floor":23},{"not_picked":["Shockwave","Iron Wave+1","Body Slam"],"picked":"Cleave+1","floor":29},{"not_picked":["Wild Strike+1","Headbutt","Blood for Blood"],"picked":"Limit Break","floor":30}],"player_experience":71933,"relics_obtained":[{"floor":6,"key":"Whetstone"},{"floor":9,"key":"PreservedInsect"},{"floor":14,"key":"Regal Pillow"},{"floor":21,"key":"Question Card"},{"floor":23,"key":"Centennial Puzzle"},{"floor":26,"key":"Omamori"},{"floor":30,"key":"Molten Egg 2"}],"event_choices":[{"damage_healed":0,"gold_gain":0,"player_choice":"Got Potions","damage_taken":0,"max_hp_gain":0,"max_hp_loss":0,"event_name":"Lab","floor":2,"gold_loss":0},{"damage_healed":0,"gold_gain":0,"player_choice":"Donut","damage_taken":0,"max_hp_gain":5,"max_hp_loss":0,"event_name":"Big Fish","floor":8,"gold_loss":0},{"damage_healed":0,"gold_gain":0,"player_choice":"Joined the Cult","damage_taken":6,"max_hp_gain":0,"max_hp_loss":0,"event_name":"Nest","floor":19,"gold_loss":0,"cards_obtained":["RitualDagger"]},{"damage_healed":0,"gold_gain":0,"player_choice":"Upgrade","damage_taken":0,"max_hp_gain":0,"max_hp_loss":0,"event_name":"Designer","floor":25,"gold_loss":40,"cards_upgraded":["Dual Wield"]},{"damage_healed":0,"gold_gain":0,"player_choice":"Ignored","damage_taken":0,"max_hp_gain":0,"max_hp_loss":0,"event_name":"Ghosts","floor":31,"gold_loss":0}],"is_beta":false,"boss_relics":[{"not_picked":["Eternal Feather","Lizard Tail"],"picked":"Mark of Pain"}],"items_purged_floors":[27],"is_endless":false,"potions_floor_spawned":[4,5,11,16,20,29],"killed_by":"Champ","ascension_level":0}