{"gold_per_floor":[118,49,49,124,140,167,167,167,218,218,230,230,257,272,272,370,370,387,397,176,190,202,202,202,236,261,261,279,279,179,199,199,300,300,314,331,553,568,568,568,166,166,166,176,195,45,63,75,75,75],"floor_reached":51,"playtime":1479,"items_purged":["Strike_R","Strike_R","Parasite","Defend_R+1"],"score":759,"play_id":"317cf8ed-8906-4557-aded-debf0dca06ed","local_time":"20190416173433","is_ascension_mode":false,"campfire_choices":[{"data":"Rampage","floor":8,"key":"SMITH"},{"data":"Flame Barrier","floor":12,"key":"SMITH"},{"data":"Rampage","floor":15,"key":"SMITH"},{"data":"Bash","floor":23,"key":"SMITH"},{"data":"Defend_R","floor":27,"key":"SMITH"},{"data":"Defend_R","floor":29,"key":"SMITH"},{"floor":32,"key":"REST"},{"floor":40,"key":"REST"},{"floor":42,"key":"RECALL"},{"floor":49,"key":"REST"}],"neow_cost":"NONE","seed_source_timestamp":429142456432500,"circlet_count":0,"master_deck":["Defend_R+1","Bash+1","Rampage+1","Flame Barrier+1","Rampage+1"],"relics":["Burning Blood","NeowsBlessing","Gremlin Horn","Ornamental Fan","War Paint","Red Skull","Runic Pyramid","Bronze Scales","MutagenicStrength","Red Mask","Potion Belt","Empty Cage","Happy Flower","Letter Opener"],"potions_floor_usage":[16,19,25,33,33,38,45,50,50,50,50],"damage_taken":[{"damage":0,"enemies":"Cultist","floor":1,"turns":1},{"damage":0,"enemies":"2 Louse","floor":5,"turns":1},{"damage":0,"enemies":"Lagavulin","floor":6,"turns":1},{"damage":0,"enemies":"Small Slimes","floor":11,"turns":4},{"damage":22,"enemies":"Gremlin Nob","floor":13,"turns":5},{"damage":0,"enemies":"2 Fungi Beasts","floor":14,"turns":3},{"damage":26,"enemies":"Hexaghost","floor":16,"turns":9},{"damage":6,"enemies":"Chosen","floor":18,"turns":4},{"damage":11,"enemies":"2 Thieves","floor":19,"turns":4},{"damage":5,"enemies":"Shelled Parasite and Fungi","floor":21,"turns":4},{"damage":8,"enemies":"Centurion and Healer","floor":22,"turns":5},{"damage":17,"enemies":"Masked Bandits","floor":25,"turns":4},{"damage":6,"enemies":"Cultist and Chosen","floor":28,"turns":5},{"damage":2,"enemies":"Shelled Parasite and Fungi","floor":31,"turns":5},{"damage":38,"enemies":"Automaton","floor":33,"turns":10},{"damage":20,"enemies":"Orb Walker","floor":35,"turns":4},{"damage":2,"enemies":"3 Shapes","floor":36,"turns":6},{"damage":14,"enemies":"Writhing Mass","floor":38,"turns":6},{"damage":0,"enemies":"Transient","floor":44,"turns":5},{"damage":24,"enemies":"Maw","floor":45,"turns":7},{"damage":3,"enemies":"3 Darklings","floor":47,"turns":4},{"damage":2,"enemies":"Sphere and 2 Shapes","floor":48,"turns":5},{"damage":11,"enemies":"Awakened One","floor":50,"turns":12}],"seed_played":"-3564005907005302960","potions_obtained":[{"floor":1,"key":"Energy Potion"},{"floor":11,"key":"Explosive Potion"},{"floor":14,"key":"Block Potion"},{"floor":21,"key":"Ancient Potion"},{"floor":22,"key":"Dexterity Potion"},{"floor":28,"key":"PowerPotion"},{"floor":33,"key":"Regen Potion"},{"floor":36,"key":"Energy Potion"},{"floor":45,"key":"SteroidPotion"},{"floor":47,"key":"Fire Potion"},{"floor":48,"key":"EssenceOfSteel"}],"is_trial":false,"path_per_floor":["M","$","T","?","M","E","?","R","T","?","M","R","E","M","R","B",null,"M","M","$","M","M","R","?","?","T","R","M","R","$","M","R","B",null,"M","M","?","M","?","R","$","R","T","M","M","$","M","M","R","B",null],"character_chosen":"IRONCLAD","items_purchased":["Rampage","Bronze Scales","Happy Flower","EssenceOfSteel","Dexterity Potion"],"campfire_rested":3,"item_purchase_floors":[2,20,41,41,41],"current_hp_per_floor":[80,80,80,69,75,80,80,80,80,73,79,79,63,69,69,49,80,80,75,75,76,74,74,74,63,63,63,63,63,63,67,80,48,80,66,70,70,74,74,80,77,77,77,77,59,59,62,66,77,72],"gold":75,"neow_bonus":"THREE_ENEMY_KILL","is_prod":false,"is_daily":false,"chose_seed":false,"campfire_upgraded":6,"win_rate":0,"timestamp":1555428873,"path_taken":["M","$","?","?","M","E","?","R","T","?","M","R","E","M","R","BOSS","M","M","$","M","M","R","?","?","T","R","M","R","$","M","R","BOSS","M","M","?","M","?","R","$","R","T","M","M","$","M","M","R","BOSS"],"build_version":"2019-01-23","purchased_purges":4,"victory":true,"max_hp_per_floor":[80,80,80,80,80,80,80,80,80,80,80,80,80,80,80,80,80,80,80,80,80,80,80,80,80,80,80,80,80,80,80,80,80,80,80,80,80,80,80,80,77,77,77,77,77,77,77,77,77,77],"card_choices":[{"not_picked":["Bloodletting","Heavy Blade","Perfected Strike"],"picked":"SKIP","floor":1},{"not_picked":["Inflame","Hemokinesis"],"picked":"Flame Barrier","floor":5},{"not_picked":["Twin Strike","Carnage","True Grit"],"picked":"SKIP","floor":6},{"not_picked":["Warcry","Uppercut","Headbutt"],"picked":"SKIP","floor":11},{"not_picked":["Power Through","Twin Strike"],"picked":"Rampage","floor":13},{"not_picked":["Havoc","Cleave","Thunderclap"],"picked":"SKIP","floor":14},{"not_picked":["Hemokinesis+1","Headbutt","Seeing Red"],"picked":"SKIP","floor":18},{"not_picked":["Cleave","Sever Soul","Shockwave"],"picked":"SKIP","floor":19},{"not_picked":["Perfected Strike","Armaments","Bloodletting"],"picked":"SKIP","floor":21},{"not_picked":["True Grit+1","Headbutt","Uppercut+1"],"picked":"SKIP","floor":22},{"not_picked":["Armaments+1","Pommel Strike","Heavy Blade+1"],"picked":"SKIP","floor":28},{"not_picked":["Pummel","Headbutt","Whirlwind+1"],"picked":"SKIP","floor":31},{"not_picked":["Heavy Blade","Metallicize","Anger"],"picked":"SKIP","floor":35},{"not_picked":["Rupture","Armaments","Intimidate+1"],"picked":"SKIP","floor":36},{"not_picked":["Pommel Strike+1","Warcry+1","True Grit"],"picked":"SKIP","floor":38},{"not_picked":["Shrug It Off+1","Second Wind","Infernal Blade"],"picked":"SKIP","floor":44},{"not_picked":["Body Slam+1","Hemokinesis","Spot Weakness+1"],"picked":"SKIP","floor":45},{"not_picked":["Sword Boomerang+1","Headbutt+1","Spot Weakness"],"picked":"SKIP","floor":47},{"not_picked":["Clothesline+1","Warcry+1","Uppercut"],"picked":"SKIP","floor":48}],"player_experience":593170,"relics_obtained":[{"floor":3,"key":"Gremlin Horn"},{"floor":6,"key":"Ornamental Fan"},{"floor":9,"key":"War Paint"},{"floor":13,"key":"Red Skull"},{"floor":25,"key":"Red Mask"},{"floor":26,"key":"Potion Belt"},{"floor":43,"key":"Letter Opener"}],"event_choices":[{"damage_healed":0,"gold_gain":75,"player_choice":"Gather Gold","damage_taken":11,"max_hp_gain":0,"max_hp_loss":0,"event_name":"World of Goop","floor":4,"gold_loss":0},{"cards_removed":["Strike_R"],"damage_healed":0,"gold_gain":0,"player_choice":"Forget","damage_taken":0,"max_hp_gain":0,"max_hp_loss":0,"event_name":"Living Wall","floor":7,"gold_loss":0},{"cards_removed":["Strike_R"],"damage_healed":0,"gold_gain":0,"player_choice":"Card Removal","damage_taken":7,"max_hp_gain":0,"max_hp_loss":0,"event_name":"Golden Wing","floor":10,"gold_loss":0},{"damage_healed":0,"gold_gain":0,"player_choice":"Inject Mutagens","damage_taken":0,"relics_obtained":["MutagenicStrength"],"max_hp_gain":0,"max_hp_loss":0,"event_name":"Drug Dealer","floor":24,"gold_loss":0},{"damage_healed":0,"gold_gain":0,"player_choice":"Fought Bandits","damage_taken":0,"max_hp_gain":0,"max_hp_loss":0,"event_name":"Masked Bandits","floor":25,"gold_loss":0},{"damage_healed":0,"gold_gain":222,"player_choice":"Wore Mask","damage_taken":0,"max_hp_gain":0,"max_hp_loss":0,"event_name":"Tomb of Lord Red Mask","floor":37,"gold_loss":0},{"cards_removed":["Defend_R"],"damage_healed":0,"gold_gain":0,"player_choice":"Removed Skill","damage_taken":0,"max_hp_gain":0,"max_hp_loss":0,"event_name":"Falling","floor":39,"gold_loss":0}],"is_beta":false,"boss_relics":[{"not_picked":["Runic Dome","Orrery"],"picked":"Runic Pyramid"},{"not_picked":["Philosopher\u0027s Stone","Tiny House"],"picked":"Empty Cage"}],"items_purged_floors":[20,30,41,46],"is_endless":false,"potions_floor_spawned":[1,11,14,21,22,28,33,36,45,47,48],"ascension_level":0}