{"gold_per_floor":[369,369,167,167,184,212,17,17,17,36,53,85,185,202,202,297,297,308,326,326,103,103,117,117,117,117,135,135,234,234,268,268,268],"floor_reached":33,"playtime":1330,"items_purged":["Strike_R"],"score":348,"play_id":"7b0f215f-f29b-47eb-b7ba-4f44c56f3cac","local_time":"20190301164259","is_ascension_mode":false,"campfire_choices":[{"data":"Combust","floor":8,"key":"SMITH"},{"data":"Rage","floor":15,"key":"SMITH"},{"data":"Perfected Strike","floor":24,"key":"SMITH"},{"data":"Rage","floor":28,"key":"SMITH"},{"data":"Whirlwind","floor":30,"key":"SMITH"},{"data":"Pommel Strike","floor":32,"key":"SMITH"}],"neow_cost":"PERCENT_DAMAGE","seed_source_timestamp":142012220515781,"circlet_count":0,"master_deck":["Strike_R+1","Strike_R+1","Strike_R+1","Strike_R+1","Defend_R+1","Defend_R+1","Defend_R+1","Defend_R+1","Bash+1","Perfected Strike+1","Perfected Strike+1","Combust+1","Whirlwind+1","Pommel Strike+1","Rage+1","Ghostly Armor","Offering","Pommel Strike","Twin Strike","Bloodletting","Rage+1","Offering","Twin Strike+1","Shrug It Off"],"relics":["Burning Blood","Pear","PreservedInsect","Dodecahedron","Lee\u0027s Waffle","Whetstone","Orrery","MutagenicStrength","Happy Flower","Bottled Flame","Gremlin Horn","Self Forming Clay"],"potions_floor_usage":[16,31,33,33],"damage_taken":[{"damage":2,"enemies":"2 Louse","floor":1,"turns":4},{"damage":5,"enemies":"Small Slimes","floor":5,"turns":3},{"damage":28,"enemies":"Lagavulin","floor":6,"turns":4},{"damage":12,"enemies":"Jaw Worm","floor":10,"turns":2},{"damage":13,"enemies":"Exordium Thugs","floor":11,"turns":4},{"damage":0,"enemies":"Gremlin Nob","floor":12,"turns":2},{"damage":4,"enemies":"2 Fungi Beasts","floor":14,"turns":2},{"damage":33,"enemies":"The Guardian","floor":16,"turns":8},{"damage":8,"enemies":"Shell Parasite","floor":18,"turns":3},{"damage":22,"enemies":"2 Thieves","floor":19,"turns":2},{"damage":9,"enemies":"Chosen and Byrds","floor":23,"turns":4},{"damage":13,"enemies":"Cultist and Chosen","floor":27,"turns":3},{"damage":0,"enemies":"Slavers","floor":31,"turns":3},{"damage":86,"enemies":"Champ","floor":33,"turns":10}],"seed_played":"-2576640423542017134","potions_obtained":[{"floor":10,"key":"Swift Potion"},{"floor":12,"key":"SkillPotion"},{"floor":14,"key":"SkillPotion"},{"floor":16,"key":"LiquidBronze"},{"floor":27,"key":"Fire Potion"},{"floor":31,"key":"BloodPotion"}],"is_trial":false,"path_per_floor":["M","?","$","?","M","E","$","R","T","M","M","E","?","M","R","B",null,"M","M","?","$","?","M","R","T","T","M","R","?","R","E","R","B"],"character_chosen":"IRONCLAD","items_purchased":["PreservedInsect","Perfected Strike","Lee\u0027s Waffle","Happy Flower"],"campfire_rested":0,"item_purchase_floors":[3,3,7,21],"current_hp_per_floor":[60,63,63,45,46,24,97,97,97,91,84,90,90,92,92,65,97,95,79,79,79,79,76,76,76,76,69,69,69,69,75,75,0],"gold":268,"neow_bonus":"TWO_FIFTY_GOLD","is_prod":false,"is_daily":false,"chose_seed":false,"campfire_upgraded":6,"win_rate":0,"timestamp":1551458579,"path_taken":["M","?","$","?","M","E","$","R","T","M","M","E","?","M","R","BOSS","M","M","?","$","?","M","R","?","T","M","R","?","R","E","R","BOSS"],"build_version":"2019-02-06","purchased_purges":1,"victory":false,"max_hp_per_floor":[80,90,90,90,90,90,97,97,97,97,97,97,97,97,97,97,97,97,97,97,97,97,97,97,97,97,97,97,97,97,97,97,97],"card_choices":[{"not_picked":["Headbutt","Heavy Blade"],"picked":"Perfected Strike","floor":1},{"not_picked":["Body Slam","Flame Barrier"],"picked":"Combust","floor":5},{"not_picked":["Body Slam","Pummel"],"picked":"Whirlwind","floor":6},{"not_picked":["Clash","Combust","Sentinel"],"picked":"SKIP","floor":10},{"not_picked":["Metallicize","Wild Strike"],"picked":"Pommel Strike","floor":11},{"not_picked":["True Grit","Havoc"],"picked":"Rage","floor":12},{"not_picked":["Pummel","Heavy Blade"],"picked":"Ghostly Armor","floor":14},{"not_picked":["Fiend Fire","Demon Form"],"picked":"Offering","floor":16},{"not_picked":["True Grit","Iron Wave"],"picked":"Pommel Strike","floor":17},{"not_picked":["Havoc","Clash"],"picked":"Twin Strike","floor":17},{"not_picked":["Flex","Clothesline"],"picked":"Bloodletting","floor":17},{"not_picked":["Havoc","Fire Breathing"],"picked":"Rage","floor":17},{"not_picked":["Cleave","Rampage+1"],"picked":"Offering","floor":18},{"not_picked":["Intimidate","Carnage+1","Body Slam"],"picked":"SKIP","floor":19},{"not_picked":["True Grit+1","Flex"],"picked":"Twin Strike+1","floor":23},{"not_picked":["Flex","Iron Wave","Sentinel+1"],"picked":"SKIP","floor":27},{"not_picked":["Armaments","Cleave"],"picked":"Shrug It Off","floor":31}],"player_experience":986960,"relics_obtained":[{"floor":6,"key":"Dodecahedron"},{"floor":12,"key":"Whetstone"},{"floor":25,"key":"Bottled Flame"},{"floor":26,"key":"Gremlin Horn"},{"floor":31,"key":"Self Forming Clay"}],"event_choices":[{"damage_healed":0,"gold_gain":0,"player_choice":"Success","damage_taken":7,"relics_obtained":["Pear"],"max_hp_gain":0,"max_hp_loss":0,"event_name":"Scrap Ooze","floor":2,"gold_loss":0},{"damage_healed":0,"gold_gain":0,"player_choice":"Entered Light","damage_taken":18,"max_hp_gain":0,"max_hp_loss":0,"event_name":"Shining Light","floor":4,"gold_loss":0,"cards_upgraded":["Strike_R","Bash"]},{"damage_healed":0,"gold_gain":100,"player_choice":"Pray","damage_taken":0,"max_hp_gain":0,"max_hp_loss":0,"event_name":"Golden Shrine","floor":13,"gold_loss":0},{"damage_healed":0,"gold_gain":0,"player_choice":"Inject Mutagens","damage_taken":0,"relics_obtained":["MutagenicStrength"],"max_hp_gain":0,"max_hp_loss":0,"event_name":"Drug Dealer","floor":20,"gold_loss":0},{"damage_healed":0,"gold_gain":0,"player_choice":"Simplicity","damage_taken":0,"max_hp_gain":0,"max_hp_loss":0,"event_name":"Back to Basics","floor":22,"gold_loss":0,"cards_upgraded":["Strike_R","Strike_R","Defend_R","Defend_R","Defend_R","Defend_R"]},{"damage_healed":0,"gold_gain":99,"player_choice":"Stole From Cult","damage_taken":0,"max_hp_gain":0,"max_hp_loss":0,"event_name":"Nest","floor":29,"gold_loss":0}],"is_beta":true,"boss_relics":[{"not_picked":["Tiny House","Black Star"],"picked":"Orrery"}],"items_purged_floors":[21],"is_endless":false,"potions_floor_spawned":[10,12,14,16,27,31],"killed_by":"Champ","ascension_level":0}