{"gold_per_floor":[117,131,142,159,172,206,206,237,237,262,60,60,60,96,96,220,220,233,233,233,42,65,101,125,144,167,219,255,300,35,35,35,154,154,175,250,263,263,277,321,321,355,401,432,432,136,196,32,32,32,32,32,9,43,43],"floor_reached":56,"playtime":4287,"items_purged":["Strike_G","Strike_G","Strike_G+1"],"score":1818,"play_id":"b7286ed9-141a-4d6b-ae04-335febd12f9c","local_time":"20190302152252","is_ascension_mode":true,"campfire_choices":[{"data":"Bullet Time","floor":7,"key":"SMITH"},{"data":"Neutralize","floor":13,"key":"SMITH"},{"data":"Sucker Punch","floor":15,"key":"SMITH"},{"floor":32,"key":"RECALL"},{"floor":49,"key":"REST"},{"floor":52,"key":"REST"}],"neow_cost":"NONE","seed_source_timestamp":83524176242859,"circlet_count":0,"master_deck":["Defend_G+1","Defend_G+1","Defend_G+1","Defend_G+1","Defend_G+1","Strike_G+1","Strike_G+1","Survivor+1","Neutralize+1","Bullet Time+1","Quick Slash+1","Dash+1","Leg Sweep+1","Terror+1","Sucker Punch+1","Blur+1","Masterful Stab+1","Backstab+1","Dagger Throw+1","Good Instincts+1","Flying Knee+1","After Image+1","Dagger Spray+1","Blade Dance+1","Backflip+1","Well Laid Plans+1","Blur+1","Deflect+1","Well Laid Plans+1","Footwork+1","Corpse Explosion+1","Discovery+1","J.A.X.+1","Burst+1","Prepared+1","Escape Plan+1","Predator+1","Dodge and Roll+1","Adrenaline","Acrobatics","Dagger Spray+1","Calculated Gamble","Finisher+1","Leg Sweep+1","Acrobatics+1","Backflip+1"],"relics":["Ring of the Snake","Orichalcum","Ginger","Gremlin Horn","Turnip","Golden Idol","Ninja Scroll","Fusion Hammer","Happy Flower","Membership Card","Art of War","MawBank","Whetstone","PreservedInsect","Juzu Bracelet","Runic Dome","Bottled Lightning","Mark of the Bloom","Vajra","Lantern","Molten Egg 2","Thread and Needle","Toxic Egg 2","Pen Nib"],"potions_floor_usage":[6,10,16,27,40,42,55,55,55],"damage_taken":[{"damage":0,"enemies":"Cultist","floor":1,"turns":5},{"damage":0,"enemies":"Small Slimes","floor":2,"turns":2},{"damage":0,"enemies":"Jaw Worm","floor":3,"turns":4},{"damage":0,"enemies":"Exordium Wildlife","floor":4,"turns":6},{"damage":0,"enemies":"Lots of Slimes","floor":5,"turns":7},{"damage":13,"enemies":"Lagavulin","floor":6,"turns":6},{"damage":4,"enemies":"3 Sentries","floor":8,"turns":12},{"damage":0,"enemies":"Gremlin Nob","floor":10,"turns":3},{"damage":0,"enemies":"3 Sentries","floor":14,"turns":9},{"damage":0,"enemies":"Slime Boss","floor":16,"turns":8},{"damage":0,"enemies":"2 Thieves","floor":18,"turns":4},{"damage":0,"enemies":"Spheric Guardian","floor":22,"turns":2},{"damage":0,"enemies":"Book of Stabbing","floor":23,"turns":5},{"damage":0,"enemies":"Centurion and Healer","floor":24,"turns":6},{"damage":0,"enemies":"Shelled Parasite and Fungi","floor":25,"turns":5},{"damage":0,"enemies":"Slavers","floor":27,"turns":5},{"damage":0,"enemies":"Cultist and Chosen","floor":28,"turns":6},{"damage":0,"enemies":"Gremlin Leader","floor":29,"turns":5},{"damage":3,"enemies":"Collector","floor":33,"turns":9},{"damage":0,"enemies":"3 Shapes","floor":35,"turns":4},{"damage":4,"enemies":"3 Darklings","floor":37,"turns":2},{"damage":0,"enemies":"Sphere and 2 Shapes","floor":39,"turns":8},{"damage":3,"enemies":"Giant Head","floor":40,"turns":6},{"damage":0,"enemies":"Nemesis","floor":42,"turns":7},{"damage":0,"enemies":"Reptomancer","floor":44,"turns":3},{"damage":0,"enemies":"2 Orb Walkers","floor":47,"turns":2},{"damage":0,"enemies":"Awakened One","floor":50,"turns":14},{"damage":3,"enemies":"Shield and Spear","floor":54,"turns":1},{"damage":9,"enemies":"The Heart","floor":55,"turns":9}],"seed_played":"8721004608311887656","potions_obtained":[{"floor":4,"key":"SkillPotion"},{"floor":8,"key":"Energy Potion"},{"floor":10,"key":"Strength Potion"},{"floor":14,"key":"Dexterity Potion"},{"floor":22,"key":"Energy Potion"},{"floor":24,"key":"SkillPotion"},{"floor":27,"key":"SpeedPotion"},{"floor":35,"key":"Swift Potion"},{"floor":39,"key":"Dexterity Potion"},{"floor":42,"key":"Ancient Potion"}],"is_trial":false,"path_per_floor":["M","M","M","M","M","E","R","E","T","E","$","?","R","E","R","B",null,"M","?","?","$","M","E","M","M","T","E","M","E","$","?","R","B",null,"M","?","M","?","M","E","?","E","T","E","?","$","?","$","R","B",null,"R","$","E","B",null],"character_chosen":"THE_SILENT","items_purchased":["Dagger Throw","Good Instincts","Membership Card","Footwork","Corpse Explosion","Discovery","Juzu Bracelet","Acrobatics","PowerPotion","Molten Egg 2","Dagger Spray+1","Calculated Gamble","Toxic Egg 2","Leg Sweep+1","Acrobatics+1"],"campfire_rested":2,"item_purchase_floors":[11,11,21,30,30,30,30,46,46,46,46,46,48,48,53],"current_hp_per_floor":[70,70,70,70,70,57,57,53,53,53,53,53,53,53,53,53,65,65,65,65,65,65,65,65,65,65,65,65,65,65,65,65,62,65,65,59,55,55,55,52,52,52,52,52,52,52,52,52,52,52,52,52,52,49,40],"gold":43,"neow_bonus":"ONE_RANDOM_RARE_CARD","is_prod":false,"is_daily":false,"chose_seed":false,"campfire_upgraded":3,"win_rate":0,"timestamp":1551558172,"path_taken":["M","?","?","M","M","E","R","E","T","E","$","?","R","E","R","BOSS","M","?","?","$","M","E","M","M","T","E","?","E","$","?","R","BOSS","M","?","M","?","M","E","?","E","T","E","?","$","?","?","R","BOSS","R","$","E","BOSS"],"build_version":"2019-02-06","purchased_purges":3,"victory":true,"max_hp_per_floor":[70,70,70,70,70,70,70,70,70,70,70,65,65,65,65,65,65,65,65,65,65,65,65,65,65,65,65,65,65,65,65,65,65,65,65,65,65,62,62,62,62,62,62,62,62,62,62,62,62,62,62,62,62,62,62],"card_choices":[{"not_picked":["PiercingWail","Dodge and Roll"],"picked":"Quick Slash","floor":1},{"not_picked":["Bane","Masterful Stab"],"picked":"Dash","floor":2},{"not_picked":["Sucker Punch","Blur"],"picked":"Leg Sweep","floor":3},{"not_picked":["Deflect","Slice"],"picked":"Terror","floor":4},{"not_picked":["Blade Dance","Setup"],"picked":"Sucker Punch","floor":5},{"not_picked":["Riddle With Holes","Skewer"],"picked":"Blur","floor":6},{"not_picked":["Tactician","Setup"],"picked":"Masterful Stab","floor":8},{"not_picked":["Phantasmal Killer","Cloak And Dagger"],"picked":"Backstab","floor":10},{"not_picked":["Storm of Steel","Sucker Punch"],"picked":"Flying Knee","floor":14},{"not_picked":["Night Terror","Bullet Time"],"picked":"After Image","floor":16},{"not_picked":["Tactician","Reflex"],"picked":"Dagger Spray","floor":18},{"not_picked":["Flechettes+1","Tactician+1"],"picked":"Blade Dance","floor":22},{"not_picked":["Expertise","Dagger Spray+1"],"picked":"Backflip+1","floor":23},{"not_picked":["Distraction","Dagger Throw+1"],"picked":"Well Laid Plans","floor":24},{"not_picked":["Quick Slash","Crippling Poison"],"picked":"Blur","floor":25},{"not_picked":["Flechettes","Reflex","Doppelganger"],"picked":"SKIP","floor":27},{"not_picked":["Dodge and Roll","Blade Dance"],"picked":"Deflect","floor":28},{"not_picked":["PiercingWail","Endless Agony"],"picked":"Well Laid Plans","floor":29},{"not_picked":["Doppelganger","Grand Finale"],"picked":"Burst","floor":33},{"not_picked":["Flying Knee","Dagger Throw"],"picked":"Prepared+1","floor":35},{"not_picked":["Outmaneuver","Deadly Poison+1"],"picked":"Escape Plan+1","floor":37},{"not_picked":["Grand Finale","Flying Knee"],"picked":"Predator","floor":39},{"not_picked":["Flechettes+1","Flying Knee+1"],"picked":"Dodge and Roll+1","floor":40},{"not_picked":["Underhanded Strike+1","Dagger Throw","Deflect"],"picked":"SKIP","floor":42},{"not_picked":["Prepared+1","Flying Knee+1"],"picked":"Adrenaline","floor":44},{"not_picked":["Sucker Punch+1","Backflip"],"picked":"Finisher+1","floor":47},{"not_picked":["Catalyst+1","Leg Sweep+1"],"picked":"Backflip+1","floor":54}],"player_experience":4757999,"relics_obtained":[{"floor":6,"key":"Orichalcum"},{"floor":8,"key":"Ginger"},{"floor":9,"key":"Gremlin Horn"},{"floor":10,"key":"Turnip"},{"floor":14,"key":"Ninja Scroll"},{"floor":23,"key":"Art of War"},{"floor":26,"key":"MawBank"},{"floor":27,"key":"Whetstone"},{"floor":29,"key":"PreservedInsect"},{"floor":40,"key":"Bottled Lightning"},{"floor":42,"key":"Vajra"},{"floor":44,"key":"Lantern"},{"floor":47,"key":"Thread and Needle"},{"floor":54,"key":"Pen Nib"}],"event_choices":[{"damage_healed":0,"gold_gain":0,"player_choice":"Lose Max HP","damage_taken":0,"relics_obtained":["Golden Idol"],"max_hp_gain":0,"max_hp_loss":5,"event_name":"Golden Idol","floor":12,"gold_loss":0},{"damage_healed":0,"gold_gain":0,"player_choice":"Opened","damage_taken":0,"relics_obtained":["Happy Flower"],"max_hp_gain":0,"max_hp_loss":0,"event_name":"The Mausoleum","floor":19,"gold_loss":0},{"damage_healed":0,"gold_gain":0,"player_choice":"Ignored","damage_taken":0,"max_hp_gain":0,"max_hp_loss":0,"event_name":"N\u0027loth","floor":20,"gold_loss":0},{"damage_healed":0,"gold_gain":0,"player_choice":"Obtain J.A.X.","damage_taken":0,"max_hp_gain":0,"max_hp_loss":0,"event_name":"Drug Dealer","floor":31,"gold_loss":0,"cards_obtained":["J.A.X."]},{"damage_healed":0,"gold_gain":75,"player_choice":"Touch","damage_taken":6,"max_hp_gain":0,"max_hp_loss":0,"event_name":"FaceTrader","floor":36,"gold_loss":0},{"damage_healed":0,"gold_gain":0,"player_choice":"Max HP","damage_taken":0,"max_hp_gain":0,"max_hp_loss":3,"event_name":"Winding Halls","floor":38,"gold_loss":0},{"damage_healed":0,"gold_gain":0,"player_choice":"Upgrade","damage_taken":0,"relics_obtained":["Mark of the Bloom"],"max_hp_gain":0,"max_hp_loss":0,"event_name":"MindBloom","floor":41,"gold_loss":0,"cards_upgraded":["Defend_G","Defend_G","Defend_G","Defend_G","Defend_G","Strike_G","Strike_G","Strike_G","Survivor","Quick Slash","Leg Sweep","Terror","Blur","Masterful Stab","Backstab","Dagger Throw","Good Instincts","Flying Knee","After Image","Blade Dance","Well Laid Plans","Blur","Deflect","Well Laid Plans","Footwork","Corpse Explosion","Discovery","J.A.X.","Burst","Predator"]},{"damage_healed":0,"gold_gain":0,"player_choice":"Ignored","damage_taken":0,"max_hp_gain":0,"max_hp_loss":0,"event_name":"Tomb of Lord Red Mask","floor":45,"gold_loss":0},{"damage_healed":0,"gold_gain":0,"player_choice":"Fight","damage_taken":0,"max_hp_gain":0,"max_hp_loss":0,"event_name":"Mysterious Sphere","floor":47,"gold_loss":0}],"is_beta":true,"boss_relics":[{"not_picked":["White Beast Statue","HoveringKite"],"picked":"Fusion Hammer"},{"not_picked":["Snecko Eye","Cursed Key"],"picked":"Runic Dome"}],"items_purged_floors":[11,30,46],"is_endless":false,"potions_floor_spawned":[4,8,10,14,22,24,27,29,33,35,39,42,47],"ascension_level":1}