{"gold_per_floor":[364,364,385,409,428,428,453,488,488,17,17,50,50,93,93,223,223,242,257,257,270,270,270,310,158,158,174,188,231,266,309,321,456,468,496,557,569,596,626,676,688,733,824,836,863,875,922,934,946,958],"floor_reached":50,"playtime":2559,"items_purged":["Shame"],"score":996,"play_id":"49009a67-eaf0-485a-ace3-6ea924982e67","local_time":"20190415081500","is_ascension_mode":true,"campfire_choices":[{"data":"Perfected Strike","floor":6,"key":"SMITH"},{"data":"Apotheosis","floor":11,"key":"SMITH"},{"data":"Combust","floor":13,"key":"SMITH"},{"data":"Uppercut","floor":15,"key":"SMITH"},{"data":"Offering","floor":23,"key":"SMITH"},{"floor":32,"key":"REST"},{"floor":41,"key":"RECALL"},{"data":"Barricade","floor":49,"key":"SMITH"}],"neow_cost":"CURSE","seed_source_timestamp":2984121055797094,"circlet_count":0,"master_deck":["Strike_R","Strike_R","Strike_R","Strike_R","Strike_R","Defend_R","Defend_R","Defend_R+1","Defend_R","Bash","Iron Wave","Combust+1","Shrug It Off","Perfected Strike+1","Uppercut+1","Offering+1","Perfected Strike+1","Apotheosis+1","Thunderclap","Double Tap","Wild Strike+1","Shockwave+1","Shrug It Off","Corruption+1","Power Through+1","Injury","Twin Strike","Disarm","Ghostly Armor","Exhume","Metallicize","Immolate","Wild Strike+1","Clumsy","Bash","Feed","Headbutt","Barricade+1","Pain","Normality","Parasite","Entrench+1","Shame","Pommel Strike+1"],"relics":["Burning Blood","Golden Idol","Odd Mushroom","Nunchaku","DollysMirror","Ornamental Fan","Strawberry","Cursed Key","Meat on the Bone","Mercury Hourglass","Tiny Chest","StoneCalendar","MawBank","War Paint","Coffee Dripper","Bag of Preparation","Orichalcum","Darkstone Periapt","Shuriken","Toxic Egg 2","Champion Belt","Ginger"],"potions_floor_usage":[8,12,29,33,40,50,50,50],"damage_taken":[{"damage":2,"enemies":"2 Louse","floor":1,"turns":3},{"damage":4,"enemies":"Small Slimes","floor":3,"turns":4},{"damage":2,"enemies":"Jaw Worm","floor":4,"turns":4},{"damage":10,"enemies":"Lots of Slimes","floor":5,"turns":3},{"damage":14,"enemies":"The Mushroom Lair","floor":7,"turns":5},{"damage":12,"enemies":"Gremlin Nob","floor":8,"turns":4},{"damage":18,"enemies":"3 Sentries","floor":12,"turns":7},{"damage":9,"enemies":"Lagavulin","floor":14,"turns":4},{"damage":9,"enemies":"Slime Boss","floor":16,"turns":4},{"damage":3,"enemies":"3 Byrds","floor":18,"turns":4},{"damage":7,"enemies":"Shell Parasite","floor":19,"turns":3},{"damage":16,"enemies":"Centurion and Healer","floor":21,"turns":6},{"damage":21,"enemies":"Book of Stabbing","floor":24,"turns":5},{"damage":6,"enemies":"Snake Plant","floor":27,"turns":2},{"damage":8,"enemies":"Chosen and Byrds","floor":28,"turns":3},{"damage":13,"enemies":"Slavers","floor":29,"turns":6},{"damage":6,"enemies":"3 Cultists","floor":30,"turns":3},{"damage":4,"enemies":"Book of Stabbing","floor":31,"turns":2},{"damage":17,"enemies":"Collector","floor":33,"turns":6},{"damage":6,"enemies":"Orb Walker","floor":35,"turns":2},{"damage":10,"enemies":"3 Darklings","floor":38,"turns":3},{"damage":13,"enemies":"Transient","floor":39,"turns":5},{"damage":28,"enemies":"Reptomancer","floor":40,"turns":6},{"damage":8,"enemies":"Nemesis","floor":42,"turns":5},{"damage":29,"enemies":"Writhing Mass","floor":45,"turns":4},{"damage":20,"enemies":"Reptomancer","floor":47,"turns":8},{"damage":110,"enemies":"Donu and Deca","floor":50,"turns":7}],"seed_played":"-3695966671639060214","potions_obtained":[{"floor":3,"key":"Block Potion"},{"floor":4,"key":"Ancient Potion"},{"floor":7,"key":"Dexterity Potion"},{"floor":12,"key":"Strength Potion"},{"floor":16,"key":"Fire Potion"},{"floor":24,"key":"Block Potion"},{"floor":30,"key":"Regen Potion"},{"floor":33,"key":"Regen Potion"},{"floor":40,"key":"Fruit Juice"},{"floor":47,"key":"Strength Potion"}],"is_trial":false,"path_per_floor":["M","?","M","M","M","R","?","E","T","$","R","E","R","E","R","B",null,"M","M","?","M","?","R","E","$","T","M","M","E","M","E","R","B",null,"M","T","?","M","M","E","R","E","T","T","M","T","E","?","R","B"],"character_chosen":"IRONCLAD","items_purchased":["DollysMirror","Apotheosis","Power Through","Tiny Chest"],"campfire_rested":1,"item_purchase_floors":[10,10,25,25],"current_hp_per_floor":[80,74,74,74,70,70,62,56,56,56,56,44,44,48,48,45,81,81,80,80,70,70,70,55,55,55,55,53,58,58,60,81,70,81,81,81,81,77,70,57,57,55,61,67,62,68,66,66,66,0],"gold":958,"neow_bonus":"TWO_FIFTY_GOLD","is_prod":false,"is_daily":false,"chose_seed":false,"campfire_upgraded":6,"win_rate":0,"timestamp":1555330500,"path_taken":["M","?","M","M","M","R","?","E","T","$","R","E","R","E","R","BOSS","M","M","?","?","?","R","E","$","T","M","M","E","M","E","R","BOSS","M","?","?","M","?","E","R","E","T","?","M","?","E","?","R","BOSS"],"build_version":"2019-04-04","purchased_purges":1,"victory":false,"max_hp_per_floor":[80,74,74,74,74,74,74,74,74,74,74,74,74,81,81,81,81,81,81,81,81,81,81,81,81,81,81,81,81,81,81,81,81,81,81,81,81,81,81,90,90,90,96,102,108,114,114,114,114,114],"card_choices":[{"not_picked":["Warcry","Havoc"],"picked":"Iron Wave","floor":1},{"not_picked":["Sever Soul","Warcry"],"picked":"Combust","floor":3},{"not_picked":["Iron Wave","Hemokinesis"],"picked":"Shrug It Off","floor":4},{"not_picked":["Headbutt","Pommel Strike"],"picked":"Perfected Strike","floor":5},{"not_picked":["Fire Breathing","Sword Boomerang"],"picked":"Uppercut","floor":7},{"not_picked":["Rage","Sword Boomerang"],"picked":"Offering","floor":8},{"not_picked":["Havoc","Hemokinesis","Infernal Blade"],"picked":"SKIP","floor":12},{"not_picked":["Havoc","Disarm"],"picked":"Thunderclap","floor":14},{"not_picked":["Immolate","Feed"],"picked":"Double Tap","floor":16},{"not_picked":["Reckless Charge","Headbutt"],"picked":"Wild Strike+1","floor":18},{"not_picked":["Warcry","Havoc+1"],"picked":"Shockwave","floor":19},{"not_picked":["Infernal Blade","Flame Barrier"],"picked":"Shrug It Off","floor":21},{"not_picked":["Uppercut+1","Carnage"],"picked":"Corruption+1","floor":24},{"not_picked":["Carnage+1","Flex"],"picked":"Twin Strike","floor":27},{"not_picked":["Armaments","Shrug It Off"],"picked":"Disarm","floor":28},{"not_picked":["Wild Strike+1","Entrench+1"],"picked":"Ghostly Armor","floor":29},{"not_picked":["Cleave","Headbutt+1"],"picked":"Exhume","floor":30},{"not_picked":["Heavy Blade","Pummel"],"picked":"Metallicize","floor":31},{"not_picked":["Reaper","Exhume"],"picked":"Immolate","floor":33},{"not_picked":["Twin Strike","Clothesline"],"picked":"Wild Strike+1","floor":35},{"not_picked":["Thunderclap+1","Cleave","Seeing Red"],"picked":"SKIP","floor":38},{"not_picked":["Body Slam","Clothesline+1","Hemokinesis"],"picked":"SKIP","floor":39},{"not_picked":["Blood for Blood+1","Thunderclap"],"picked":"Headbutt","floor":40},{"not_picked":["True Grit+1","Armaments+1"],"picked":"Barricade","floor":42},{"not_picked":["Warcry+1","Twin Strike+1"],"picked":"Entrench+1","floor":45},{"not_picked":["Anger+1","Demon Form"],"picked":"Pommel Strike+1","floor":47}],"player_experience":5338745,"relics_obtained":[{"floor":7,"key":"Odd Mushroom"},{"floor":8,"key":"Nunchaku"},{"floor":12,"key":"Ornamental Fan"},{"floor":14,"key":"Strawberry"},{"floor":24,"key":"Mercury Hourglass"},{"floor":26,"key":"StoneCalendar"},{"floor":29,"key":"MawBank"},{"floor":31,"key":"War Paint"},{"floor":36,"key":"Bag of Preparation"},{"floor":40,"key":"Orichalcum"},{"floor":42,"key":"Darkstone Periapt"},{"floor":43,"key":"Shuriken"},{"floor":44,"key":"Toxic Egg 2"},{"floor":46,"key":"Champion Belt"},{"floor":47,"key":"Ginger"}],"event_choices":[{"damage_healed":0,"gold_gain":0,"player_choice":"Lose Max HP","damage_taken":0,"relics_obtained":["Golden Idol"],"max_hp_gain":0,"max_hp_loss":6,"event_name":"Golden Idol","floor":2,"gold_loss":0},{"damage_healed":0,"gold_gain":0,"player_choice":"Fought Mushrooms","damage_taken":0,"max_hp_gain":0,"max_hp_loss":0,"event_name":"Mushrooms","floor":7,"gold_loss":0},{"damage_healed":0,"gold_gain":0,"player_choice":"Gave Potion","damage_taken":0,"relics_obtained":["Meat on the Bone"],"max_hp_gain":0,"max_hp_loss":0,"event_name":"WeMeetAgain","floor":20,"gold_loss":0},{"damage_healed":0,"gold_gain":0,"player_choice":"Upgraded","damage_taken":0,"max_hp_gain":0,"max_hp_loss":0,"event_name":"Upgrade Shrine","floor":22,"gold_loss":0,"cards_upgraded":["Shockwave"]},{"damage_healed":0,"gold_gain":0,"player_choice":"2 cards matched","damage_taken":0,"max_hp_gain":0,"max_hp_loss":0,"event_name":"Match and Keep!","floor":37,"gold_loss":0,"cards_obtained":["Bash","Feed"]},{"damage_healed":0,"gold_gain":0,"player_choice":"Ignored","damage_taken":0,"max_hp_gain":0,"max_hp_loss":0,"event_name":"SecretPortal","floor":48,"gold_loss":0}],"is_beta":true,"boss_relics":[{"not_picked":["Tiny House","Velvet Choker"],"picked":"Cursed Key"},{"not_picked":["Sozu","Mark of Pain"],"picked":"Coffee Dripper"}],"items_purged_floors":[10],"is_endless":false,"potions_floor_spawned":[3,4,7,12,16,18,24,28,30,31,33,38,40,47],"killed_by":"Donu and Deca","ascension_level":1}