{"gold_per_floor":[114,114,114,132,26,59,234,264,264,296,226,261,275,288,288,389,389,404,404,414,186,186,214,214,244,269,289,135,163,30,30,30,126,126,140,195,595,595,609,641,641,652,652,682,700,800,800,828,828,828,828,828,160,185,185],"floor_reached":56,"playtime":3648,"items_purged":["Doubt","Defend_B"],"score":1810,"play_id":"4cc314f8-1c44-4146-8241-a0bfacadc509","local_time":"20190502112717","is_ascension_mode":true,"campfire_choices":[{"data":"Defragment","floor":15,"key":"SMITH"},{"data":"Capacitor","floor":32,"key":"SMITH"},{"floor":41,"key":"RECALL"},{"data":"Fission","floor":47,"key":"SMITH"},{"data":"Seek","floor":49,"key":"SMITH"},{"data":"Coolheaded","floor":52,"key":"SMITH"}],"neow_cost":"NONE","seed_source_timestamp":4463334064366302,"circlet_count":0,"master_deck":["Strike_B+1","Defend_B+1","Defend_B","Defend_B","Zap","Dualcast","Conserve Battery","Ball Lightning","Defragment+1","Coolheaded+1","BootSequence","Ball Lightning","Go for the Eyes+1","Compile Driver+1","Hologram","Electrodynamics","Leap+1","Glacier+1","Seek+1","Capacitor+1","Creative AI+1","Force Field","Cold Snap+1","Glacier+1","Reinforced Body+1","Buffer+1","Storm+1","Go for the Eyes+1","Ghostly","Ghostly","Ghostly","Ghostly","Ghostly","Echo Form+1","Glacier+1","Discovery","Steam+1","Hello World+1","White Noise","Fission+1","White Noise+1","Dark Shackles","Thinking Ahead","Storm+1","Hologram+1"],"relics":["Cracked Core","Shuriken","Cables","Molten Egg 2","Bottled Tornado","Gremlin Horn","Happy Flower","Coffee Dripper","Bronze Scales","Frozen Egg 2","Kunai","StoneCalendar","Black Star","Prayer Wheel","Old Coin","Bag of Preparation","Art of War","Pear","Mango","Ancient Tea Set","Smiling Mask","Boot","Membership Card","Orichalcum","Letter Opener","Mercury Hourglass","Turnip"],"potions_floor_usage":[8,10,16,36,40,50,55,55,55],"damage_taken":[{"damage":0,"enemies":"Cultist","floor":1,"turns":3},{"damage":2,"enemies":"Small Slimes","floor":4,"turns":4},{"damage":14,"enemies":"Gremlin Nob","floor":6,"turns":4},{"damage":4,"enemies":"Lagavulin","floor":8,"turns":7},{"damage":13,"enemies":"3 Sentries","floor":10,"turns":4},{"damage":10,"enemies":"Gremlin Nob","floor":12,"turns":4},{"damage":0,"enemies":"Jaw Worm","floor":13,"turns":2},{"damage":0,"enemies":"3 Louse","floor":14,"turns":2},{"damage":0,"enemies":"Slime Boss","floor":16,"turns":4},{"damage":0,"enemies":"Shell Parasite","floor":18,"turns":4},{"damage":0,"enemies":"Spheric Guardian","floor":20,"turns":2},{"damage":0,"enemies":"Book of Stabbing","floor":23,"turns":4},{"damage":0,"enemies":"Gremlin Leader","floor":25,"turns":5},{"damage":0,"enemies":"Centurion and Healer","floor":27,"turns":5},{"damage":0,"enemies":"Book of Stabbing","floor":29,"turns":5},{"damage":0,"enemies":"Automaton","floor":33,"turns":7},{"damage":0,"enemies":"3 Shapes","floor":35,"turns":3},{"damage":0,"enemies":"2 Orb Walkers","floor":36,"turns":5},{"damage":0,"enemies":"Mind Bloom Boss Battle","floor":37,"turns":5},{"damage":0,"enemies":"3 Darklings","floor":39,"turns":3},{"damage":0,"enemies":"Reptomancer","floor":40,"turns":7},{"damage":0,"enemies":"Transient","floor":42,"turns":5},{"damage":0,"enemies":"Giant Head","floor":44,"turns":7},{"damage":0,"enemies":"Maw","floor":45,"turns":6},{"damage":0,"enemies":"Reptomancer","floor":48,"turns":5},{"damage":0,"enemies":"Time Eater","floor":50,"turns":10},{"damage":0,"enemies":"Shield and Spear","floor":54,"turns":6},{"damage":0,"enemies":"The Heart","floor":55,"turns":9}],"seed_played":"1336002243196704054","potions_obtained":[{"floor":4,"key":"Regen Potion"},{"floor":8,"key":"Explosive Potion"},{"floor":12,"key":"Fire Potion"},{"floor":13,"key":"FairyPotion"},{"floor":16,"key":"SpeedPotion"},{"floor":20,"key":"Block Potion"},{"floor":25,"key":"Strength Potion"},{"floor":37,"key":"Weak Potion"},{"floor":40,"key":"AttackPotion"}],"is_trial":false,"path_per_floor":["M","?","?","M","$","E","?","E","T","E","?","E","M","M","R","B",null,"M","?","M","$","?","E","?","E","T","M","$","E","$","?","R","B",null,"M","?","?","?","M","E","R","M","T","E","M","?","R","E","R","B",null,"R","$","E","B",null],"character_chosen":"DEFECT","items_purchased":["Defragment","Coolheaded","Seek","Buffer+1","Storm+1","Go for the Eyes+1","Membership Card","Orichalcum","Letter Opener","PowerPotion","Dark Shackles","Thinking Ahead","SkillPotion","Storm+1"],"campfire_rested":0,"item_purchase_floors":[5,5,21,28,30,30,53,53,53,53,53,53,53,53],"current_hp_per_floor":[75,60,65,63,63,49,49,60,60,47,47,37,37,37,37,37,80,80,80,80,80,80,80,80,80,80,80,80,80,80,40,40,40,40,40,40,40,40,40,40,40,40,50,64,64,64,64,64,64,64,64,64,64,64,64],"gold":185,"neow_bonus":"REMOVE_CARD","is_prod":false,"is_daily":false,"chose_seed":false,"campfire_upgraded":5,"win_rate":0,"timestamp":1556810837,"path_taken":["M","?","?","M","?","E","?","E","T","E","?","E","?","M","R","BOSS","M","?","M","$","?","E","?","E","T","M","$","E","$","?","R","BOSS","M","?","?","?","M","E","R","M","T","E","M","?","R","E","R","BOSS","R","$","E","BOSS"],"build_version":"2019-04-23","purchased_purges":2,"victory":true,"max_hp_per_floor":[75,75,80,80,80,80,80,80,80,80,80,80,80,80,80,80,80,80,80,80,80,80,80,80,80,80,80,80,80,80,40,40,40,40,40,40,40,40,40,40,40,40,50,64,64,64,64,64,64,64,64,64,64,64,64],"card_choices":[{"not_picked":["Turbo","Barrage"],"picked":"Conserve Battery","floor":1},{"not_picked":["Blizzard","Streamline"],"picked":"Ball Lightning","floor":4},{"not_picked":["Ball Lightning","Stack"],"picked":"BootSequence","floor":6},{"not_picked":["Steam Power","Thunder Strike"],"picked":"Ball Lightning","floor":8},{"not_picked":["Darkness","Recycle"],"picked":"Go for the Eyes+1","floor":10},{"not_picked":["Fusion","Aggregate"],"picked":"Compile Driver+1","floor":12},{"not_picked":["Stack","Rebound+1"],"picked":"Hologram","floor":13},{"not_picked":["Aggregate","Beam Cell+1","Gash+1"],"picked":"SKIP","floor":14},{"not_picked":["Hyperbeam+1","Core Surge+1"],"picked":"Electrodynamics","floor":16},{"not_picked":["Steam","Hologram"],"picked":"Leap+1","floor":18},{"not_picked":["Beam Cell+1","Conserve Battery+1"],"picked":"Glacier+1","floor":20},{"not_picked":["Conserve Battery","Beam Cell+1"],"picked":"Creative AI","floor":23},{"not_picked":["Fusion","Barrage+1"],"picked":"Glacier+1","floor":25},{"not_picked":["Conserve Battery","Streamline+1"],"picked":"Reinforced Body+1","floor":27},{"not_picked":["Conserve Battery","Stack","Reinforced Body"],"picked":"SKIP","floor":29},{"not_picked":["Machine Learning+1","Buffer+1"],"picked":"Echo Form+1","floor":33},{"not_picked":["Compile Driver+1","Leap"],"picked":"Glacier+1","floor":35},{"not_picked":["Enlightenment","Blind"],"picked":"Discovery","floor":38},{"not_picked":["Rebound+1","Streamline+1"],"picked":"Steam+1","floor":39},{"not_picked":["Turbo+1","Stack","Gash+1"],"picked":"SKIP","floor":39},{"not_picked":["Sunder+1","Turbo","Gash+1"],"picked":"SKIP","floor":40},{"not_picked":["Scrape+1","Steam Power"],"picked":"Hello World+1","floor":42},{"not_picked":["Tempest+1","Glacier"],"picked":"White Noise","floor":42},{"not_picked":["Hologram","Steam"],"picked":"Fission","floor":44},{"not_picked":["Turbo","Scrape+1"],"picked":"White Noise+1","floor":45},{"not_picked":["Rebound+1","Hello World+1","Leap"],"picked":"SKIP","floor":45},{"not_picked":["Redo+1","Streamline+1","Leap+1"],"picked":"SKIP","floor":48},{"not_picked":["Reboot","White Noise"],"picked":"Hologram+1","floor":54}],"player_experience":5589094,"relics_obtained":[{"floor":6,"key":"Shuriken"},{"floor":8,"key":"Cables"},{"floor":9,"key":"Molten Egg 2"},{"floor":10,"key":"Bottled Tornado"},{"floor":12,"key":"Happy Flower"},{"floor":23,"key":"Frozen Egg 2"},{"floor":25,"key":"Kunai"},{"floor":29,"key":"StoneCalendar"},{"floor":36,"key":"Prayer Wheel"},{"floor":37,"key":"Old Coin"},{"floor":40,"key":"Bag of Preparation"},{"floor":40,"key":"Art of War"},{"floor":43,"key":"Pear"},{"floor":44,"key":"Mango"},{"floor":44,"key":"Ancient Tea Set"},{"floor":48,"key":"Smiling Mask"},{"floor":48,"key":"Boot"},{"floor":54,"key":"Mercury Hourglass"},{"floor":54,"key":"Turnip"}],"event_choices":[{"damage_healed":0,"gold_gain":0,"player_choice":"Entered Light","damage_taken":15,"max_hp_gain":0,"max_hp_loss":0,"event_name":"Shining Light","floor":2,"gold_loss":0,"cards_upgraded":["Defend_B","Strike_B"]},{"damage_healed":0,"gold_gain":0,"player_choice":"Donut","damage_taken":0,"max_hp_gain":5,"max_hp_loss":0,"event_name":"Big Fish","floor":3,"gold_loss":0},{"damage_healed":0,"gold_gain":175,"player_choice":"AGREE","damage_taken":0,"max_hp_gain":0,"max_hp_loss":0,"event_name":"Liars Game","floor":7,"gold_loss":0,"cards_obtained":["Doubt"]},{"damage_healed":0,"gold_gain":0,"player_choice":"Paid Gold","damage_taken":0,"relics_obtained":["Gremlin Horn"],"max_hp_gain":0,"max_hp_loss":0,"event_name":"WeMeetAgain","floor":11,"gold_loss":70},{"damage_healed":0,"gold_gain":0,"player_choice":"Opened","damage_taken":0,"relics_obtained":["Bronze Scales"],"max_hp_gain":0,"max_hp_loss":0,"event_name":"The Mausoleum","floor":19,"gold_loss":0},{"damage_healed":0,"gold_gain":0,"player_choice":"Read","damage_taken":0,"max_hp_gain":0,"max_hp_loss":0,"event_name":"The Library","floor":22,"gold_loss":0,"cards_obtained":["Capacitor"]},{"damage_healed":0,"gold_gain":0,"cards_transformed":["Strike_B","Strike_B"],"player_choice":"Became Test Subject","damage_taken":0,"max_hp_gain":0,"max_hp_loss":0,"event_name":"Drug Dealer","floor":24,"gold_loss":0,"cards_obtained":["Force Field","Cold Snap"]},{"damage_healed":0,"gold_gain":0,"player_choice":"Became a Ghost","damage_taken":0,"max_hp_gain":0,"max_hp_loss":40,"event_name":"Ghosts","floor":31,"gold_loss":0,"cards_obtained":["Ghostly","Ghostly","Ghostly","Ghostly","Ghostly"]},{"damage_healed":0,"gold_gain":0,"player_choice":"Fight","damage_taken":0,"max_hp_gain":0,"max_hp_loss":0,"event_name":"Mysterious Sphere","floor":36,"gold_loss":0},{"damage_healed":0,"gold_gain":0,"player_choice":"Fight","damage_taken":0,"max_hp_gain":0,"max_hp_loss":0,"event_name":"MindBloom","floor":37,"gold_loss":0},{"damage_healed":0,"gold_gain":0,"player_choice":"Memory 1","damage_taken":0,"max_hp_gain":0,"max_hp_loss":0,"event_name":"SensoryStone","floor":38,"gold_loss":0},{"damage_healed":0,"gold_gain":100,"player_choice":"Pray","damage_taken":0,"max_hp_gain":0,"max_hp_loss":0,"event_name":"Golden Shrine","floor":46,"gold_loss":0}],"is_beta":true,"boss_relics":[{"not_picked":["Tiny House","FrozenCore"],"picked":"Coffee Dripper"},{"not_picked":["Snecko Eye","Sozu"],"picked":"Black Star"}],"items_purged_floors":[21,53],"is_endless":false,"potions_floor_spawned":[4,8,12,13,16,20,25,37,40],"ascension_level":1}