{"gold_per_floor":[16,16,16,29,42,42,67,87,87,103,103,114,147,166,166,237,237,257,34,52,72,86,86,45,74,74,74,74],"floor_reached":28,"playtime":1496,"items_purged":[],"score":428,"play_id":"9a447140-7f14-484b-bf13-a2fce49f08b1","local_time":"20190426000213","is_ascension_mode":true,"campfire_choices":[{"data":"Doppelganger","floor":6,"key":"SMITH"},{"data":"Storm of Steel","floor":11,"key":"SMITH"},{"data":"Adrenaline","floor":15,"key":"SMITH"},{"data":"After Image","floor":23,"key":"SMITH"}],"neow_cost":"NO_GOLD","seed_source_timestamp":1245419881502407,"circlet_count":0,"master_deck":["AscendersBane","Defend_G","Defend_G","Defend_G","Defend_G","Defend_G","Strike_G","Strike_G","Strike_G","Strike_G","Survivor","Neutralize","Doppelganger+1","Sucker Punch","Dagger Spray","Well Laid Plans","Storm of Steel+1","PiercingWail","Adrenaline+1","Infinite Blades","Leg Sweep","Poisoned Stab","After Image+1","Noxious Fumes+1","Footwork","Riddle With Holes","Blur"],"relics":["Ring of the Snake","Meat on the Bone","Vajra","Pantograph","Busted Crown","Oddly Smooth Stone","Bottled Lightning","Smiling Mask"],"potions_floor_usage":[7,13,16,20,20,27],"damage_taken":[{"damage":1,"enemies":"Cultist","floor":1,"turns":5},{"damage":0,"enemies":"2 Louse","floor":4,"turns":4},{"damage":9,"enemies":"Jaw Worm","floor":5,"turns":4},{"damage":32,"enemies":"Gremlin Nob","floor":7,"turns":6},{"damage":0,"enemies":"2 Fungi Beasts","floor":8,"turns":2},{"damage":1,"enemies":"Blue Slaver","floor":10,"turns":4},{"damage":0,"enemies":"Lots of Slimes","floor":12,"turns":3},{"damage":22,"enemies":"Lagavulin","floor":13,"turns":7},{"damage":8,"enemies":"Exordium Thugs","floor":14,"turns":5},{"damage":42,"enemies":"The Guardian","floor":16,"turns":16},{"damage":0,"enemies":"Chosen","floor":18,"turns":6},{"damage":7,"enemies":"2 Thieves","floor":20,"turns":4},{"damage":23,"enemies":"3 Cultists","floor":21,"turns":6},{"damage":13,"enemies":"Snecko","floor":22,"turns":7},{"damage":29,"enemies":"Slavers","floor":25,"turns":6},{"damage":15,"enemies":"Colosseum Slavers","floor":27,"turns":6},{"damage":29,"enemies":"Cultist and Chosen","floor":28,"turns":6}],"seed_played":"-1663766796484568129","potions_obtained":[{"floor":4,"key":"GhostInAJar"},{"floor":7,"key":"Regen Potion"},{"floor":10,"key":"Explosive Potion"},{"floor":13,"key":"SteroidPotion"},{"floor":16,"key":"GamblersBrew"},{"floor":20,"key":"Fruit Juice"}],"is_trial":false,"path_per_floor":["M","T","?","M","M","R","E","M","T","M","R","M","E","M","R","B",null,"M","$","M","M","M","R","$","E","T","?","M"],"character_chosen":"THE_SILENT","items_purchased":["Footwork","Oddly Smooth Stone","Riddle With Holes"],"campfire_rested":0,"item_purchase_floors":[19,19,24],"current_hp_per_floor":[58,58,58,58,49,49,29,41,41,40,40,40,45,37,37,32,58,58,58,56,45,44,44,44,27,27,24,0],"gold":74,"neow_bonus":"THREE_RARE_CARDS","is_prod":false,"is_daily":false,"chose_seed":false,"campfire_upgraded":4,"win_rate":0,"timestamp":1556247733,"path_taken":["M","?","?","?","M","R","E","M","T","M","R","M","E","M","R","BOSS","M","$","M","M","M","R","$","E","T","?","M"],"build_version":"2019-01-23","purchased_purges":0,"victory":false,"max_hp_per_floor":[66,66,66,66,66,66,66,66,66,66,66,66,66,66,66,66,66,66,66,71,71,71,71,71,71,71,71,71],"card_choices":[{"not_picked":["Tools of the Trade","Venomology"],"picked":"Doppelganger","floor":0},{"not_picked":["Slice","Underhanded Strike"],"picked":"Sucker Punch","floor":1},{"not_picked":["Flying Knee","Underhanded Strike"],"picked":"Dagger Spray","floor":4},{"not_picked":["Calculated Gamble","Deadly Poison"],"picked":"Well Laid Plans","floor":5},{"not_picked":["Distraction","Deflect"],"picked":"Storm of Steel","floor":7},{"not_picked":["Prepared","Flying Knee"],"picked":"PiercingWail","floor":8},{"not_picked":["Terror","Concentrate"],"picked":"Adrenaline","floor":10},{"not_picked":["All Out Attack","Expertise"],"picked":"Infinite Blades","floor":12},{"not_picked":["Sucker Punch","Poisoned Stab"],"picked":"Leg Sweep","floor":13},{"not_picked":["Dagger Throw","Deadly Poison"],"picked":"Poisoned Stab","floor":14},{"not_picked":["Adrenaline","Unload"],"picked":"After Image","floor":16},{"not_picked":[],"picked":"Noxious Fumes+1","floor":18},{"not_picked":["Masterful Stab"],"picked":"SKIP","floor":20},{"not_picked":["Dagger Throw"],"picked":"SKIP","floor":21},{"not_picked":["Dagger Spray"],"picked":"SKIP","floor":22},{"not_picked":[],"picked":"Blur","floor":25}],"player_experience":1220584,"relics_obtained":[{"floor":2,"key":"Meat on the Bone"},{"floor":7,"key":"Vajra"},{"floor":13,"key":"Pantograph"},{"floor":25,"key":"Bottled Lightning"},{"floor":26,"key":"Smiling Mask"}],"event_choices":[{"cards_removed":["Strike_G"],"damage_healed":0,"gold_gain":0,"player_choice":"Purged","damage_taken":0,"max_hp_gain":0,"max_hp_loss":0,"event_name":"Purifier","floor":3,"gold_loss":0},{"damage_healed":0,"gold_gain":0,"player_choice":"Fight","damage_taken":0,"max_hp_gain":0,"max_hp_loss":0,"event_name":"Colosseum","floor":27,"gold_loss":0},{"damage_healed":0,"gold_gain":0,"player_choice":"Fled From Nobs","damage_taken":0,"max_hp_gain":0,"max_hp_loss":0,"event_name":"Colosseum","floor":27,"gold_loss":0}],"is_beta":false,"boss_relics":[{"not_picked":["White Beast Statue","Velvet Choker"],"picked":"Busted Crown"}],"items_purged_floors":[],"is_endless":false,"potions_floor_spawned":[4,7,10,13,16,18,20,27],"killed_by":"Cultist and Chosen","ascension_level":14}