{"gold_per_floor":[115,126,153,153,167,201,201,231,231,231],"floor_reached":10,"playtime":234,"items_purged":[],"score":144,"play_id":"7a35ecc6-08f7-4610-98b1-b04147a790e3","local_time":"20190329195250","is_ascension_mode":true,"campfire_choices":[{"data":"Zap","floor":7,"key":"SMITH"}],"neow_cost":"NONE","seed_source_timestamp":1338606009090900,"circlet_count":0,"master_deck":["AscendersBane","Strike_B","Strike_B","Strike_B","Defend_B","Defend_B","Defend_B","Defend_B","Zap+1","Dualcast","Gash","Sunder","Gash","Go for the Eyes","Conserve Battery"],"relics":["Cracked Core","NeowsBlessing","Ancient Tea Set","Dream Catcher","Cables","Girya"],"potions_floor_usage":[6,8],"damage_taken":[{"damage":0,"enemies":"Cultist","floor":1,"turns":1},{"damage":0,"enemies":"Small Slimes","floor":2,"turns":1},{"damage":0,"enemies":"2 Louse","floor":5,"turns":1},{"damage":30,"enemies":"Gremlin Nob","floor":6,"turns":4},{"damage":25,"enemies":"Lagavulin","floor":8,"turns":7},{"damage":19,"enemies":"Exordium Wildlife","floor":10,"turns":1}],"seed_played":"-1859321388786885619","potions_obtained":[{"floor":1,"key":"Ancient Potion"},{"floor":6,"key":"Fire Potion"}],"is_trial":false,"path_per_floor":["M","M","T","?","M","E","R","E","T","M"],"character_chosen":"DEFECT","items_purchased":[],"campfire_rested":0,"item_purchase_floors":[],"current_hp_per_floor":[64,64,64,64,64,34,34,9,9,0],"gold":231,"neow_bonus":"THREE_ENEMY_KILL","is_prod":false,"is_daily":false,"chose_seed":false,"campfire_upgraded":1,"win_rate":0,"timestamp":1553885570,"path_taken":["M","M","?","?","?","E","R","E","T","M"],"build_version":"2019-01-23","purchased_purges":0,"victory":false,"max_hp_per_floor":[71,71,71,71,71,71,71,71,71,71],"card_choices":[{"not_picked":["Static Discharge","Reprogram"],"picked":"Gash","floor":1},{"not_picked":["Sweeping Beam","Coolheaded"],"picked":"Sunder","floor":2},{"not_picked":["Heatsinks","Steam"],"picked":"Gash","floor":5},{"not_picked":["Static Discharge","Chaos"],"picked":"Go for the Eyes","floor":6},{"not_picked":["Beam Cell","Skim"],"picked":"Conserve Battery","floor":8}],"player_experience":570375,"relics_obtained":[{"floor":3,"key":"Ancient Tea Set"},{"floor":6,"key":"Dream Catcher"},{"floor":8,"key":"Cables"},{"floor":9,"key":"Girya"}],"event_choices":[{"cards_removed":["Strike_B"],"damage_healed":0,"gold_gain":0,"player_choice":"Purged","damage_taken":0,"max_hp_gain":0,"max_hp_loss":0,"event_name":"Purifier","floor":4,"gold_loss":0}],"is_beta":false,"boss_relics":[],"items_purged_floors":[],"is_endless":false,"potions_floor_spawned":[1,6],"killed_by":"Exordium Wildlife","ascension_level":18}