{"gold_per_floor":[110,123,48,65,65,91,91,123,123,123,123,123],"floor_reached":12,"playtime":463,"items_purged":["Defend_G"],"score":133,"play_id":"f29c6885-85e5-43f9-8b29-a9779f2e5ccb","local_time":"20190222231849","is_ascension_mode":true,"campfire_choices":[{"floor":7,"key":"REST"},{"floor":10,"key":"REST"}],"neow_cost":"NONE","seed_source_timestamp":726193363046190,"circlet_count":0,"master_deck":["AscendersBane","Defend_G","Defend_G","Defend_G","Defend_G","Strike_G","Strike_G","Strike_G","Strike_G","Survivor+1","Neutralize","Skewer","Footwork+1","Noxious Fumes"],"relics":["Ring of the Snake","Boot","Blue Candle","Shuriken"],"potions_floor_usage":[6],"damage_taken":[{"damage":3,"enemies":"2 Louse","floor":1,"turns":3},{"damage":4,"enemies":"Small Slimes","floor":2,"turns":4},{"damage":13,"enemies":"Jaw Worm","floor":4,"turns":8},{"damage":57,"enemies":"3 Sentries","floor":6,"turns":11},{"damage":29,"enemies":"Lagavulin","floor":8,"turns":10},{"damage":9,"enemies":"3 Sentries","floor":12,"turns":2}],"seed_played":"4579681614195776383","potions_obtained":[{"floor":2,"key":"SneckoOil"}],"is_trial":false,"path_per_floor":["M","M","$","M","?","E","R","E","T","R","?","E"],"character_chosen":"THE_SILENT","items_purchased":[],"campfire_rested":2,"item_purchase_floors":[],"current_hp_per_floor":[60,56,56,43,66,9,30,1,1,22,8,0],"gold":123,"neow_bonus":"REMOVE_CARD","is_prod":false,"is_daily":false,"chose_seed":false,"campfire_upgraded":0,"win_rate":0,"timestamp":1550888329,"path_taken":["M","M","$","M","?","E","R","E","T","R","?","E"],"build_version":"2019-01-23","purchased_purges":1,"victory":false,"max_hp_per_floor":[70,70,70,70,70,70,70,70,70,70,70,70],"card_choices":[{"not_picked":["Underhanded Strike","Bane"],"picked":"Skewer","floor":1},{"not_picked":["Skewer","PiercingWail","Poisoned Stab"],"picked":"SKIP","floor":2},{"not_picked":["Backflip","Outmaneuver","Blur"],"picked":"SKIP","floor":4},{"not_picked":["Prepared","Dagger Throw"],"picked":"Footwork","floor":6},{"not_picked":["Calculated Gamble","Acrobatics"],"picked":"Noxious Fumes","floor":8}],"player_experience":823954,"relics_obtained":[{"floor":6,"key":"Boot"},{"floor":8,"key":"Blue Candle"},{"floor":9,"key":"Shuriken"}],"event_choices":[{"damage_healed":23,"gold_gain":0,"player_choice":"Banana","damage_taken":0,"max_hp_gain":0,"max_hp_loss":0,"event_name":"Big Fish","floor":5,"gold_loss":0},{"damage_healed":0,"gold_gain":0,"player_choice":"Entered Light","damage_taken":14,"max_hp_gain":0,"max_hp_loss":0,"event_name":"Shining Light","floor":11,"gold_loss":0,"cards_upgraded":["Footwork","Survivor"]}],"is_beta":false,"boss_relics":[],"items_purged_floors":[3],"is_endless":false,"potions_floor_spawned":[2],"killed_by":"3 Sentries","ascension_level":11}