{"gold_per_floor":[109,127,127,151,167,200,213,213,213,51,67,67,86,115,115,217,217,234,134,134,9,9,9,41,41,68,80,102,132,144,0,12,122,134,156,168,120,146,178,219,231,262,274,286,298,322,334,362,374,386],"floor_reached":51,"playtime":1947,"items_purged":["Strike_R","Feel No Pain+1","Decay"],"score":764,"play_id":"456db241-1128-413c-8a2e-eeef9340564d","local_time":"20181020164045","is_ascension_mode":true,"campfire_choices":[{"data":"Spot Weakness","floor":8,"key":"SMITH"},{"data":"Inflame","floor":12,"key":"SMITH"},{"data":"Trip","floor":15,"key":"SMITH"},{"data":"Pommel Strike","floor":23,"key":"SMITH"},{"floor":25,"key":"REST"},{"data":"Cleave","floor":27,"key":"SMITH"},{"data":"Twin Strike","floor":30,"key":"SMITH"},{"floor":32,"key":"REST"},{"floor":41,"key":"REST"},{"floor":45,"key":"REST"},{"floor":47,"key":"REST"},{"floor":49,"key":"REST"}],"neow_cost":"NONE","seed_source_timestamp":806502004667800,"circlet_count":0,"master_deck":["Strike_R","Defend_R","Defend_R","Bash","Dramatic Entrance+1","Inflame+1","Twin Strike+1","Spot Weakness+1","Trip+1","Pommel Strike+1","Cleave+1","Heavy Blade+1","Burning Pact+1","Rage+1","Demon Form","Heavy Blade+1","Seeing Red","Dropkick","Headbutt+1","Armaments+1","Shrug It Off+1","Rampage"],"relics":["Burning Blood","Boot","StoneCalendar","Pantograph","Mango","Astrolabe","Bag of Marbles","MawBank","Mark of Pain","Toxic Egg 2","Ornamental Fan"],"potions_floor_usage":[7,16,16,29,29,29,29,29,33,40,50,50],"damage_taken":[{"damage":4,"enemies":"Small Slimes","floor":1,"turns":4},{"damage":1,"enemies":"Cultist","floor":2,"turns":3},{"damage":11,"enemies":"Jaw Worm","floor":5,"turns":3},{"damage":31,"enemies":"Gremlin Nob","floor":6,"turns":5},{"damage":17,"enemies":"Exordium Wildlife","floor":7,"turns":4},{"damage":9,"enemies":"Blue Slaver","floor":11,"turns":4},{"damage":1,"enemies":"Exordium Thugs","floor":13,"turns":3},{"damage":8,"enemies":"3 Sentries","floor":14,"turns":4},{"damage":42,"enemies":"Hexaghost","floor":16,"turns":8},{"damage":20,"enemies":"3 Byrds","floor":18,"turns":4},{"damage":56,"enemies":"Slavers","floor":24,"turns":5},{"damage":0,"enemies":"Chosen","floor":28,"turns":3},{"damage":12,"enemies":"Snecko","floor":29,"turns":4},{"damage":53,"enemies":"Automaton","floor":33,"turns":8},{"damage":5,"enemies":"Orb Walker","floor":35,"turns":2},{"damage":18,"enemies":"3 Shapes","floor":38,"turns":3},{"damage":32,"enemies":"Spire Growth","floor":39,"turns":4},{"damage":45,"enemies":"Reptomancer","floor":40,"turns":6},{"damage":48,"enemies":"Writhing Mass","floor":42,"turns":4},{"damage":32,"enemies":"Sphere and 2 Shapes","floor":46,"turns":4},{"damage":10,"enemies":"Jaw Worm Horde","floor":48,"turns":4},{"damage":71,"enemies":"Donu and Deca","floor":50,"turns":6}],"seed_played":"6323617007182654251","potions_obtained":[{"floor":2,"key":"Poison Potion"},{"floor":5,"key":"BloodPotion"},{"floor":7,"key":"Dexterity Potion"},{"floor":18,"key":"Poison Potion"},{"floor":24,"key":"GamblersBrew"},{"floor":28,"key":"EntropicBrew"},{"floor":38,"key":"Regen Potion"},{"floor":40,"key":"Swift Potion"},{"floor":48,"key":"Strength Potion"}],"is_trial":false,"path_per_floor":["M","M","?","T","M","E","M","R","T","$","M","R","M","E","R","B",null,"M","$","?","$","?","R","E","R","T","R","M","M","R","?","R","B",null,"M","?","?","M","M","E","R","M","T","?","R","M","R","M","R","B"],"character_chosen":"IRONCLAD","items_purchased":["Trip"],"campfire_rested":6,"item_purchase_floors":[10],"current_hp_per_floor":[80,80,80,80,75,50,47,47,47,47,44,44,49,61,61,50,94,80,80,80,80,80,80,30,58,58,58,64,58,58,58,86,47,94,94,94,94,82,56,32,60,18,18,18,44,18,44,40,66,24],"gold":398,"neow_bonus":"RANDOM_COLORLESS","is_prod":false,"is_daily":false,"chose_seed":false,"campfire_upgraded":6,"win_rate":0,"timestamp":1540046445,"path_taken":["M","M","?","?","M","E","M","R","T","?","?","R","M","E","R","BOSS","M","$","?","$","?","R","E","R","T","R","M","M","R","?","R","BOSS","M","?","?","M","?","E","R","M","T","?","R","M","R","M","R","BOSS"],"build_version":"2018-10-18","purchased_purges":3,"victory":true,"max_hp_per_floor":[80,80,80,80,80,80,80,80,80,80,80,80,80,94,94,94,94,94,94,94,94,94,94,94,94,94,94,94,94,94,94,94,94,94,94,94,94,94,94,94,94,94,94,89,89,89,89,89,89,89],"card_choices":[{"not_picked":["Whirlwind","Thunderclap"],"picked":"Inflame","floor":1},{"not_picked":["Evolve","Iron Wave","Anger"],"picked":"SKIP","floor":2},{"not_picked":["Perfected Strike","Twin Strike","Entrench"],"picked":"SKIP","floor":5},{"not_picked":["Intimidate","Carnage"],"picked":"Twin Strike","floor":6},{"not_picked":["Juggernaut","Body Slam"],"picked":"Spot Weakness","floor":7},{"not_picked":["Twin Strike","Intimidate"],"picked":"Pommel Strike","floor":11},{"not_picked":["Flame Barrier","Warcry"],"picked":"Cleave","floor":13},{"not_picked":["Pommel Strike","Twin Strike","Hemokinesis"],"picked":"SKIP","floor":14},{"not_picked":["Evolve+1","Carnage"],"picked":"Rage+1","floor":18},{"not_picked":["Body Slam+1","Sword Boomerang+1","Fire Breathing+1"],"picked":"SKIP","floor":24},{"not_picked":["True Grit","Perfected Strike+1","Hemokinesis"],"picked":"SKIP","floor":28},{"not_picked":["Iron Wave+1","Warcry","Havoc"],"picked":"SKIP","floor":29},{"not_picked":["Offering","Feed"],"picked":"Demon Form","floor":33},{"not_picked":["Power Through","Havoc"],"picked":"Heavy Blade+1","floor":35},{"not_picked":["Heavy Blade","Warcry","Clothesline+1"],"picked":"SKIP","floor":38},{"not_picked":["Warcry","Burning Pact"],"picked":"Headbutt+1","floor":39},{"not_picked":["Iron Wave","Feel No Pain+1","Blood for Blood"],"picked":"SKIP","floor":40},{"not_picked":["Clothesline+1","Flex+1"],"picked":"Armaments+1","floor":42},{"not_picked":["Uppercut","Dual Wield+1"],"picked":"Shrug It Off+1","floor":46},{"not_picked":["Power Through+1","Pommel Strike+1"],"picked":"Rampage","floor":48}],"player_experience":185013,"relics_obtained":[{"floor":4,"key":"Boot"},{"floor":6,"key":"StoneCalendar"},{"floor":9,"key":"Pantograph"},{"floor":14,"key":"Mango"},{"floor":24,"key":"Bag of Marbles"},{"floor":26,"key":"MawBank"},{"floor":40,"key":"Toxic Egg 2"},{"floor":43,"key":"Ornamental Fan"}],"event_choices":[{"damage_healed":0,"gold_gain":0,"player_choice":"Upgraded","damage_taken":0,"max_hp_gain":0,"max_hp_loss":0,"event_name":"Upgrade Shrine","floor":3,"gold_loss":0,"cards_upgraded":["Dramatic Entrance"]},{"damage_healed":0,"gold_gain":0,"player_choice":"Smashed Altar","damage_taken":0,"max_hp_gain":0,"max_hp_loss":0,"event_name":"Forgotten Altar","floor":20,"gold_loss":0,"cards_obtained":["Decay"]},{"damage_healed":0,"gold_gain":0,"player_choice":"Ignored","damage_taken":0,"max_hp_gain":0,"max_hp_loss":0,"event_name":"Vampires","floor":22,"gold_loss":0},{"damage_healed":0,"gold_gain":0,"player_choice":"Paid Fearfully","damage_taken":0,"max_hp_gain":0,"max_hp_loss":0,"event_name":"Masked Bandits","floor":31,"gold_loss":156},{"damage_healed":0,"gold_gain":0,"player_choice":"Ignored","damage_taken":0,"max_hp_gain":0,"max_hp_loss":0,"event_name":"Tomb of Lord Red Mask","floor":36,"gold_loss":0},{"damage_healed":0,"gold_gain":0,"cards_transformed":["Defend_R","Defend_R"],"player_choice":"Transformed Cards","damage_taken":0,"max_hp_gain":0,"max_hp_loss":0,"event_name":"Designer","floor":37,"gold_loss":60,"cards_obtained":["Seeing Red","Dropkick"]},{"damage_healed":0,"gold_gain":0,"player_choice":"Max HP","damage_taken":0,"max_hp_gain":0,"max_hp_loss":5,"event_name":"Winding Halls","floor":44,"gold_loss":0}],"is_beta":false,"boss_relics":[{"not_picked":["Runic Pyramid","Busted Crown"],"picked":"Astrolabe"},{"not_picked":["Empty Cage","Snecko Eye"],"picked":"Mark of Pain"}],"items_purged_floors":[10,19,21],"is_endless":false,"potions_floor_spawned":[2,5,7,18,24,28,38,40,48],"ascension_level":1}