{"gold_per_floor":[110,110,185,285,304,329,329,340,340,358,371,386,399,28,28,128,128,140,7,7,22,33,33,33],"floor_reached":24,"playtime":1901,"items_purged":["Strike_R","Strike_R"],"score":210,"play_id":"759f8569-4705-4bdd-ad78-3f5e959a5b1d","local_time":"20181218203903","is_ascension_mode":true,"campfire_choices":[{"data":"Reckless Charge","floor":7,"key":"SMITH"},{"floor":15,"key":"REST"},{"data":"Whirlwind","floor":23,"key":"SMITH"}],"neow_cost":"NONE","seed_source_timestamp":339476495230152,"circlet_count":0,"master_deck":["Strike_R","Strike_R","Defend_R","Defend_R","Defend_R","Defend_R","Bash","Reckless Charge+1","Sword Boomerang","Power Through","Thunderclap","Uppercut","Whirlwind+1","Shrug It Off","Barricade","Twin Strike+1","Reckless Charge","Pain","Havoc+1"],"relics":["Burning Blood","Darkstone Periapt","Boot","Kunai","Black Star","WarpedTongs"],"potions_floor_usage":[16,16,22,24],"damage_taken":[{"damage":3,"enemies":"Small Slimes","floor":1,"turns":3},{"damage":2,"enemies":"2 Louse","floor":5,"turns":3},{"damage":49,"enemies":"Lagavulin","floor":6,"turns":7},{"damage":0,"enemies":"Cultist","floor":8,"turns":2},{"damage":0,"enemies":"2 Fungi Beasts","floor":10,"turns":2},{"damage":4,"enemies":"Gremlin Gang","floor":11,"turns":4},{"damage":5,"enemies":"Blue Slaver","floor":12,"turns":2},{"damage":0,"enemies":"Lots of Slimes","floor":13,"turns":1},{"damage":41,"enemies":"Slime Boss","floor":16,"turns":11},{"damage":16,"enemies":"Spheric Guardian","floor":18,"turns":5},{"damage":20,"enemies":"Shell Parasite","floor":21,"turns":6},{"damage":12,"enemies":"Snecko","floor":22,"turns":3},{"damage":66,"enemies":"Slavers","floor":24,"turns":5}],"seed_played":"3307114023979772756","potions_obtained":[{"floor":1,"key":"GamblersBrew"},{"floor":6,"key":"Dexterity Potion"},{"floor":10,"key":"SpeedPotion"},{"floor":11,"key":"Swift Potion"},{"floor":12,"key":"PowerPotion"},{"floor":18,"key":"Strength Potion"}],"is_trial":false,"path_per_floor":["M","?","?","?","M","E","R","M","T","M","M","M","M","$","R","B",null,"M","$","?","M","M","R","E"],"character_chosen":"IRONCLAD","items_purchased":["Kunai","Shrug It Off","Reckless Charge"],"campfire_rested":1,"item_purchase_floors":[14,14,19],"current_hp_per_floor":[88,81,70,70,74,31,31,37,37,43,45,46,52,52,78,43,88,78,78,84,70,64,64,0],"gold":33,"neow_bonus":"TEN_PERCENT_HP_BONUS","is_prod":false,"is_daily":false,"chose_seed":false,"campfire_upgraded":2,"win_rate":0,"timestamp":1545187143,"path_taken":["M","?","?","?","M","E","R","M","T","M","M","M","?","$","R","BOSS","M","$","?","M","M","R","E"],"build_version":"2018-12-13","purchased_purges":2,"victory":false,"max_hp_per_floor":[88,88,88,88,88,88,88,88,88,88,88,88,88,88,88,88,88,88,88,94,94,94,94,94],"card_choices":[{"not_picked":["Metallicize","Intimidate"],"picked":"Reckless Charge","floor":1},{"not_picked":["Headbutt","Inflame"],"picked":"Sword Boomerang","floor":5},{"not_picked":["Bloodletting","Entrench"],"picked":"Power Through","floor":6},{"not_picked":["Flame Barrier","Carnage"],"picked":"Thunderclap","floor":8},{"not_picked":["Pommel Strike","Bloodletting"],"picked":"Uppercut","floor":10},{"not_picked":["Pummel","True Grit"],"picked":"Whirlwind","floor":11},{"not_picked":["Carnage","Havoc","Seeing Red"],"picked":"SKIP","floor":12},{"not_picked":["Sentinel","Sever Soul","Pommel Strike"],"picked":"SKIP","floor":13},{"not_picked":["Impervious","Offering"],"picked":"Barricade","floor":16},{"not_picked":["Searing Blow","Perfected Strike+1"],"picked":"Twin Strike+1","floor":18},{"not_picked":["Sever Soul","Heavy Blade","Havoc"],"picked":"SKIP","floor":21},{"not_picked":["Shrug It Off","Entrench"],"picked":"Havoc+1","floor":22}],"player_experience":186646,"relics_obtained":[{"floor":6,"key":"Darkstone Periapt"},{"floor":9,"key":"Boot"}],"event_choices":[{"cards_removed":["Strike_R"],"damage_healed":0,"gold_gain":0,"player_choice":"Card Removal","damage_taken":7,"max_hp_gain":0,"max_hp_loss":0,"event_name":"Golden Wing","floor":2,"gold_loss":0},{"damage_healed":0,"gold_gain":75,"player_choice":"Gather Gold","damage_taken":11,"max_hp_gain":0,"max_hp_loss":0,"event_name":"World of Goop","floor":3,"gold_loss":0},{"damage_healed":0,"gold_gain":100,"player_choice":"Pray","damage_taken":0,"max_hp_gain":0,"max_hp_loss":0,"event_name":"Golden Shrine","floor":4,"gold_loss":0},{"damage_healed":0,"gold_gain":0,"player_choice":"Rummage","damage_taken":0,"relics_obtained":["WarpedTongs"],"max_hp_gain":0,"max_hp_loss":0,"event_name":"Accursed Blacksmith","floor":20,"gold_loss":0,"cards_obtained":["Pain"]}],"is_beta":false,"boss_relics":[{"not_picked":["Velvet Choker","Tiny House"],"picked":"Black Star"}],"items_purged_floors":[14,19],"is_endless":false,"potions_floor_spawned":[1,6,10,11,12,18],"killed_by":"Slavers","ascension_level":1}