{"gold_per_floor":[115,190,190,365,379,379,393,406,406,477,76,112,112,128,128,128],"floor_reached":16,"playtime":491,"items_purged":["Injury"],"score":156,"play_id":"6fea3d80-6a89-43a4-9b77-13957d3b90d4","local_time":"20190118143538","is_ascension_mode":true,"campfire_choices":[{"data":"Finisher","floor":6,"key":"SMITH"},{"floor":13,"key":"REST"},{"floor":15,"key":"REST"}],"neow_cost":"NONE","seed_source_timestamp":441944854980631,"circlet_count":0,"master_deck":["Defend_G","Defend_G","Defend_G","Defend_G","Defend_G","Strike_G","Strike_G","Strike_G","Strike_G","Survivor","Neutralize","Finisher+1","Cloak And Dagger","Doubt","Slice","Cloak And Dagger","Finisher","Distraction","Choke","Dagger Spray","Dodge and Roll"],"relics":["Ring of the Snake","Golden Idol","Dead Branch","Ginger","Ninja Scroll","Tingsha"],"potions_floor_usage":[8,16],"damage_taken":[{"damage":2,"enemies":"Jaw Worm","floor":1,"turns":6},{"damage":1,"enemies":"Small Slimes","floor":5,"turns":5},{"damage":0,"enemies":"2 Louse","floor":7,"turns":2},{"damage":4,"enemies":"Exordium Thugs","floor":8,"turns":4},{"damage":34,"enemies":"Gremlin Nob","floor":10,"turns":5},{"damage":0,"enemies":"Lagavulin","floor":12,"turns":2},{"damage":0,"enemies":"Looter","floor":14,"turns":1},{"damage":62,"enemies":"Slime Boss","floor":16,"turns":11}],"seed_played":"-1382095291318481583","potions_obtained":[{"floor":1,"key":"Explosive Potion"},{"floor":12,"key":"SmokeBomb"},{"floor":14,"key":"Weak Potion"}],"is_trial":false,"path_per_floor":["M","?","?","?","M","R","M","M","T","?","$","E","R","M","R","B"],"character_chosen":"THE_SILENT","items_purchased":["Ninja Scroll","Choke"],"campfire_rested":2,"item_purchase_floors":[11,11],"current_hp_per_floor":[68,57,57,57,56,56,56,52,52,18,18,18,39,39,60,0],"gold":128,"neow_bonus":"TRANSFORM_CARD","is_prod":false,"is_daily":false,"chose_seed":false,"campfire_upgraded":1,"win_rate":0,"timestamp":1547832938,"path_taken":["M","?","?","?","?","R","M","M","T","?","?","E","R","M","R","BOSS"],"build_version":"2019-01-17v2","purchased_purges":1,"victory":false,"max_hp_per_floor":[70,70,70,70,70,70,70,70,70,70,70,70,70,70,70,70],"card_choices":[{"not_picked":["Leg Sweep","Outmaneuver"],"picked":"Cloak And Dagger","floor":1},{"not_picked":["Acrobatics","Poisoned Stab"],"picked":"Slice","floor":5},{"not_picked":["Accuracy","Prepared"],"picked":"Cloak And Dagger","floor":7},{"not_picked":["Deadly Poison","Leg Sweep"],"picked":"Finisher","floor":8},{"not_picked":["Expertise","Deadly Poison"],"picked":"Distraction","floor":10},{"not_picked":["Dagger Throw","Wraith Form v2"],"picked":"Dagger Spray","floor":12},{"not_picked":["Reflex","Catalyst"],"picked":"Dodge and Roll","floor":14}],"player_experience":637391,"relics_obtained":[{"floor":9,"key":"Dead Branch"},{"floor":10,"key":"Ginger"},{"floor":12,"key":"Tingsha"}],"event_choices":[{"damage_healed":0,"gold_gain":75,"player_choice":"Gather Gold","damage_taken":11,"max_hp_gain":0,"max_hp_loss":0,"event_name":"World of Goop","floor":2,"gold_loss":0},{"damage_healed":0,"gold_gain":0,"player_choice":"Take Wound","damage_taken":0,"relics_obtained":["Golden Idol"],"max_hp_gain":0,"max_hp_loss":0,"event_name":"Golden Idol","floor":3,"gold_loss":0,"cards_obtained":["Injury"]},{"damage_healed":0,"gold_gain":175,"player_choice":"AGREE","damage_taken":0,"max_hp_gain":0,"max_hp_loss":0,"event_name":"Liars Game","floor":4,"gold_loss":0,"cards_obtained":["Doubt"]},{"damage_healed":0,"gold_gain":0,"player_choice":"Searched \u00272\u0027 times","damage_taken":0,"max_hp_gain":0,"max_hp_loss":0,"event_name":"Dead Adventurer","floor":10,"gold_loss":0}],"is_beta":false,"boss_relics":[],"items_purged_floors":[11],"is_endless":false,"potions_floor_spawned":[1,12,14],"killed_by":"Slime Boss","ascension_level":5}