{"gold_per_floor":[110,122,222,236,283,314,314,346,395,423,439,464,477,512,512,613,613,632,557,28,28,45,76,76,104,153,172,200,299,399,409,409,504,504,523,523,541,541,565,565,604,635,647,659,703,733,776,799,811,823,835,847,54,82,82],"floor_reached":56,"playtime":4379,"items_purged":["Strike_R"],"score":1540,"play_id":"35fcb76d-8c7a-479a-878b-2f781fdb2a47","local_time":"20190212004915","is_ascension_mode":true,"campfire_choices":[{"data":"Body Slam","floor":7,"key":"SMITH"},{"data":"Demon Form","floor":15,"key":"SMITH"},{"data":"Shockwave","floor":24,"key":"SMITH"},{"floor":32,"key":"DIG"},{"floor":40,"key":"DIG"},{"floor":49,"key":"RECALL"},{"floor":52,"key":"DIG"}],"neow_cost":"TEN_PERCENT_HP_LOSS","seed_source_timestamp":4969370471696459,"circlet_count":0,"master_deck":["Strike_R+1","Defend_R","Defend_R","Defend_R","Bash","Power Through","Shockwave+1","Body Slam+1","Battle Trance+1","Shrug It Off+1","Demon Form+1","Seeing Red+1","Sword Boomerang","Metallicize","Immolate","Reaper","Havoc+1","Metallicize","Flash of Steel+1","Iron Wave","Apotheosis+1","Dark Embrace","Havoc+1","Dropkick","Power Through+1","Disarm+1","Heavy Blade+1","Madness+1","Madness+1","Blind+1","Warcry+1","Clothesline+1","Evolve","Shrug It Off+1","Anger","Warcry+1","Master of Strategy+1","Purity+1","Headbutt+1"],"relics":["Burning Blood","Strawberry","Toxic Egg 2","Shovel","Omamori","Happy Flower","Sundial","Bag of Preparation","Busted Crown","Regal Pillow","Potion Belt","Bronze Scales","Girya","Bird Faced Urn","Self Forming Clay","Oddly Smooth Stone","Black Star","MawBank","Shuriken","Whetstone","Letter Opener","Unceasing Top","Gremlin Horn","Vajra","Bottled Tornado","Bottled Lightning","Dead Branch","Mercury Hourglass","StoneCalendar"],"potions_floor_usage":[6,8,12,13,14,25,54,55,55,55,55],"damage_taken":[{"damage":8,"enemies":"Jaw Worm","floor":1,"turns":5},{"damage":1,"enemies":"Cultist","floor":2,"turns":4},{"damage":4,"enemies":"2 Louse","floor":4,"turns":3},{"damage":0,"enemies":"Lagavulin","floor":6,"turns":7},{"damage":10,"enemies":"Gremlin Nob","floor":8,"turns":3},{"damage":16,"enemies":"Lagavulin","floor":10,"turns":7},{"damage":0,"enemies":"2 Fungi Beasts","floor":11,"turns":3},{"damage":0,"enemies":"Gremlin Nob","floor":12,"turns":3},{"damage":0,"enemies":"Exordium Thugs","floor":13,"turns":5},{"damage":21,"enemies":"3 Sentries","floor":14,"turns":5},{"damage":2,"enemies":"Slime Boss","floor":16,"turns":6},{"damage":1,"enemies":"Chosen","floor":18,"turns":3},{"damage":6,"enemies":"2 Thieves","floor":22,"turns":3},{"damage":0,"enemies":"Gremlin Leader","floor":23,"turns":4},{"damage":22,"enemies":"Slavers","floor":25,"turns":3},{"damage":1,"enemies":"3 Cultists","floor":27,"turns":3},{"damage":11,"enemies":"Gremlin Leader","floor":28,"turns":4},{"damage":9,"enemies":"Colosseum Slavers","floor":30,"turns":4},{"damage":17,"enemies":"Colosseum Nobs","floor":30,"turns":6},{"damage":12,"enemies":"Sentry and Sphere","floor":31,"turns":4},{"damage":2,"enemies":"Champ","floor":33,"turns":8},{"damage":3,"enemies":"Orb Walker","floor":35,"turns":3},{"damage":0,"enemies":"3 Darklings","floor":37,"turns":4},{"damage":6,"enemies":"Reptomancer","floor":41,"turns":7},{"damage":3,"enemies":"Sphere and 2 Shapes","floor":42,"turns":3},{"damage":15,"enemies":"Nemesis","floor":45,"turns":5},{"damage":0,"enemies":"Maw","floor":46,"turns":6},{"damage":5,"enemies":"Reptomancer","floor":47,"turns":4},{"damage":0,"enemies":"Writhing Mass","floor":48,"turns":5},{"damage":0,"enemies":"Time Eater","floor":50,"turns":8},{"damage":7,"enemies":"Shield and Spear","floor":54,"turns":4},{"damage":47,"enemies":"The Heart","floor":55,"turns":7}],"seed_played":"-3912670220080072008","potions_obtained":[{"floor":1,"key":"SteroidPotion"},{"floor":4,"key":"SpeedPotion"},{"floor":6,"key":"GamblersBrew"},{"floor":10,"key":"AttackPotion"},{"floor":13,"key":"Swift Potion"},{"floor":16,"key":"SmokeBomb"},{"floor":18,"key":"Energy Potion"},{"floor":23,"key":"FearPotion"},{"floor":28,"key":"FearPotion"},{"floor":30,"key":"Dexterity Potion"},{"floor":37,"key":"FearPotion"},{"floor":41,"key":"LiquidBronze"},{"floor":45,"key":"Strength Potion"},{"floor":47,"key":"Regen Potion"},{"floor":54,"key":"SteroidPotion"}],"is_trial":false,"path_per_floor":["M","M","?","M","T","E","R","E","T","E","M","E","M","E","R","B",null,"M","?","$","?","M","E","R","E","T","M","E","?","?","M","R","B",null,"M","?","M","?","T","R","E","M","T","?","E","M","E","M","R","B",null,"R","$","E","B",null],"character_chosen":"IRONCLAD","items_purchased":["Havoc+1","Metallicize","Flash of Steel","Iron Wave","Apotheosis+1","Dead Branch","Evolve","Shrug It Off+1","Anger","Warcry+1","Master of Strategy+1","Purity+1","Energy Potion"],"campfire_rested":0,"item_purchase_floors":[20,20,20,20,20,53,53,53,53,53,53,53,53],"current_hp_per_floor":[70,72,72,72,79,79,79,75,75,65,71,77,79,64,64,68,79,79,79,79,79,79,79,79,79,79,79,79,79,79,79,79,79,79,79,69,79,69,69,69,77,79,79,79,79,79,79,79,79,79,79,79,79,79,79],"gold":82,"neow_bonus":"REMOVE_TWO","is_prod":false,"is_daily":false,"chose_seed":false,"campfire_upgraded":3,"win_rate":0,"timestamp":1549950555,"path_taken":["M","M","?","?","?","E","R","E","T","E","M","E","M","E","R","BOSS","M","?","$","?","?","E","R","E","T","M","E","?","?","M","R","BOSS","M","?","M","?","?","R","E","M","T","?","E","M","E","M","R","BOSS","R","$","E","BOSS"],"build_version":"2019-02-06","purchased_purges":1,"victory":true,"max_hp_per_floor":[72,72,72,72,79,79,79,79,79,79,79,79,79,79,79,79,79,79,79,79,79,79,79,79,79,79,79,79,79,79,79,79,79,79,79,79,79,79,79,79,79,79,79,79,79,79,79,79,79,79,79,79,79,79,79],"card_choices":[{"not_picked":["Clothesline","Corruption"],"picked":"Power Through","floor":1},{"not_picked":["Burning Pact","Body Slam"],"picked":"Shockwave","floor":2},{"not_picked":["Shrug It Off","Sword Boomerang"],"picked":"Body Slam","floor":4},{"not_picked":["Shockwave","Reckless Charge"],"picked":"Battle Trance","floor":6},{"not_picked":["Combust","Spot Weakness+1"],"picked":"Shrug It Off+1","floor":8},{"not_picked":["Anger","Heavy Blade"],"picked":"Demon Form","floor":10},{"not_picked":["Dual Wield+1","Uppercut"],"picked":"Seeing Red+1","floor":11},{"not_picked":["Sever Soul","Clothesline"],"picked":"Sword Boomerang","floor":12},{"not_picked":["Rage+1","Battle Trance+1"],"picked":"Metallicize","floor":13},{"not_picked":["Warcry+1","Sword Boomerang"],"picked":"Immolate","floor":14},{"not_picked":["Immolate","Feed"],"picked":"Reaper","floor":16},{"not_picked":["Hemokinesis"],"picked":"SKIP","floor":18},{"not_picked":[],"picked":"Havoc+1","floor":22},{"not_picked":[],"picked":"Dropkick","floor":23},{"not_picked":["Burning Pact+1"],"picked":"SKIP","floor":25},{"not_picked":["Twin Strike+1"],"picked":"SKIP","floor":27},{"not_picked":[],"picked":"Power Through+1","floor":28},{"not_picked":[],"picked":"Disarm+1","floor":30},{"not_picked":["Havoc+1"],"picked":"SKIP","floor":31},{"not_picked":[],"picked":"Heavy Blade+1","floor":35},{"not_picked":["Entrench+1"],"picked":"SKIP","floor":37},{"not_picked":[],"picked":"Blind+1","floor":38},{"not_picked":[],"picked":"Warcry+1","floor":41},{"not_picked":[],"picked":"Clothesline+1","floor":42},{"not_picked":["Shockwave+1"],"picked":"SKIP","floor":45},{"not_picked":["Clash"],"picked":"SKIP","floor":46},{"not_picked":["Body Slam+1"],"picked":"SKIP","floor":47},{"not_picked":["Flex+1"],"picked":"SKIP","floor":48},{"not_picked":[],"picked":"Headbutt+1","floor":54}],"player_experience":4476028,"relics_obtained":[{"floor":5,"key":"Strawberry"},{"floor":6,"key":"Toxic Egg 2"},{"floor":8,"key":"Shovel"},{"floor":9,"key":"Omamori"},{"floor":10,"key":"Happy Flower"},{"floor":12,"key":"Sundial"},{"floor":14,"key":"Bag of Preparation"},{"floor":23,"key":"Regal Pillow"},{"floor":25,"key":"Potion Belt"},{"floor":26,"key":"Bronze Scales"},{"floor":28,"key":"Girya"},{"floor":30,"key":"Bird Faced Urn"},{"floor":30,"key":"Self Forming Clay"},{"floor":32,"key":"Oddly Smooth Stone"},{"floor":40,"key":"MawBank"},{"floor":41,"key":"Shuriken"},{"floor":41,"key":"Whetstone"},{"floor":43,"key":"Letter Opener"},{"floor":45,"key":"Unceasing Top"},{"floor":45,"key":"Gremlin Horn"},{"floor":47,"key":"Vajra"},{"floor":47,"key":"Bottled Tornado"},{"floor":52,"key":"Bottled Lightning"},{"floor":54,"key":"Mercury Hourglass"},{"floor":54,"key":"StoneCalendar"}],"event_choices":[{"damage_healed":0,"gold_gain":100,"player_choice":"Pray","damage_taken":0,"max_hp_gain":0,"max_hp_loss":0,"event_name":"Golden Shrine","floor":3,"gold_loss":0},{"cards_removed":["Strike_R"],"damage_healed":0,"gold_gain":0,"player_choice":"Gave Gold","damage_taken":0,"max_hp_gain":0,"max_hp_loss":0,"event_name":"Beggar","floor":19,"gold_loss":75},{"damage_healed":0,"gold_gain":0,"cards_transformed":["Strike_R"],"player_choice":"Transformed","damage_taken":0,"max_hp_gain":0,"max_hp_loss":0,"event_name":"Transmorgrifier","floor":21,"gold_loss":0,"cards_obtained":["Dark Embrace"]},{"damage_healed":0,"gold_gain":99,"player_choice":"Stole From Cult","damage_taken":0,"max_hp_gain":0,"max_hp_loss":0,"event_name":"Nest","floor":29,"gold_loss":0},{"damage_healed":0,"gold_gain":0,"player_choice":"Fight","damage_taken":0,"max_hp_gain":0,"max_hp_loss":0,"event_name":"Colosseum","floor":30,"gold_loss":0},{"damage_healed":0,"gold_gain":0,"player_choice":"Fought Nobs","damage_taken":0,"max_hp_gain":0,"max_hp_loss":0,"event_name":"Colosseum","floor":30,"gold_loss":0},{"damage_healed":0,"gold_gain":0,"player_choice":"Embrace Madness","damage_taken":10,"max_hp_gain":0,"max_hp_loss":0,"event_name":"Winding Halls","floor":36,"gold_loss":0,"cards_obtained":["Madness","Madness"]},{"damage_healed":0,"gold_gain":0,"player_choice":"Memory 3","damage_taken":10,"max_hp_gain":0,"max_hp_loss":0,"event_name":"SensoryStone","floor":38,"gold_loss":0},{"damage_healed":0,"gold_gain":0,"player_choice":"Ignored","damage_taken":0,"max_hp_gain":0,"max_hp_loss":0,"event_name":"Tomb of Lord Red Mask","floor":44,"gold_loss":0}],"is_beta":true,"boss_relics":[{"not_picked":["Tiny House","Runic Cube"],"picked":"Busted Crown"},{"not_picked":["Philosopher\u0027s Stone","Mark of Pain"],"picked":"Black Star"}],"items_purged_floors":[20],"is_endless":false,"potions_floor_spawned":[1,4,6,10,13,16,18,23,28,30,37,41,45,47,54],"ascension_level":1}