{"gold_per_floor":[114,114,114,39,39,39,15,15,65,86,111,111,147,1,1,1],"floor_reached":16,"playtime":496,"items_purged":["Normality"],"score":139,"play_id":"8af9562a-3d91-4272-9e73-855b2748712b","local_time":"20190309010927","is_ascension_mode":true,"campfire_choices":[{"data":"White Noise","floor":6,"key":"SMITH"},{"data":"Zap","floor":8,"key":"SMITH"},{"floor":15,"key":"REST"}],"neow_cost":"CURSE","seed_source_timestamp":1942488356162489,"circlet_count":0,"master_deck":["Strike_B","Strike_B","Strike_B","Defend_B","Defend_B+1","Defend_B","Zap+1","Dualcast+1","White Noise+1","Leap+1","Hologram+1","Hologram","Hologram","Self Repair"],"relics":["Cracked Core","Golden Idol","Art of War","War Paint"],"potions_floor_usage":[16],"damage_taken":[{"damage":1,"enemies":"Cultist","floor":1,"turns":4},{"damage":13,"enemies":"Small Slimes","floor":10,"turns":3},{"damage":6,"enemies":"Jaw Worm","floor":11,"turns":3},{"damage":27,"enemies":"3 Sentries","floor":13,"turns":9},{"damage":36,"enemies":"Hexaghost","floor":16,"turns":9}],"seed_played":"5827116652903320889","potions_obtained":[{"floor":1,"key":"Regen Potion"},{"floor":10,"key":"SpeedPotion"},{"floor":11,"key":"Energy Potion"}],"is_trial":false,"path_per_floor":["M","?","?","$","?","R","$","R","T","M","M","$","E","$","R","B"],"character_chosen":"DEFECT","items_purchased":["Hologram","War Paint"],"campfire_rested":1,"item_purchase_floors":[7,14],"current_hp_per_floor":[67,49,74,74,59,59,59,59,59,46,40,40,13,13,35,0],"gold":1,"neow_bonus":"TRANSFORM_TWO_CARDS","is_prod":false,"is_daily":false,"chose_seed":false,"campfire_upgraded":2,"win_rate":0,"timestamp":1552104567,"path_taken":["M","?","?","$","?","R","?","R","T","M","M","?","E","$","R","BOSS"],"build_version":"2019-01-23","purchased_purges":1,"victory":false,"max_hp_per_floor":[75,75,75,75,75,75,75,75,75,75,75,75,75,75,75,75],"card_choices":[{"not_picked":["Streamline","Turbo"],"picked":"Hologram","floor":1},{"not_picked":["Stack","Coolheaded"],"picked":"Hologram","floor":10},{"not_picked":["Leap","Stack","All For One"],"picked":"SKIP","floor":11},{"not_picked":["Compile Driver","Turbo"],"picked":"Self Repair","floor":13}],"player_experience":898906,"relics_obtained":[{"floor":13,"key":"Art of War"}],"event_choices":[{"damage_healed":0,"gold_gain":0,"player_choice":"Take Damage","damage_taken":18,"relics_obtained":["Golden Idol"],"max_hp_gain":0,"max_hp_loss":0,"event_name":"Golden Idol","floor":2,"gold_loss":0},{"damage_healed":25,"gold_gain":0,"player_choice":"Banana","damage_taken":0,"max_hp_gain":0,"max_hp_loss":0,"event_name":"Big Fish","floor":3,"gold_loss":0},{"damage_healed":0,"gold_gain":0,"player_choice":"Entered Light","damage_taken":15,"max_hp_gain":0,"max_hp_loss":0,"event_name":"Shining Light","floor":5,"gold_loss":0,"cards_upgraded":["Defend_B","Leap"]}],"is_beta":false,"boss_relics":[],"items_purged_floors":[4],"is_endless":false,"potions_floor_spawned":[1,10,11],"killed_by":"Hexaghost","ascension_level":9}