{"gold_per_floor":[119,119,131,108,120,150,179,191,203,215,2,2,32,46,46,148,148,160,160,160,160,171,171,202,202,229,229],"floor_reached":27,"playtime":921,"items_purged":[],"score":238,"play_id":"b28c41e7-18ca-4b35-93ff-592e9de375f6","local_time":"20190427103136","is_ascension_mode":true,"campfire_choices":[{"data":"Noxious Fumes","floor":8,"key":"SMITH"},{"data":"Terror","floor":12,"key":"SMITH"},{"floor":15,"key":"REST"},{"data":"1","floor":23,"key":"LIFT"},{"floor":25,"key":"REST"}],"neow_cost":"NONE","seed_source_timestamp":1331501581336500,"circlet_count":0,"master_deck":["Defend_G","Defend_G","Defend_G","Defend_G","Defend_G","Strike_G+1","Strike_G","Strike_G+1","Strike_G+1","Survivor","Neutralize+1","Cloak And Dagger+1","Noxious Fumes+1","Terror+1","Bouncing Flask","Infinite Blades","Malaise","Slice+1","Dagger Spray+1","Blade Dance"],"relics":["Ring of the Serpent","MawBank","Bottled Tornado","Bag of Preparation","Girya","Whetstone","Regal Pillow"],"potions_floor_usage":[16,18,24],"damage_taken":[{"damage":2,"enemies":"Small Slimes","floor":1,"turns":4},{"damage":0,"enemies":"Jaw Worm","floor":6,"turns":3},{"damage":0,"enemies":"2 Louse","floor":7,"turns":3},{"damage":17,"enemies":"3 Sentries","floor":13,"turns":7},{"damage":6,"enemies":"Red Slaver","floor":14,"turns":3},{"damage":39,"enemies":"Slime Boss","floor":16,"turns":9},{"damage":1,"enemies":"3 Byrds","floor":18,"turns":5},{"damage":6,"enemies":"Shell Parasite","floor":22,"turns":4},{"damage":30,"enemies":"Gremlin Leader","floor":24,"turns":5},{"damage":48,"enemies":"Slavers","floor":27,"turns":3}],"seed_played":"-5400579122680651337","potions_obtained":[{"floor":6,"key":"SpeedPotion"},{"floor":14,"key":"LiquidBronze"},{"floor":16,"key":"AttackPotion"},{"floor":18,"key":"PowerPotion"}],"is_trial":false,"path_per_floor":["M","?","?","?","?","M","M","R","T","?","$","R","E","M","R","B",null,"M","?","?","?","M","R","E","R","T","E"],"character_chosen":"THE_SILENT","items_purchased":["Bag of Preparation","Terror"],"campfire_rested":2,"item_purchase_floors":[11,11],"current_hp_per_floor":[75,63,63,77,62,62,62,62,62,62,62,62,45,39,62,23,77,76,76,60,60,54,54,24,47,47,0],"gold":229,"neow_bonus":"TEN_PERCENT_HP_BONUS","is_prod":false,"is_daily":false,"chose_seed":false,"campfire_upgraded":2,"win_rate":0,"timestamp":1556375496,"path_taken":["M","?","?","?","?","M","M","R","T","?","$","R","E","M","R","BOSS","M","?","?","?","M","R","E","R","T","E"],"build_version":"2019-01-23","purchased_purges":0,"victory":false,"max_hp_per_floor":[77,77,77,77,77,77,77,77,77,77,77,77,77,77,77,77,77,77,77,77,77,77,77,77,77,77,77],"card_choices":[{"not_picked":["Finisher","Deflect"],"picked":"Cloak And Dagger","floor":1},{"not_picked":["Caltrops","Finisher","Outmaneuver"],"picked":"SKIP","floor":6},{"not_picked":["Bane","Flying Knee"],"picked":"Noxious Fumes","floor":7},{"not_picked":["Cloak And Dagger","PiercingWail"],"picked":"Bouncing Flask","floor":13},{"not_picked":["Poisoned Stab","Accuracy"],"picked":"Infinite Blades","floor":14},{"not_picked":["Burst","After Image"],"picked":"Malaise","floor":16},{"not_picked":["Blade Dance","Flying Knee"],"picked":"Slice+1","floor":18},{"not_picked":["Slice","Underhanded Strike"],"picked":"Dagger Spray+1","floor":22},{"not_picked":["Prepared","PiercingWail"],"picked":"Blade Dance","floor":24}],"player_experience":117015,"relics_obtained":[{"floor":9,"key":"Bottled Tornado"},{"floor":13,"key":"Girya"},{"floor":24,"key":"Whetstone"},{"floor":26,"key":"Regal Pillow"}],"event_choices":[{"damage_healed":0,"gold_gain":0,"player_choice":"Success","damage_taken":12,"relics_obtained":["MawBank"],"max_hp_gain":0,"max_hp_loss":0,"event_name":"Scrap Ooze","floor":2,"gold_loss":0},{"damage_healed":0,"gold_gain":0,"player_choice":"Grow","damage_taken":0,"max_hp_gain":0,"max_hp_loss":0,"event_name":"Living Wall","floor":3,"gold_loss":0,"cards_upgraded":["Neutralize"]},{"damage_healed":19,"gold_gain":0,"player_choice":"Healed","damage_taken":0,"max_hp_gain":0,"max_hp_loss":0,"event_name":"The Cleric","floor":4,"gold_loss":35},{"damage_healed":0,"gold_gain":0,"player_choice":"Entered Light","damage_taken":15,"max_hp_gain":0,"max_hp_loss":0,"event_name":"Shining Light","floor":5,"gold_loss":0,"cards_upgraded":["Cloak And Dagger","Strike_G"]},{"damage_healed":0,"gold_gain":0,"player_choice":"Ignored","damage_taken":0,"max_hp_gain":0,"max_hp_loss":0,"event_name":"Golden Wing","floor":10,"gold_loss":0},{"damage_healed":0,"gold_gain":0,"player_choice":"Ignored","damage_taken":0,"max_hp_gain":0,"max_hp_loss":0,"event_name":"Vampires","floor":19,"gold_loss":0},{"damage_healed":0,"gold_gain":0,"player_choice":"Obtained Book","damage_taken":16,"max_hp_gain":0,"max_hp_loss":0,"event_name":"Cursed Tome","floor":20,"gold_loss":0},{"cards_removed":["Strike_G"],"damage_healed":0,"gold_gain":0,"player_choice":"Offered Basic","damage_taken":0,"max_hp_gain":0,"max_hp_loss":0,"event_name":"Bonfire Elementals","floor":21,"gold_loss":0}],"is_beta":false,"boss_relics":[{"not_picked":["HoveringKite","Velvet Choker"],"picked":"Ring of the Serpent"}],"items_purged_floors":[],"is_endless":false,"potions_floor_spawned":[6,14,16,18],"killed_by":"Slavers","ascension_level":1}