{"gold_per_floor":[113,126,138,148,148,174,194,194,194,194,213,228,228,15,15,119,119,136,151,169,84,97,97,129,148,174,174,194,227,246,50,50,147,147,158,169,18,34,54,87,105,120,120,133,152,171,183,199,199,199],"floor_reached":51,"playtime":3436,"items_purged":["Strike_B","Strike_B"],"score":860,"play_id":"cbd0c713-4a30-4eed-964e-d915f227ad8c","local_time":"20190202210015","is_ascension_mode":false,"campfire_choices":[{"data":"Defragment","floor":13,"key":"SMITH"},{"data":"Zap","floor":15,"key":"SMITH"},{"data":"Biased Cognition","floor":23,"key":"SMITH"},{"data":"Sunder","floor":27,"key":"SMITH"},{"data":"Loop","floor":32,"key":"SMITH"},{"data":"Buffer","floor":49,"key":"SMITH"}],"neow_cost":"NONE","seed_source_timestamp":177456556353527,"circlet_count":0,"master_deck":["Defend_B","Defend_B","Defend_B","Defend_B","Zap+1","Dualcast","Leap","Sweeping Beam","Biased Cognition+1","Defragment+1","Hologram","Sunder+1","Glacier+1","Ball Lightning","Coolheaded+1","Panacea+1","Echo Form","Reinforced Body+1","Coolheaded+1","Coolheaded+1","Loop+1","Conserve Battery+1","Buffer+1","Tempest+1","Hologram+1","Skim+1","Doom and Gloom+1","Thunder Strike","Hologram+1"],"relics":["Cracked Core","Unceasing Top","Toxic Egg 2","Girya","Pantograph","Snecko Eye","Turnip","Darkstone Periapt","Blood Vial","Symbiotic Virus","Runic Capacitor","Coffee Dripper","DataDisk"],"potions_floor_usage":[18,18,25,29,30,33,33,40,40,45,45],"damage_taken":[{"damage":0,"enemies":"Cultist","floor":1,"turns":3},{"damage":0,"enemies":"2 Louse","floor":2,"turns":2},{"damage":1,"enemies":"Jaw Worm","floor":3,"turns":3},{"damage":17,"enemies":"Gremlin Gang","floor":4,"turns":6},{"damage":26,"enemies":"Gremlin Nob","floor":6,"turns":4},{"damage":7,"enemies":"Exordium Wildlife","floor":7,"turns":4},{"damage":0,"enemies":"Looter","floor":11,"turns":3},{"damage":0,"enemies":"2 Fungi Beasts","floor":12,"turns":2},{"damage":0,"enemies":"Slime Boss","floor":16,"turns":9},{"damage":0,"enemies":"3 Byrds","floor":18,"turns":4},{"damage":0,"enemies":"Spheric Guardian","floor":19,"turns":5},{"damage":6,"enemies":"Chosen and Byrds","floor":20,"turns":5},{"damage":0,"enemies":"Sentry and Sphere","floor":22,"turns":5},{"damage":1,"enemies":"Book of Stabbing","floor":24,"turns":6},{"damage":0,"enemies":"Cultist and Chosen","floor":25,"turns":4},{"damage":1,"enemies":"Centurion and Healer","floor":28,"turns":4},{"damage":0,"enemies":"Slavers","floor":29,"turns":6},{"damage":0,"enemies":"Snake Plant","floor":30,"turns":5},{"damage":0,"enemies":"Automaton","floor":33,"turns":6},{"damage":0,"enemies":"Orb Walker","floor":35,"turns":3},{"damage":0,"enemies":"3 Darklings","floor":36,"turns":3},{"damage":0,"enemies":"Jaw Worm Horde","floor":38,"turns":3},{"damage":0,"enemies":"Spire Growth","floor":39,"turns":3},{"damage":7,"enemies":"Giant Head","floor":40,"turns":6},{"damage":4,"enemies":"Sphere and 2 Shapes","floor":41,"turns":4},{"damage":0,"enemies":"Transient","floor":42,"turns":5},{"damage":0,"enemies":"4 Shapes","floor":44,"turns":3},{"damage":12,"enemies":"Jaw Worm Horde","floor":45,"turns":2},{"damage":4,"enemies":"Sphere and 2 Shapes","floor":46,"turns":3},{"damage":0,"enemies":"Transient","floor":47,"turns":5},{"damage":12,"enemies":"Spire Growth","floor":48,"turns":4},{"damage":6,"enemies":"Awakened One","floor":50,"turns":6}],"seed_played":"1562485607372016077","potions_obtained":[{"floor":2,"key":"Strength Potion"},{"floor":11,"key":"Explosive Potion"},{"floor":12,"key":"SkillPotion"},{"floor":16,"key":"Energy Potion"},{"floor":20,"key":"Strength Potion"},{"floor":22,"key":"Dexterity Potion"},{"floor":25,"key":"Block Potion"},{"floor":29,"key":"EntropicBrew"},{"floor":39,"key":"PowerPotion"},{"floor":40,"key":"Ancient Potion"},{"floor":41,"key":"SteroidPotion"},{"floor":44,"key":"SkillPotion"}],"is_trial":false,"path_per_floor":["M","M","M","M","?","E","M","?","T","T","M","M","R","$","R","B",null,"M","M","M","?","M","R","E","M","T","R","M","E","M","$","R","B",null,"M","M","$","M","M","E","M","M","T","M","M","M","M","M","R","B",null],"character_chosen":"DEFECT","items_purchased":["Coolheaded+1","Panacea+1","Runic Capacitor","Hologram+1"],"campfire_rested":0,"item_purchase_floors":[14,14,31,37],"current_hp_per_floor":[75,75,74,57,50,24,17,10,10,10,10,10,10,10,10,35,75,75,75,69,69,69,69,68,68,68,68,69,71,73,73,73,75,75,75,75,75,75,75,68,66,68,68,70,60,58,60,50,50,69],"gold":199,"neow_bonus":"REMOVE_CARD","is_prod":false,"is_daily":false,"chose_seed":false,"campfire_upgraded":6,"win_rate":0,"timestamp":1549141215,"path_taken":["M","?","M","M","?","E","M","?","T","?","M","?","R","$","R","BOSS","M","M","M","?","M","R","E","M","T","R","M","E","M","$","R","BOSS","M","M","$","M","M","E","M","M","T","M","M","M","M","M","R","BOSS"],"build_version":"2019-01-23","purchased_purges":2,"victory":true,"max_hp_per_floor":[75,75,75,75,75,75,75,75,75,75,75,75,75,75,75,75,75,75,75,75,75,75,75,75,75,75,75,75,75,75,75,75,75,75,75,75,75,75,75,75,75,75,75,75,75,75,75,75,75,75],"card_choices":[{"not_picked":["Self Repair","Rebound"],"picked":"Leap","floor":1},{"not_picked":["Gash","Turbo"],"picked":"Sweeping Beam","floor":2},{"not_picked":["Darkness","Barrage"],"picked":"Biased Cognition","floor":3},{"not_picked":["Go for the Eyes","Fusion"],"picked":"Defragment","floor":4},{"not_picked":["Defragment","Lockon"],"picked":"Hologram","floor":6},{"not_picked":["Sweeping Beam","Barrage"],"picked":"Sunder","floor":7},{"not_picked":["Ball Lightning","Redo+1"],"picked":"Glacier+1","floor":11},{"not_picked":["Compile Driver","Sweeping Beam"],"picked":"Ball Lightning","floor":12},{"not_picked":["Meteor Strike","Rainbow+1"],"picked":"Echo Form","floor":16},{"not_picked":["Redo+1","Scrape"],"picked":"Reinforced Body+1","floor":18},{"not_picked":["Leap+1","Compile Driver","Hello World+1"],"picked":"SKIP","floor":19},{"not_picked":["Stack+1","Leap+1"],"picked":"Coolheaded+1","floor":20},{"not_picked":["Reinforced Body+1","Stack+1","Compile Driver"],"picked":"SKIP","floor":22},{"not_picked":["Coolheaded+1","Streamline","Aggregate+1"],"picked":"SKIP","floor":24},{"not_picked":["Stack+1","Heatsinks"],"picked":"Coolheaded+1","floor":25},{"not_picked":["Ball Lightning","Chaos+1","Chill+1"],"picked":"SKIP","floor":28},{"not_picked":["Defragment","Sweeping Beam+1"],"picked":"Loop","floor":29},{"not_picked":["Conserve Battery+1","Barrage","Compile Driver"],"picked":"SKIP","floor":30},{"not_picked":["Barrage","Compile Driver"],"picked":"Conserve Battery+1","floor":30},{"not_picked":["Reboot+1","Thunder Strike"],"picked":"Buffer","floor":33},{"not_picked":["Coolheaded+1","Sweeping Beam"],"picked":"Tempest+1","floor":35},{"not_picked":["Double Energy+1","Loop","Recycle+1"],"picked":"SKIP","floor":36},{"not_picked":["Sweeping Beam","White Noise+1","Beam Cell"],"picked":"SKIP","floor":38},{"not_picked":["Auto Shields+1","Lockon+1"],"picked":"Skim+1","floor":39},{"not_picked":["Scrape","Chaos+1","Gash+1"],"picked":"SKIP","floor":40},{"not_picked":["Melter+1","Conserve Battery+1","Barrage"],"picked":"SKIP","floor":41},{"not_picked":["Hologram+1","Beam Cell","Coolheaded+1"],"picked":"SKIP","floor":42},{"not_picked":["Hologram+1","Rebound"],"picked":"Doom and Gloom+1","floor":44},{"not_picked":["Coolheaded+1","Conserve Battery+1"],"picked":"Thunder Strike","floor":45},{"not_picked":["Sweeping Beam","Thunder Strike"],"picked":"Hologram+1","floor":46},{"not_picked":["Streamline","Go for the Eyes","Beam Cell+1"],"picked":"SKIP","floor":47},{"not_picked":["Ball Lightning+1","Recycle+1","Barrage+1"],"picked":"SKIP","floor":48}],"player_experience":800030,"relics_obtained":[{"floor":6,"key":"Unceasing Top"},{"floor":9,"key":"Girya"},{"floor":10,"key":"Pantograph"},{"floor":24,"key":"Darkstone Periapt"},{"floor":26,"key":"Blood Vial"},{"floor":29,"key":"Symbiotic Virus"},{"floor":40,"key":"DataDisk"}],"event_choices":[{"cards_removed":["Strike_B"],"damage_healed":0,"gold_gain":0,"player_choice":"Card Removal","damage_taken":7,"max_hp_gain":0,"max_hp_loss":0,"event_name":"Golden Wing","floor":5,"gold_loss":0},{"damage_healed":0,"gold_gain":0,"player_choice":"Success","damage_taken":7,"relics_obtained":["Toxic Egg 2"],"max_hp_gain":0,"max_hp_loss":0,"event_name":"Scrap Ooze","floor":8,"gold_loss":0},{"damage_healed":0,"gold_gain":0,"player_choice":"Obtained Relic","damage_taken":0,"relics_obtained":["Turnip"],"max_hp_gain":0,"max_hp_loss":0,"event_name":"Addict","floor":21,"gold_loss":85}],"is_beta":true,"boss_relics":[{"not_picked":["FrozenCore","Cursed Key"],"picked":"Snecko Eye"},{"not_picked":["White Beast Statue","Tiny House"],"picked":"Coffee Dripper"}],"items_purged_floors":[14,37],"is_endless":false,"potions_floor_spawned":[2,11,12,16,20,22,25,28,29,36,39,40,41,44],"ascension_level":0}