{"gold_per_floor":[119,194,1,1,1,1,11,36,59,92,103,115,126,126,126,229,229,249,249,249,263,275,275,288,299,299,332,332,359,359,377,377,475,475,492,346,346,0,100,130,130,159,183,198,226,74,74,89,89,89,89,89,14,42,42],"floor_reached":55,"playtime":2805,"items_purged":["Strike_G+1"],"score":879,"play_id":"35e017fc-24cc-4d90-9d3e-a2b335343618","local_time":"20190515190949","is_ascension_mode":true,"campfire_choices":[{"floor":6.0,"key":"REST"},{"floor":15.0,"key":"REST"},{"data":"Adrenaline","floor":23,"key":"SMITH"},{"floor":32,"key":"REST"},{"floor":41,"key":"RECALL"},{"data":"Noxious Fumes","floor":47,"key":"SMITH"},{"floor":49,"key":"REST"},{"data":"Dodge and Roll","floor":52,"key":"SMITH"}],"neow_cost":"NONE","seed_source_timestamp":0,"circlet_count":0,"master_deck":["Defend_G+1","Defend_G+1","Defend_G+1","Defend_G+1","Strike_G+1","Strike_G+1","Survivor","Neutralize","Crippling Poison","Predator","Sucker Punch","Adrenaline+1","Noxious Fumes+1","Dodge and Roll+1","Bane","Unload","Sucker Punch+1","Burst+1","Die Die Die+1","Deadly Poison+1","Dagger Spray+1","Backstab+1","Backflip","Envenom","Deflect","Leg Sweep","Deflect+1","Bullet Time","Madness","Madness","Quick Slash+1","Outmaneuver+1","Bane+1","Expertise+1"],"special_seed":0,"relics":["Ring of the Snake","Lantern","TwistedFunnel","Dream Catcher","Centennial Puzzle","Astrolabe","Nloth\u0027s Gift","Blood Vial","Strawberry","MutagenicStrength","Mummified Hand","Snecko Eye","PreservedInsect","Red Mask","Bird Faced Urn","Pear","Juzu Bracelet","Oddly Smooth Stone","Bronze Scales","Orichalcum","Unceasing Top"],"potions_floor_usage":[33,45,50,50],"damage_taken":[{"damage":6.0,"enemies":"Small Slimes","floor":1.0,"turns":4.0},{"damage":0.0,"enemies":"Jaw Worm","floor":7.0,"turns":3.0},{"damage":22.0,"enemies":"3 Sentries","floor":10.0,"turns":14.0},{"damage":0.0,"enemies":"Cultist","floor":11.0,"turns":3.0},{"damage":2.0,"enemies":"Exordium Wildlife","floor":12.0,"turns":3.0},{"damage":2.0,"enemies":"Blue Slaver","floor":13.0,"turns":3.0},{"damage":24.0,"enemies":"Slime Boss","floor":16.0,"turns":9.0},{"damage":6,"enemies":"3 Byrds","floor":18,"turns":3},{"damage":0,"enemies":"Chosen","floor":21,"turns":4},{"damage":2,"enemies":"Snake Plant","floor":22,"turns":3},{"damage":18,"enemies":"Snecko","floor":24,"turns":4},{"damage":13,"enemies":"Centurion and Healer","floor":25,"turns":3},{"damage":11,"enemies":"Slavers","floor":27,"turns":4},{"damage":8,"enemies":"Gremlin Leader","floor":29,"turns":4},{"damage":3,"enemies":"Snake Plant","floor":31,"turns":2},{"damage":46,"enemies":"Collector","floor":33,"turns":8},{"damage":0,"enemies":"Orb Walker","floor":35,"turns":2},{"damage":3,"enemies":"Mind Bloom Boss Battle","floor":39,"turns":5},{"damage":36,"enemies":"Nemesis","floor":40,"turns":5},{"damage":14,"enemies":"Reptomancer","floor":42,"turns":4},{"damage":0,"enemies":"3 Shapes","floor":44,"turns":4},{"damage":16,"enemies":"Giant Head","floor":45,"turns":6},{"damage":0,"enemies":"Jaw Worm Horde","floor":48,"turns":3},{"damage":51,"enemies":"Awakened One","floor":50,"turns":20},{"damage":41,"enemies":"Shield and Spear","floor":54,"turns":4},{"damage":50,"enemies":"The Heart","floor":55,"turns":3}],"seed_played":"-2409055874218172237","potions_obtained":[{"floor":1.0,"key":"Explosive Potion"},{"floor":10.0,"key":"EssenceOfSteel"},{"floor":12.0,"key":"Weak Potion"},{"floor":16.0,"key":"Ancient Potion"},{"floor":29,"key":"SkillPotion"},{"floor":33,"key":"Ancient Potion"},{"floor":35,"key":"Fire Potion"},{"floor":45,"key":"Swift Potion"}],"is_trial":false,"path_per_floor":["M","?","$","?","$","R","M","T","T","E","M","M","M","?","R","B",null,"M","?","?","M","M","R","M","M","T","E","?","E","?","M","R","B",null,"M","$","?","?","?","E","R","E","T","M","E","$","R","M","R","B",null,"R","$","E","B"],"character_chosen":"THE_SILENT","items_purchased":["TwistedFunnel","PreservedInsect","Orichalcum"],"campfire_rested":4,"item_purchase_floors":[3,36,46],"current_hp_per_floor":[64,53,53,39,39,60,60,60,60,38,38,36,34,16,37,13,70,64,64,64,64,62,62,44,31,31,29,29,23,23,22,45,1,77,77,77,67,67,66,46,46,38,38,40,30,30,30,34,60,15,87,87,87,46,0],"gold":42,"neow_bonus":"RANDOM_COMMON_RELIC","is_prod":false,"is_daily":false,"chose_seed":false,"campfire_upgraded":3,"win_rate":0,"timestamp":1557961789,"path_taken":["M","?","$","?","$","R","M","?","T","E","M","M","?","?","R","BOSS","M","?","?","M","M","R","?","M","T","E","?","E","?","M","R","BOSS","M","$","?","?","?","E","R","E","T","M","E","?","R","M","R","BOSS","R","$","E","BOSS"],"build_version":"2019-01-23","purchased_purges":1,"victory":false,"max_hp_per_floor":[70,70,70,70,70,70,70,70,70,70,70,70,70,70,70,70,70,70,70,70,70,70,70,70,70,70,77,77,77,77,77,77,77,77,77,77,77,77,77,87,87,87,87,87,87,87,87,87,87,87,87,87,87,87,87],"card_choices":[{"not_picked":["Riddle With Holes","Calculated Gamble"],"picked":"Crippling Poison","floor":1.0},{"not_picked":["Blade Dance","Slice"],"picked":"Predator","floor":7.0},{"not_picked":["Expertise","Acrobatics"],"picked":"Sucker Punch","floor":10.0},{"not_picked":["Deadly Poison","Dodge and Roll"],"picked":"Adrenaline","floor":11.0},{"not_picked":["Deadly Poison","Underhanded Strike"],"picked":"Noxious Fumes","floor":12.0},{"not_picked":["Blur","Reflex"],"picked":"Dodge and Roll","floor":13.0},{"not_picked":["Crippling Poison","Skewer"],"picked":"Bane","floor":15.0},{"not_picked":["Wraith Form v2","Venomology"],"picked":"Unload","floor":16.0},{"not_picked":["Poisoned Stab","Concentrate","Sucker Punch"],"picked":"SKIP","floor":18},{"not_picked":["Flying Knee","Blur"],"picked":"Deadly Poison+1","floor":21},{"not_picked":["Terror","Crippling Poison+1"],"picked":"Dagger Spray+1","floor":22},{"not_picked":["Poisoned Stab","Blade Dance"],"picked":"Backstab+1","floor":24},{"not_picked":["Acrobatics+1","Eviscerate"],"picked":"Backflip","floor":25},{"not_picked":["Deadly Poison","PiercingWail"],"picked":"Envenom","floor":27},{"not_picked":["Slice","Underhanded Strike"],"picked":"Deflect","floor":29},{"not_picked":["Heel Hook","Riddle With Holes"],"picked":"Leg Sweep","floor":31},{"not_picked":["Masterful Stab","Leg Sweep"],"picked":"Deflect+1","floor":32},{"not_picked":["Phantasmal Killer","Malaise"],"picked":"Bullet Time","floor":33},{"not_picked":["Masterful Stab+1","Deflect","Skewer+1"],"picked":"SKIP","floor":35},{"not_picked":["Accuracy+1","Poisoned Stab+1"],"picked":"Quick Slash+1","floor":39},{"not_picked":["Adrenaline","Doppelganger","Dagger Throw"],"picked":"SKIP","floor":40},{"not_picked":["Underhanded Strike+1","Predator","Venomology"],"picked":"SKIP","floor":42},{"not_picked":["Slice","Grand Finale"],"picked":"Outmaneuver+1","floor":44},{"not_picked":["Die Die Die","Deadly Poison+1","Outmaneuver+1"],"picked":"SKIP","floor":45},{"not_picked":["Skewer","Outmaneuver"],"picked":"Bane+1","floor":48},{"not_picked":["Tactician+1","Quick Slash"],"picked":"Expertise+1","floor":54}],"player_experience":183650,"relics_obtained":[{"floor":9.0,"key":"Dream Catcher"},{"floor":10.0,"key":"Centennial Puzzle"},{"floor":26,"key":"Blood Vial"},{"floor":27,"key":"Strawberry"},{"floor":29,"key":"Mummified Hand"},{"floor":39,"key":"Bird Faced Urn"},{"floor":40,"key":"Pear"},{"floor":42,"key":"Juzu Bracelet"},{"floor":43,"key":"Oddly Smooth Stone"},{"floor":45,"key":"Bronze Scales"},{"floor":54,"key":"Unceasing Top"}],"event_choices":[{"damage_healed":0.0,"max_hp_gain":0.0,"max_hp_loss":0.0,"gold_gain":75.0,"event_name":"World of Goop","player_choice":"Gather Gold","floor":2.0,"gold_loss":0.0,"damage_taken":11.0},{"damage_healed":0.0,"max_hp_gain":0.0,"max_hp_loss":0.0,"gold_gain":0.0,"event_name":"Shining Light","player_choice":"Entered Light","floor":4.0,"gold_loss":0.0,"damage_taken":14.0,"cards_upgraded":["Strike_G","Defend_G"]},{"damage_healed":0.0,"max_hp_gain":0.0,"max_hp_loss":0.0,"gold_gain":0.0,"event_name":"Scrap Ooze","player_choice":"Success","floor":14.0,"gold_loss":0.0,"damage_taken":18.0,"relics_obtained":["Bag of Preparation"]},{"damage_healed":0,"gold_gain":0,"player_choice":"Simplicity","damage_taken":0,"max_hp_gain":0,"max_hp_loss":0,"event_name":"Back to Basics","floor":19,"gold_loss":0,"cards_upgraded":["Defend_G","Defend_G","Defend_G","Strike_G","Strike_G"]},{"damage_healed":0,"gold_gain":0,"player_choice":"Traded Relic","damage_taken":0,"relics_obtained":["Nloth\u0027s Gift"],"max_hp_gain":0,"max_hp_loss":0,"event_name":"N\u0027loth","floor":20,"relics_lost":["Bag of Preparation"],"gold_loss":0},{"damage_healed":0,"gold_gain":0,"player_choice":"Inject Mutagens","damage_taken":0,"relics_obtained":["MutagenicStrength"],"max_hp_gain":0,"max_hp_loss":0,"event_name":"Drug Dealer","floor":28,"gold_loss":0},{"damage_healed":0,"gold_gain":0,"player_choice":"Ignored","damage_taken":0,"max_hp_gain":0,"max_hp_loss":0,"event_name":"Beggar","floor":30,"gold_loss":0},{"damage_healed":0,"gold_gain":0,"player_choice":"Embrace Madness","damage_taken":10,"max_hp_gain":0,"max_hp_loss":0,"event_name":"Winding Halls","floor":37,"gold_loss":0,"cards_obtained":["Madness","Madness"]},{"damage_healed":0,"gold_gain":0,"player_choice":"Paid","damage_taken":0,"relics_obtained":["Red Mask"],"max_hp_gain":0,"max_hp_loss":0,"event_name":"Tomb of Lord Red Mask","floor":38,"gold_loss":346},{"damage_healed":0,"gold_gain":0,"player_choice":"Fight","damage_taken":0,"max_hp_gain":0,"max_hp_loss":0,"event_name":"MindBloom","floor":39,"gold_loss":0}],"is_beta":false,"boss_relics":[{"not_picked":["HoveringKite","Pandora\u0027s Box"],"picked":"Astrolabe"},{"not_picked":["White Beast Statue","Ring of the Serpent"],"picked":"Snecko Eye"}],"items_purged_floors":[53],"is_endless":false,"potions_floor_spawned":[1,10,12,16,21,29,31,33,35,42,44,45],"killed_by":"The Heart","ascension_level":3}