{"gold_per_floor":[119,119,5,5,20,20,45,61,61,77,96,131,131,163,163,260,260,272,285,303,303,313,313,347,347,371,388,406,438,448,477,477,581,581,599,599,599,647,667,699,729,729,752,779,789,802,831,859,859,859,859,859,324,358,358],"floor_reached":56,"playtime":4815,"items_purged":["Strike_G"],"score":1930,"play_id":"f4dd98a3-620d-4291-b890-0e99622be6d7","local_time":"20190502164909","is_ascension_mode":true,"campfire_choices":[{"data":"Deadly Poison","floor":6,"key":"SMITH"},{"data":"Neutralize","floor":13,"key":"SMITH"},{"data":"Deadly Poison","floor":15,"key":"SMITH"},{"data":"Well Laid Plans","floor":23,"key":"SMITH"},{"data":"Infinite Blades","floor":32,"key":"SMITH"},{"floor":49,"key":"RECALL"},{"data":"Adrenaline","floor":52,"key":"SMITH"}],"neow_cost":"NONE","seed_source_timestamp":4481481966151646,"circlet_count":0,"master_deck":["Defend_G","Defend_G","Defend_G","Defend_G","Defend_G","Strike_G","Survivor+1","Neutralize+1","Deadly Poison+1","Leg Sweep","Well Laid Plans+1","Deadly Poison+1","Quick Slash","Deflect","Backflip","Endless Agony","Adrenaline","Acrobatics+1","Backflip+1","Calculated Gamble","Dodge and Roll","Poisoned Stab","Crippling Poison+1","Adrenaline+1","Infinite Blades+1","Heel Hook+1","Calculated Gamble","Bullet Time","PiercingWail","Terror+1","Heel Hook+1","Cloak And Dagger+1","Masterful Stab+1","Cloak And Dagger+1","Bandage Up","Dash+1"],"relics":["Ring of the Snake","NeowsBlessing","Orichalcum","Bottled Flame","Singing Bowl","Dead Branch","Anchor","Cursed Key","Omamori","Shuriken","Ninja Scroll","WristBlade","WingedGreaves","Centennial Puzzle","Lantern","Snake Skull","Potion Belt","Oddly Smooth Stone","Pen Nib","Membership Card","Dodecahedron","Art of War","War Paint"],"potions_floor_usage":[12,16,18,24,33,50,55,55,55,55,55],"damage_taken":[{"damage":0,"enemies":"2 Louse","floor":1,"turns":1},{"damage":0,"enemies":"Cultist","floor":5,"turns":1},{"damage":0,"enemies":"Lagavulin","floor":7,"turns":1},{"damage":0,"enemies":"Small Slimes","floor":8,"turns":3},{"damage":2,"enemies":"Looter","floor":10,"turns":3},{"damage":1,"enemies":"Large Slime","floor":11,"turns":7},{"damage":21,"enemies":"Gremlin Nob","floor":12,"turns":4},{"damage":0,"enemies":"3 Sentries","floor":14,"turns":9},{"damage":4,"enemies":"Slime Boss","floor":16,"turns":7},{"damage":0,"enemies":"Spheric Guardian","floor":18,"turns":3},{"damage":0,"enemies":"Shell Parasite","floor":19,"turns":5},{"damage":5,"enemies":"Snake Plant","floor":20,"turns":4},{"damage":0,"enemies":"Chosen and Byrds","floor":22,"turns":4},{"damage":5,"enemies":"Slavers","floor":24,"turns":6},{"damage":0,"enemies":"Cultist and Chosen","floor":27,"turns":4},{"damage":0,"enemies":"Snecko","floor":28,"turns":4},{"damage":0,"enemies":"Book of Stabbing","floor":29,"turns":5},{"damage":0,"enemies":"Centurion and Healer","floor":30,"turns":4},{"damage":0,"enemies":"Gremlin Leader","floor":31,"turns":5},{"damage":0,"enemies":"Automaton","floor":33,"turns":7},{"damage":0,"enemies":"Orb Walker","floor":35,"turns":2},{"damage":0,"enemies":"2 Orb Walkers","floor":38,"turns":2},{"damage":0,"enemies":"3 Shapes","floor":39,"turns":3},{"damage":0,"enemies":"Giant Head","floor":40,"turns":3},{"damage":0,"enemies":"Nemesis","floor":41,"turns":1},{"damage":0,"enemies":"Reptomancer","floor":44,"turns":4},{"damage":0,"enemies":"Maw","floor":45,"turns":4},{"damage":0,"enemies":"3 Darklings","floor":46,"turns":2},{"damage":0,"enemies":"Giant Head","floor":47,"turns":2},{"damage":0,"enemies":"Nemesis","floor":48,"turns":1},{"damage":0,"enemies":"Time Eater","floor":50,"turns":5},{"damage":0,"enemies":"Shield and Spear","floor":54,"turns":2},{"damage":0,"enemies":"The Heart","floor":55,"turns":7}],"seed_played":"3760365612372402186","potions_obtained":[{"floor":7,"key":"Dexterity Potion"},{"floor":8,"key":"Poison Potion"},{"floor":10,"key":"SpeedPotion"},{"floor":12,"key":"Energy Potion"},{"floor":22,"key":"Fire Potion"},{"floor":24,"key":"Explosive Potion"},{"floor":30,"key":"Poison Potion"},{"floor":39,"key":"GhostInAJar"},{"floor":41,"key":"SkillPotion"},{"floor":45,"key":"Fire Potion"},{"floor":47,"key":"PowerPotion"},{"floor":54,"key":"SpeedPotion"}],"is_trial":false,"path_per_floor":["M","?","$","?","M","R","E","M","T","M","M","E","R","E","R","B",null,"M","M","M","?","M","R","E","?","T","M","M","E","M","E","R","B",null,"M","?","?","?","M","E","E","?","T","E","M","M","E","E","R","B",null,"R","$","E","B",null],"character_chosen":"THE_SILENT","items_purchased":["Leg Sweep","Well Laid Plans","Membership Card","Cloak And Dagger","Dodecahedron","SkillPotion","Bandage Up","Art of War"],"campfire_rested":0,"item_purchase_floors":[3,3,53,53,53,53,53,53],"current_hp_per_floor":[70,63,63,56,56,56,56,56,56,54,55,34,34,36,36,32,74,74,76,71,71,71,71,66,66,66,66,66,66,68,70,70,70,80,82,78,78,78,78,80,80,80,80,80,82,84,84,86,86,86,86,86,86,86,86],"gold":358,"neow_bonus":"THREE_ENEMY_KILL","is_prod":false,"is_daily":false,"chose_seed":false,"campfire_upgraded":6,"win_rate":0,"timestamp":1556830149,"path_taken":["M","?","$","?","M","R","E","M","T","M","M","E","R","E","R","BOSS","M","?","M","?","M","R","E","?","T","M","M","E","?","E","R","BOSS","M","?","?","?","M","E","E","?","T","E","M","M","E","E","R","BOSS","R","$","E","BOSS"],"build_version":"2019-04-23","purchased_purges":1,"victory":true,"max_hp_per_floor":[70,70,70,70,70,70,70,70,70,70,72,72,72,74,74,74,74,74,76,76,76,76,76,76,76,76,76,76,76,78,80,80,80,80,82,78,78,78,78,80,80,80,80,80,82,84,84,86,86,86,86,86,86,86,86],"card_choices":[{"not_picked":["Underhanded Strike","PiercingWail"],"picked":"Deadly Poison","floor":1},{"not_picked":["Bane","Sucker Punch"],"picked":"Deadly Poison","floor":5},{"not_picked":["Blade Dance","Riddle With Holes"],"picked":"Quick Slash","floor":7},{"not_picked":["Slice","Sucker Punch"],"picked":"Deflect","floor":8},{"not_picked":["Cloak And Dagger","Outmaneuver"],"picked":"Backflip","floor":10},{"not_picked":["Bane","Distraction","Dodge and Roll"],"picked":"Singing Bowl","floor":11},{"not_picked":["Finisher","Flying Knee"],"picked":"Endless Agony","floor":12},{"not_picked":["Quick Slash","Unload","Skewer"],"picked":"Singing Bowl","floor":14},{"not_picked":["Die Die Die","After Image"],"picked":"Adrenaline","floor":16},{"not_picked":["Sucker Punch","Prepared"],"picked":"Acrobatics+1","floor":18},{"not_picked":["Setup+1","Quick Slash","Blade Dance"],"picked":"Singing Bowl","floor":19},{"not_picked":["Masterful Stab","Dagger Throw"],"picked":"Backflip+1","floor":20},{"not_picked":["Dagger Throw","Prepared"],"picked":"Poisoned Stab","floor":22},{"not_picked":["Backflip","Heel Hook"],"picked":"Crippling Poison+1","floor":24},{"not_picked":["Skewer","Bullet Time"],"picked":"Infinite Blades","floor":27},{"not_picked":["Deadly Poison","Eviscerate"],"picked":"Heel Hook+1","floor":28},{"not_picked":["Caltrops+1","Underhanded Strike"],"picked":"Calculated Gamble","floor":29},{"not_picked":["Flying Knee","Bane","Dagger Spray"],"picked":"Singing Bowl","floor":30},{"not_picked":["Masterful Stab","Deflect","Tactician"],"picked":"Singing Bowl","floor":31},{"not_picked":["Night Terror","Wraith Form v2"],"picked":"Bullet Time","floor":33},{"not_picked":["Slice+1","Outmaneuver+1","Poisoned Stab+1"],"picked":"Singing Bowl","floor":35},{"not_picked":["Concentrate","Tactician"],"picked":"PiercingWail","floor":38},{"not_picked":["Prepared","Blade Dance"],"picked":"Terror+1","floor":39},{"not_picked":["Cloak And Dagger","A Thousand Cuts","Reflex"],"picked":"Singing Bowl","floor":40},{"not_picked":["Poisoned Stab+1","Accuracy"],"picked":"Heel Hook+1","floor":41},{"not_picked":["Poisoned Stab","Bouncing Flask+1"],"picked":"Cloak And Dagger+1","floor":44},{"not_picked":["Slice","Acrobatics","Bouncing Flask+1"],"picked":"Singing Bowl","floor":45},{"not_picked":["Dagger Spray","Cloak And Dagger","Deadly Poison+1"],"picked":"Singing Bowl","floor":46},{"not_picked":["Poisoned Stab","Dagger Throw"],"picked":"Masterful Stab+1","floor":47},{"not_picked":["Bullet Time","Underhanded Strike","Prepared+1"],"picked":"Singing Bowl","floor":48},{"not_picked":["A Thousand Cuts","Poisoned Stab+1"],"picked":"Dash+1","floor":54}],"player_experience":5596277,"relics_obtained":[{"floor":7,"key":"Bottled Flame"},{"floor":9,"key":"Singing Bowl"},{"floor":12,"key":"Dead Branch"},{"floor":14,"key":"Anchor"},{"floor":24,"key":"Omamori"},{"floor":29,"key":"Shuriken"},{"floor":31,"key":"Ninja Scroll"},{"floor":38,"key":"WingedGreaves"},{"floor":40,"key":"Centennial Puzzle"},{"floor":41,"key":"Lantern"},{"floor":43,"key":"Snake Skull"},{"floor":44,"key":"Potion Belt"},{"floor":47,"key":"Oddly Smooth Stone"},{"floor":48,"key":"Pen Nib"},{"floor":54,"key":"War Paint"}],"event_choices":[{"damage_healed":0,"gold_gain":0,"player_choice":"Success","damage_taken":7,"relics_obtained":["Orichalcum"],"max_hp_gain":0,"max_hp_loss":0,"event_name":"Scrap Ooze","floor":2,"gold_loss":0},{"damage_healed":0,"gold_gain":0,"player_choice":"Damaged","damage_taken":7,"max_hp_gain":0,"max_hp_loss":0,"event_name":"Wheel of Change","floor":4,"gold_loss":0},{"damage_healed":0,"gold_gain":0,"cards_transformed":["Strike_G","Strike_G"],"player_choice":"Became Test Subject","damage_taken":0,"max_hp_gain":0,"max_hp_loss":0,"event_name":"Drug Dealer","floor":21,"gold_loss":0,"cards_obtained":["Calculated Gamble","Dodge and Roll"]},{"damage_healed":0,"gold_gain":0,"player_choice":"Copied","damage_taken":0,"max_hp_gain":0,"max_hp_loss":0,"event_name":"Duplicator","floor":25,"gold_loss":0,"cards_obtained":["Adrenaline"]},{"damage_healed":0,"gold_gain":0,"player_choice":"Max HP","damage_taken":0,"max_hp_gain":0,"max_hp_loss":4,"event_name":"Winding Halls","floor":36,"gold_loss":0},{"damage_healed":0,"gold_gain":0,"player_choice":"Ignored","damage_taken":0,"max_hp_gain":0,"max_hp_loss":0,"event_name":"Tomb of Lord Red Mask","floor":37,"gold_loss":0},{"damage_healed":0,"gold_gain":0,"player_choice":"Fight","damage_taken":0,"max_hp_gain":0,"max_hp_loss":0,"event_name":"Mysterious Sphere","floor":38,"gold_loss":0},{"cards_removed":["Strike_G"],"damage_healed":0,"gold_gain":0,"player_choice":"Removed Attack","damage_taken":0,"max_hp_gain":0,"max_hp_loss":0,"event_name":"Falling","floor":42,"gold_loss":0}],"is_beta":true,"boss_relics":[{"not_picked":["Pandora\u0027s Box","Ring of the Serpent"],"picked":"Cursed Key"},{"not_picked":["Eternal Feather","Snecko Eye"],"picked":"WristBlade"}],"items_purged_floors":[53],"is_endless":false,"potions_floor_spawned":[7,8,10,12,22,24,30,31,39,41,45,47,48,54],"ascension_level":1}