{"gold_per_floor":[118,136,42,42,42,73,93,118,118,135,168,168,11,11,11,112,112,127,127,46,57,76,101,101,133,133,149,149,167,197,212,212,310,310,326,345,364,364,376,404,404,434,488,514,525,525,193,209,209,209,209,209,1,29,29],"floor_reached":56,"playtime":5898,"items_purged":[],"score":1472,"play_id":"28b4c8dc-bdb6-4937-930e-537d0e527bc7","local_time":"20190317011144","is_ascension_mode":true,"campfire_choices":[{"data":"Infinite Blades","floor":12,"key":"SMITH"},{"data":"Neutralize","floor":15,"key":"SMITH"},{"floor":24,"key":"REST"},{"floor":28,"key":"REST"},{"data":"Well Laid Plans","floor":32,"key":"SMITH"},{"floor":41,"key":"RECALL"},{"floor":46,"key":"REST"},{"data":"Footwork","floor":49,"key":"SMITH"},{"data":"Noxious Fumes","floor":52,"key":"SMITH"}],"neow_cost":"NONE","seed_source_timestamp":449722362257324,"circlet_count":0,"master_deck":["Defend_G","Defend_G","Defend_G","Defend_G","Strike_G+1","Survivor","Neutralize+1","Quick Slash+1","Deadly Poison","Infinite Blades+1","PiercingWail","Leg Sweep","Heel Hook","Poisoned Stab","Backstab","Well Laid Plans+1","Good Instincts","Corpse Explosion","Footwork+1","Noxious Fumes+1","Dodge and Roll","Heel Hook","Accuracy","PiercingWail+1","Leg Sweep+1","Adrenaline+1","Catalyst+1","Leg Sweep+1","Adrenaline+1","Accuracy+1","Wraith Form v2+1","Riddle With Holes+1","PiercingWail+1","Dodge and Roll+1","Well Laid Plans+1","Escape Plan+1","Dagger Spray+1","Heel Hook","Parasite","Burst+1","Master of Strategy+1","Infinite Blades","Dodge and Roll+1","Deflect+1","Catalyst+1","Backflip+1","Cloak And Dagger+1","Cloak And Dagger+1"],"relics":["Empty Cage","Mummified Hand","Pear","Matryoshka","Boot","Runic Dome","Toxic Egg 2","Art of War","Strawberry","Thread and Needle","Whetstone","Astrolabe","Bottled Flame","Shuriken","The Courier","Mango","ClockworkSouvenir","FossilizedHelix"],"potions_floor_usage":[16,23,25,25,29,42,55,55],"damage_taken":[{"damage":0,"enemies":"Jaw Worm","floor":1,"turns":5},{"damage":0,"enemies":"Cultist","floor":2,"turns":3},{"damage":22,"enemies":"Gremlin Nob","floor":6,"turns":5},{"damage":0,"enemies":"2 Louse","floor":7,"turns":3},{"damage":11,"enemies":"3 Sentries","floor":8,"turns":12},{"damage":6,"enemies":"Exordium Wildlife","floor":10,"turns":5},{"damage":31,"enemies":"Gremlin Nob","floor":11,"turns":5},{"damage":0,"enemies":"Hexaghost","floor":16,"turns":10},{"damage":1,"enemies":"Spheric Guardian","floor":18,"turns":5},{"damage":5,"enemies":"3 Byrds","floor":21,"turns":4},{"damage":10,"enemies":"Snecko","floor":22,"turns":5},{"damage":21,"enemies":"Gremlin Leader","floor":23,"turns":8},{"damage":17,"enemies":"Slavers","floor":25,"turns":4},{"damage":8,"enemies":"Shelled Parasite and Fungi","floor":27,"turns":6},{"damage":15,"enemies":"Chosen and Byrds","floor":29,"turns":7},{"damage":1,"enemies":"Gremlin Leader","floor":30,"turns":9},{"damage":0,"enemies":"Snecko","floor":31,"turns":5},{"damage":29,"enemies":"Collector","floor":33,"turns":10},{"damage":16,"enemies":"3 Shapes","floor":35,"turns":3},{"damage":0,"enemies":"3 Darklings","floor":36,"turns":3},{"damage":0,"enemies":"Transient","floor":37,"turns":5},{"damage":16,"enemies":"Jaw Worm Horde","floor":39,"turns":4},{"damage":11,"enemies":"Nemesis","floor":40,"turns":9},{"damage":6,"enemies":"Reptomancer","floor":42,"turns":8},{"damage":0,"enemies":"Giant Head","floor":44,"turns":9},{"damage":0,"enemies":"Writhing Mass","floor":45,"turns":6},{"damage":0,"enemies":"Transient","floor":48,"turns":5},{"damage":7,"enemies":"Time Eater","floor":50,"turns":15},{"damage":35,"enemies":"Shield and Spear","floor":54,"turns":6},{"damage":75,"enemies":"The Heart","floor":55,"turns":11}],"seed_played":"8388783628042932833","potions_obtained":[{"floor":10,"key":"Dexterity Potion"},{"floor":11,"key":"Swift Potion"},{"floor":19,"key":"Energy Potion"},{"floor":19,"key":"GhostInAJar"},{"floor":21,"key":"GamblersBrew"},{"floor":23,"key":"GamblersBrew"},{"floor":25,"key":"SteroidPotion"},{"floor":29,"key":"Fruit Juice"},{"floor":36,"key":"LiquidBronze"},{"floor":40,"key":"FairyPotion"},{"floor":45,"key":"Fire Potion"}],"is_trial":false,"path_per_floor":["M","M","$","?","$","E","M","E","T","M","E","R","$","?","R","B",null,"M","?","$","M","M","E","R","E","T","M","R","M","E","M","R","B",null,"M","M","M","?","M","E","R","E","T","E","M","R","$","M","R","B",null,"R","$","E","B",null],"character_chosen":"THE_SILENT","items_purchased":["Infinite Blades","PiercingWail","Well Laid Plans","Good Instincts","Noxious Fumes","Master of Strategy+1","Infinite Blades","Dodge and Roll+1","Deflect+1","Catalyst+1","ClockworkSouvenir","Cloak And Dagger+1"],"campfire_rested":3,"item_purchase_floors":[3,3,13,13,20,47,47,47,47,47,53,53],"current_hp_per_floor":[70,70,70,70,70,48,48,47,47,41,10,10,10,10,10,10,80,79,79,79,74,64,43,67,50,57,49,75,65,64,64,64,35,92,76,76,76,76,60,49,49,43,43,57,57,88,88,88,88,81,106,106,106,71,7],"gold":29,"neow_bonus":"BOSS_RELIC","is_prod":false,"is_daily":false,"chose_seed":false,"campfire_upgraded":5,"win_rate":0,"timestamp":1552799504,"path_taken":["M","M","$","?","?","E","M","E","T","?","E","R","$","?","R","BOSS","M","?","$","M","M","E","R","E","T","M","R","?","E","?","R","BOSS","M","?","M","?","?","E","R","E","T","E","M","R","$","M","R","BOSS","R","$","E","BOSS"],"build_version":"2019-03-15","purchased_purges":0,"victory":true,"max_hp_per_floor":[70,70,70,70,70,70,70,80,80,80,80,80,80,80,80,80,80,80,80,80,80,80,80,80,80,87,87,87,92,92,92,92,92,92,92,92,92,92,92,92,92,92,92,106,106,106,106,106,106,106,106,106,106,106,106],"card_choices":[{"not_picked":["Acrobatics","Riddle With Holes"],"picked":"Quick Slash","floor":1},{"not_picked":["Leg Sweep","Acrobatics"],"picked":"Deadly Poison","floor":2},{"not_picked":["Cloak And Dagger","Dodge and Roll"],"picked":"Leg Sweep","floor":6},{"not_picked":["Skewer","Backflip"],"picked":"Heel Hook","floor":7},{"not_picked":["Acrobatics","Flechettes","Riddle With Holes"],"picked":"SKIP","floor":8},{"not_picked":["Riddle With Holes","Skewer"],"picked":"Poisoned Stab","floor":10},{"not_picked":["Bane","Grand Finale"],"picked":"Backstab","floor":11},{"not_picked":["Die Die Die","Glass Knife"],"picked":"Corpse Explosion","floor":16},{"not_picked":["Well Laid Plans","Caltrops"],"picked":"Footwork","floor":18},{"not_picked":["Blade Dance+1","Caltrops"],"picked":"Dodge and Roll","floor":21},{"not_picked":["Dodge and Roll","Quick Slash"],"picked":"Heel Hook","floor":22},{"not_picked":["Dagger Spray","Dodge and Roll"],"picked":"Accuracy","floor":23},{"not_picked":["Terror+1","Flying Knee+1"],"picked":"PiercingWail+1","floor":25},{"not_picked":["Backflip+1","Blur+1"],"picked":"Leg Sweep+1","floor":27},{"not_picked":["Underhanded Strike+1","Blade Dance+1"],"picked":"Adrenaline+1","floor":29},{"not_picked":["Blade Dance+1","Reflex+1"],"picked":"Catalyst+1","floor":30},{"not_picked":["Blade Dance+1","Caltrops+1"],"picked":"Leg Sweep+1","floor":31},{"not_picked":["Storm of Steel+1","Bullet Time+1"],"picked":"Adrenaline+1","floor":33},{"not_picked":["Slice","Skewer+1"],"picked":"PiercingWail+1","floor":35},{"not_picked":["Corpse Explosion+1","Bane+1"],"picked":"Dodge and Roll+1","floor":36},{"not_picked":["Reflex+1","Dodge and Roll+1"],"picked":"Well Laid Plans+1","floor":37},{"not_picked":["Dagger Throw+1","Dodge and Roll+1"],"picked":"Escape Plan+1","floor":39},{"not_picked":["Reflex+1","Quick Slash+1"],"picked":"Dagger Spray+1","floor":40},{"not_picked":["Dodge and Roll+1","All Out Attack"],"picked":"Heel Hook","floor":42},{"not_picked":["Riddle With Holes+1","Poisoned Stab+1","Outmaneuver+1"],"picked":"SKIP","floor":44},{"not_picked":["Riddle With Holes+1","Poisoned Stab+1","Outmaneuver+1"],"picked":"SKIP","floor":44},{"not_picked":["Noxious Fumes+1","Leg Sweep+1"],"picked":"Burst+1","floor":45},{"not_picked":["Concentrate+1","Escape Plan+1"],"picked":"Backflip+1","floor":48},{"not_picked":["Deadly Poison+1","Catalyst+1"],"picked":"Cloak And Dagger+1","floor":54}],"player_experience":4916539,"relics_obtained":[{"floor":6,"key":"Mummified Hand"},{"floor":8,"key":"Pear"},{"floor":9,"key":"Matryoshka"},{"floor":11,"key":"Boot"},{"floor":23,"key":"Toxic Egg 2"},{"floor":25,"key":"Art of War"},{"floor":26,"key":"Strawberry"},{"floor":26,"key":"Thread and Needle"},{"floor":30,"key":"Whetstone"},{"floor":40,"key":"Bottled Flame"},{"floor":42,"key":"Shuriken"},{"floor":43,"key":"The Courier"},{"floor":44,"key":"Mango"},{"floor":54,"key":"FossilizedHelix"}],"event_choices":[{"damage_healed":0,"gold_gain":0,"player_choice":"Ignored","damage_taken":0,"max_hp_gain":0,"max_hp_loss":0,"event_name":"NoteForYourself","floor":4,"gold_loss":0},{"damage_healed":0,"gold_gain":0,"player_choice":"Leave","damage_taken":0,"max_hp_gain":0,"max_hp_loss":0,"event_name":"The Cleric","floor":14,"gold_loss":0},{"damage_healed":0,"gold_gain":0,"player_choice":"Got Potions","damage_taken":0,"max_hp_gain":0,"max_hp_loss":0,"event_name":"Lab","floor":19,"gold_loss":0},{"damage_healed":0,"gold_gain":0,"player_choice":"Leave","damage_taken":0,"max_hp_gain":0,"max_hp_loss":0,"event_name":"FaceTrader","floor":38,"gold_loss":0}],"is_beta":true,"boss_relics":[{"not_picked":["HoveringKite","Busted Crown"],"picked":"Runic Dome"},{"not_picked":["Fusion Hammer","WristBlade"],"picked":"Astrolabe"}],"items_purged_floors":[],"is_endless":false,"potions_floor_spawned":[10,11,21,23,25,29,36,37,40,45],"ascension_level":1}