{"gold_per_floor":[111,130,148,167,167,200,200,225,301,301,301,101,140,140,140,238,238,259,74,74,87,105,139,157,175,175,175,209,209,259,275,275,369,369,393,411,2,22,22,22,41,102,102,102,435,435,435,465,465,465,465,465,465,49,80,80],"floor_reached":57,"playtime":10122,"items_purged":["Strike_R","Strike_R"],"score":3045,"play_id":"930068b0-2813-4158-8f57-e45b0661d780","local_time":"20181106190657","is_ascension_mode":true,"campfire_choices":[{"data":"Demon Form","floor":7,"key":"SMITH"},{"floor":10,"key":"REST"},{"data":"Corruption","floor":15,"key":"SMITH"},{"data":"Armaments","floor":27,"key":"SMITH"},{"floor":29,"key":"RECALL"},{"data":"Flame Barrier","floor":32,"key":"SMITH"},{"data":"Feed","floor":40,"key":"SMITH"},{"data":"Rampage+1","floor":44,"key":"PURGE"},{"data":"Bludgeon","floor":46,"key":"SMITH"},{"data":"Caltrops","floor":49,"key":"SMITH"},{"data":"Fire Breathing","floor":53,"key":"PURGE"}],"neow_cost":"NONE","seed_source_timestamp":806846764802935,"circlet_count":0,"master_deck":["AscendersBane","Defend_R","Defend_R+1","Defend_R","Defend_R","Bash","Demon Form+1","Clothesline+1","Armaments+1","Corruption+1","Flame Barrier","Feed+1","Dual Wield","Offering","Burning Pact","Flame Barrier+1","Battle Trance","Corruption","Flame Barrier+1","Bludgeon+1","Exhume+1","Infernal Blade+1","Sentinel+1","Master of Strategy","Concentrate","Caltrops+1","Burning Pact","Cloak And Dagger"],"relics":["Burning Blood","Ginger","Meat on the Bone","Dead Branch","Du-Vu Doll","Snecko Eye","Potion Belt","Happy Flower","Astrolabe","PrismaticShard","Peace Pipe","Kunai","Calipers","HandDrill","Red Skull","Ornamental Fan"],"potions_floor_usage":[4,16,23,42,55,56,56],"damage_taken":[{"damage":6,"enemies":"Cultist","floor":1,"turns":4},{"damage":23,"enemies":"Jaw Worm","floor":2,"turns":6},{"damage":2,"enemies":"2 Louse","floor":3,"turns":4},{"damage":4,"enemies":"Large Slime","floor":4,"turns":5},{"damage":27,"enemies":"Gremlin Nob","floor":6,"turns":4},{"damage":30,"enemies":"Gremlin Gang","floor":8,"turns":4},{"damage":3,"enemies":"3 Sentries","floor":13,"turns":4},{"damage":23,"enemies":"Hexaghost","floor":16,"turns":8},{"damage":0,"enemies":"Spheric Guardian","floor":18,"turns":3},{"damage":16,"enemies":"2 Thieves","floor":21,"turns":3},{"damage":9,"enemies":"Snecko","floor":22,"turns":4},{"damage":6,"enemies":"Book of Stabbing","floor":23,"turns":2},{"damage":12,"enemies":"Cultist and Chosen","floor":24,"turns":4},{"damage":29,"enemies":"3 Cultists","floor":25,"turns":5},{"damage":32,"enemies":"Slavers","floor":28,"turns":3},{"damage":2,"enemies":"Centurion and Healer","floor":31,"turns":6},{"damage":6,"enemies":"Champ","floor":33,"turns":7},{"damage":0,"enemies":"Orb Walker","floor":35,"turns":2},{"damage":6,"enemies":"3 Shapes","floor":36,"turns":3},{"damage":6,"enemies":"Spire Growth","floor":38,"turns":4},{"damage":0,"enemies":"Jaw Worm Horde","floor":41,"turns":6},{"damage":24,"enemies":"2 Orb Walkers","floor":42,"turns":5},{"damage":6,"enemies":"Reptomancer","floor":48,"turns":2},{"damage":20,"enemies":"Awakened One","floor":50,"turns":7},{"damage":40,"enemies":"Time Eater","floor":51,"turns":7},{"damage":16,"enemies":"Shield and Spear","floor":55,"turns":4},{"damage":26,"enemies":"The Heart","floor":56,"turns":7}],"seed_played":"-1466396058145880554","potions_obtained":[{"floor":3,"key":"SkillPotion"},{"floor":8,"key":"Block Potion"},{"floor":13,"key":"Energy Potion"},{"floor":21,"key":"LiquidBronze"},{"floor":24,"key":"Swift Potion"},{"floor":33,"key":"Block Potion"},{"floor":36,"key":"Poison Potion"},{"floor":42,"key":"SneckoOil"},{"floor":48,"key":"LiquidBronze"},{"floor":55,"key":"Weak Potion"}],"is_trial":false,"path_per_floor":["M","M","M","M","?","E","R","M","T","R","T","$","E","?","R","B",null,"M","$","?","M","M","E","M","M","T","R","E","R","?","M","R","B",null,"M","M","$","M","?","R","M","?","T","R","?","R","?","E","R","B","B",null,"R","$","E","B",null],"character_chosen":"IRONCLAD","items_purchased":["Corruption","Flame Barrier","Offering","PrismaticShard","Master of Strategy","Burning Pact","HandDrill","Red Skull"],"campfire_rested":1,"item_purchase_floors":[12,12,19,37,37,54,54,54],"current_hp_per_floor":[68,51,55,57,57,36,36,12,12,32,32,32,47,27,27,22,57,63,63,63,56,56,56,54,55,55,55,45,45,45,69,69,73,98,108,111,111,114,114,114,128,118,118,118,118,118,118,122,122,108,86,127,127,127,117,101],"gold":80,"neow_bonus":"TRANSFORM_CARD","is_prod":false,"is_daily":false,"chose_seed":false,"campfire_upgraded":7,"win_rate":0,"timestamp":1541549217,"path_taken":["M","M","?","M","?","E","R","M","T","R","?","$","E","?","R","BOSS","M","$","?","M","M","E","M","M","T","R","E","R","?","?","R","BOSS","M","M","$","M","?","R","M","?","T","R","?","R","?","E","R","BOSS","BOSS","R","$","E","BOSS"],"build_version":"2018-11-05","purchased_purges":2,"victory":true,"max_hp_per_floor":[75,75,75,75,68,68,68,68,68,68,68,68,68,68,68,68,68,68,68,68,71,74,74,78,90,90,90,94,94,94,102,102,106,106,110,113,113,116,116,116,128,136,136,136,136,136,136,140,140,140,140,140,140,140,140,144],"card_choices":[{"not_picked":["Perfected Strike","Bloodletting"],"picked":"Thunderclap","floor":1},{"not_picked":["Cleave","Corruption","Shockwave"],"picked":"SKIP","floor":2},{"not_picked":["Searing Blow","Uppercut"],"picked":"Clothesline","floor":3},{"not_picked":["Flex","Dropkick"],"picked":"Iron Wave","floor":4},{"not_picked":["Body Slam","Wild Strike","Blood for Blood"],"picked":"SKIP","floor":6},{"not_picked":["Clash","Uppercut"],"picked":"Armaments","floor":8},{"not_picked":["Pummel","Bloodletting","Pommel Strike"],"picked":"SKIP","floor":13},{"not_picked":["Bludgeon","Juggernaut"],"picked":"Feed","floor":16},{"not_picked":["Body Slam+1","Pommel Strike"],"picked":"Dual Wield","floor":18},{"not_picked":["Pommel Strike","Havoc"],"picked":"Burning Pact","floor":21},{"not_picked":["Uppercut","Headbutt"],"picked":"Flame Barrier+1","floor":22},{"not_picked":["Pummel","Flex"],"picked":"Battle Trance","floor":23},{"not_picked":["Thunderclap","Uppercut+1"],"picked":"Corruption","floor":24},{"not_picked":["Combust+1","Immolate","Second Wind"],"picked":"SKIP","floor":25},{"not_picked":["Carnage+1","Perfected Strike+1","Iron Wave"],"picked":"SKIP","floor":28},{"not_picked":["Intimidate","Cleave"],"picked":"Flame Barrier","floor":31},{"not_picked":["Offering","Demon Form"],"picked":"Bludgeon","floor":33},{"not_picked":["Whirlwind","Infernal Blade","Flex"],"picked":"SKIP","floor":35},{"not_picked":["Iron Wave+1","Clothesline"],"picked":"Sentinel+1","floor":36},{"not_picked":["Sweeping Beam","Leap+1","Dagger Spray"],"picked":"SKIP","floor":38},{"not_picked":["Compile Driver","Mind Blast"],"picked":"Concentrate","floor":41},{"not_picked":["Sucker Punch","Sucker Punch"],"picked":"Caltrops","floor":48},{"not_picked":["Auto Shields","Mind Blast"],"picked":"Cloak And Dagger","floor":55}],"player_experience":893366,"relics_obtained":[{"floor":6,"key":"Ginger"},{"floor":9,"key":"Meat on the Bone"},{"floor":11,"key":"Dead Branch"},{"floor":13,"key":"Du-Vu Doll"},{"floor":23,"key":"Potion Belt"},{"floor":28,"key":"Happy Flower"},{"floor":42,"key":"Peace Pipe"},{"floor":43,"key":"Kunai"},{"floor":48,"key":"Calipers"},{"floor":55,"key":"Ornamental Fan"}],"event_choices":[{"damage_healed":0,"gold_gain":0,"player_choice":"Lose Max HP","damage_taken":0,"relics_obtained":["Golden Idol"],"max_hp_gain":0,"max_hp_loss":7,"event_name":"Golden Idol","floor":5,"gold_loss":0},{"damage_healed":0,"gold_gain":0,"player_choice":"Entered Light","damage_taken":20,"max_hp_gain":0,"max_hp_loss":0,"event_name":"Shining Light","floor":14,"gold_loss":0,"cards_upgraded":["Defend_R","Clothesline"]},{"damage_healed":0,"gold_gain":50,"player_choice":"Pray","damage_taken":0,"max_hp_gain":0,"max_hp_loss":0,"event_name":"Golden Shrine","floor":30,"gold_loss":0},{"damage_healed":0,"gold_gain":0,"player_choice":"Memory 1","damage_taken":0,"max_hp_gain":0,"max_hp_loss":0,"event_name":"SensoryStone","floor":39,"gold_loss":0},{"damage_healed":0,"gold_gain":0,"player_choice":"Fight","damage_taken":0,"max_hp_gain":0,"max_hp_loss":0,"event_name":"Mysterious Sphere","floor":42,"gold_loss":0},{"damage_healed":0,"gold_gain":333,"player_choice":"Gave Idol","damage_taken":0,"max_hp_gain":0,"max_hp_loss":0,"event_name":"The Moai Head","floor":45,"relics_lost":["Golden Idol"],"gold_loss":0},{"damage_healed":0,"gold_gain":0,"cards_transformed":["Iron Wave"],"player_choice":"Transformed","damage_taken":0,"max_hp_gain":0,"max_hp_loss":0,"event_name":"Transmorgrifier","floor":47,"gold_loss":0,"cards_obtained":["Fire Breathing"]}],"is_beta":true,"boss_relics":[{"not_picked":["Pandora\u0027s Box","Ectoplasm"],"picked":"Snecko Eye"},{"not_picked":["White Beast Statue","Runic Cube"],"picked":"Astrolabe"}],"items_purged_floors":[12,19],"is_endless":false,"potions_floor_spawned":[3,8,13,21,22,24,33,36,42,48,55],"ascension_level":20}