{"gold_per_floor":[126,150,162,189,211,253,278,290,356,389,416,428,490,533,545,652,664,699,494,51,51,51,51,51],"floor_reached":24,"playtime":1266,"items_purged":["Strike_G"],"score":412,"play_id":"bfc2141d-223b-42de-9d6e-1772ca494ff0","local_time":"20190318184255","is_ascension_mode":true,"campfire_choices":[{"floor":12.0,"key":"REST"},{"data":"Neutralize","floor":15.0,"key":"SMITH"},{"data":"RitualDagger","floor":23,"key":"SMITH"}],"neow_cost":"NONE","seed_source_timestamp":437178638997096,"circlet_count":0,"master_deck":["AscendersBane","Defend_G","Defend_G","Defend_G","Defend_G","Defend_G","Strike_G","Strike_G","Strike_G","Survivor","Neutralize+1","Deadly Poison","Riddle With Holes","Skewer","Crippling Poison","Well Laid Plans","Terror","Bouncing Flask","Backflip","Burst","PiercingWail+1","Leg Sweep","Footwork","Footwork","RitualDagger+1"],"special_seed":0,"relics":["Ring of the Serpent","MawBank","Letter Opener","Golden Idol","Oddly Smooth Stone","Dodecahedron","Art of War","DollysMirror"],"potions_floor_usage":[24],"damage_taken":[{"damage":3.0,"enemies":"Cultist","floor":1.0,"turns":5.0},{"damage":1.0,"enemies":"Small Slimes","floor":2.0,"turns":4.0},{"damage":0.0,"enemies":"2 Louse","floor":4.0,"turns":2.0},{"damage":5.0,"enemies":"Looter","floor":5.0,"turns":4.0},{"damage":22.0,"enemies":"Lagavulin","floor":6.0,"turns":6.0},{"damage":4.0,"enemies":"Red Slaver","floor":7.0,"turns":3.0},{"damage":10.0,"enemies":"2 Fungi Beasts","floor":10.0,"turns":4.0},{"damage":5.0,"enemies":"Looter","floor":11.0,"turns":3.0},{"damage":6.0,"enemies":"Gremlin Nob","floor":14.0,"turns":3.0},{"damage":6.0,"enemies":"Hexaghost","floor":16.0,"turns":9.0},{"damage":8.0,"enemies":"Spheric Guardian","floor":18.0,"turns":3.0},{"damage":39,"enemies":"Gremlin Leader","floor":24,"turns":6}],"seed_played":"2406141119842902556","potions_obtained":[{"floor":2.0,"key":"SteroidPotion"},{"floor":7.0,"key":"Fire Potion"},{"floor":10.0,"key":"Poison Potion"},{"floor":11.0,"key":"LiquidBronze"},{"floor":14.0,"key":"Strength Potion"}],"is_trial":false,"path_per_floor":["M","M","?","M","M","E","M","?","T","M","M","R","?","E","R","B",null,"M","$","$","?","?","R","E"],"character_chosen":"THE_SILENT","items_purchased":["Art of War","SkillPotion","Leg Sweep","Footwork","DollysMirror"],"campfire_rested":1,"item_purchase_floors":[19,19,20,20,20],"current_hp_per_floor":[56,55,55,55,50,28,24,24,24,14,9,27,27,21,21,15,49,41,41,41,41,35,35,0],"gold":51,"neow_bonus":"RANDOM_COMMON_RELIC","is_prod":false,"is_daily":false,"chose_seed":false,"campfire_upgraded":2,"win_rate":0,"timestamp":1552948975,"path_taken":["M","?","?","M","M","E","?","?","T","M","M","R","?","E","R","BOSS","M","?","$","?","?","R","E"],"build_version":"2019-03-15","purchased_purges":1,"victory":false,"max_hp_per_floor":[66,66,66,66,66,66,66,60,60,60,60,60,60,60,60,60,60,60,60,60,60,60,60,60],"card_choices":[{"not_picked":["Prepared","Blade Dance"],"picked":"Deadly Poison","floor":1.0},{"not_picked":["Cloak And Dagger","Deflect"],"picked":"Riddle With Holes","floor":2.0},{"not_picked":["Caltrops","Poisoned Stab"],"picked":"Crippling Poison","floor":4.0},{"not_picked":["Backflip","Dodge and Roll"],"picked":"Well Laid Plans","floor":5.0},{"not_picked":["Accuracy","Reflex"],"picked":"Terror","floor":6.0},{"not_picked":["Well Laid Plans","Calculated Gamble"],"picked":"Bouncing Flask","floor":7.0},{"not_picked":["Prepared","Blade Dance"],"picked":"Backflip","floor":10.0},{"not_picked":["Bane","Distraction","Riddle With Holes"],"picked":"SKIP","floor":11.0},{"not_picked":["Setup","Expertise","Terror"],"picked":"SKIP","floor":14.0},{"not_picked":["A Thousand Cuts","Bullet Time"],"picked":"Burst","floor":16.0},{"not_picked":["Acrobatics","Sucker Punch"],"picked":"PiercingWail+1","floor":18.0}],"player_experience":950656,"relics_obtained":[{"floor":6.0,"key":"Letter Opener"},{"floor":9.0,"key":"Oddly Smooth Stone"},{"floor":14.0,"key":"Dodecahedron"}],"event_choices":[{"damage_healed":0.0,"max_hp_gain":0.0,"max_hp_loss":0.0,"gold_gain":0.0,"cards_transformed":["Strike_G"],"event_name":"Transmorgrifier","player_choice":"Transformed","floor":3.0,"gold_loss":0.0,"damage_taken":0.0,"cards_obtained":["Skewer"]},{"damage_healed":0.0,"max_hp_gain":0.0,"max_hp_loss":6.0,"gold_gain":0.0,"event_name":"Golden Idol","player_choice":"Lose Max HP","floor":8.0,"gold_loss":0.0,"damage_taken":0.0,"relics_obtained":["Golden Idol"]},{"damage_healed":0.0,"max_hp_gain":0.0,"max_hp_loss":0.0,"gold_gain":50.0,"event_name":"Golden Shrine","player_choice":"Pray","floor":13.0,"gold_loss":0.0,"damage_taken":0.0},{"damage_healed":0,"gold_gain":0,"player_choice":"Ignored","damage_taken":0,"max_hp_gain":0,"max_hp_loss":0,"event_name":"The Mausoleum","floor":21,"gold_loss":0},{"damage_healed":0,"gold_gain":0,"player_choice":"Joined the Cult","damage_taken":6,"max_hp_gain":0,"max_hp_loss":0,"event_name":"Nest","floor":22,"gold_loss":0,"cards_obtained":["RitualDagger"]}],"is_beta":true,"boss_relics":[{"not_picked":["Empty Cage","Tiny House"],"picked":"Ring of the Serpent"}],"items_purged_floors":[20],"is_endless":false,"potions_floor_spawned":[2,7,10,11,14],"killed_by":"Gremlin Leader","ascension_level":20}