{"gold_per_floor":[13,30,49,66,85,117,135,161,188,188,200,126,136,168,168,268,268,286,286,296,296,315,341,356,391,415,428,229,229,125,135,135,235,235,252,305,305,55,55,55,69,101,128,142,142,159,194,213,213,213],"floor_reached":51,"playtime":2590,"items_purged":[],"score":823,"play_id":"b0a2a6a4-69bf-4e9f-b14f-81ec93e95e80","local_time":"20190514130630","is_ascension_mode":false,"campfire_choices":[{"data":"Bludgeon","floor":10,"key":"SMITH"},{"data":"Disarm","floor":15,"key":"SMITH"},{"data":"Limit Break","floor":29,"key":"SMITH"},{"floor":32,"key":"REST"},{"data":"Uppercut","floor":40,"key":"SMITH"},{"floor":45,"key":"REST"},{"floor":49,"key":"REST"}],"neow_cost":"NO_GOLD","seed_source_timestamp":892405990583100,"circlet_count":0,"master_deck":["Strike_R","Strike_R","Strike_R","Strike_R","Strike_R","Defend_R","Defend_R","Defend_R","Defend_R","Bash","Bludgeon+1","Anger","Uppercut+1","Disarm+1","Perfected Strike","Pommel Strike","Anger","Flame Barrier","Clothesline","Power Through","True Grit","Offering","Immolate","Fire Breathing+1","J.A.X.","Feel No Pain+1","Headbutt","Intimidate","Limit Break+1","Corruption+1","Shrug It Off","Metallicize+1","Exhume","Flame Barrier","Spot Weakness+1","Cleave+1","Spot Weakness+1","Feel No Pain+1","Warcry+1","Battle Trance","Intimidate+1"],"relics":["Burning Blood","Blue Candle","Frozen Egg 2","Ancient Tea Set","Oddly Smooth Stone","White Beast Statue","Strawberry","Lantern","PreservedInsect","Happy Flower","Busted Crown","Magic Flower","Meat on the Bone","Pantograph","Pen Nib","Dream Catcher","Red Skull"],"potions_floor_usage":[8,23,23,23,25,27,33,33,33,36,36,42,44,47,48,50,50,50],"damage_taken":[{"damage":0,"enemies":"Cultist","floor":1,"turns":2},{"damage":1,"enemies":"Jaw Worm","floor":2,"turns":3},{"damage":0,"enemies":"2 Louse","floor":3,"turns":2},{"damage":16,"enemies":"Exordium Thugs","floor":4,"turns":5},{"damage":10,"enemies":"Looter","floor":5,"turns":2},{"damage":3,"enemies":"Gremlin Nob","floor":6,"turns":3},{"damage":6,"enemies":"Exordium Wildlife","floor":7,"turns":3},{"damage":13,"enemies":"Lagavulin","floor":8,"turns":6},{"damage":0,"enemies":"Blue Slaver","floor":11,"turns":1},{"damage":0,"enemies":"2 Fungi Beasts","floor":13,"turns":4},{"damage":10,"enemies":"Gremlin Nob","floor":14,"turns":4},{"damage":38,"enemies":"The Guardian","floor":16,"turns":10},{"damage":6,"enemies":"Chosen","floor":18,"turns":4},{"damage":3,"enemies":"Shell Parasite","floor":20,"turns":9},{"damage":16,"enemies":"Centurion and Healer","floor":22,"turns":5},{"damage":8,"enemies":"Slavers","floor":23,"turns":6},{"damage":9,"enemies":"Snake Plant","floor":24,"turns":5},{"damage":31,"enemies":"Gremlin Leader","floor":25,"turns":6},{"damage":19,"enemies":"3 Cultists","floor":27,"turns":5},{"damage":3,"enemies":"Chosen and Byrds","floor":31,"turns":4},{"damage":35,"enemies":"Collector","floor":33,"turns":9},{"damage":17,"enemies":"Orb Walker","floor":35,"turns":5},{"damage":31,"enemies":"2 Orb Walkers","floor":36,"turns":5},{"damage":14,"enemies":"3 Shapes","floor":41,"turns":5},{"damage":53,"enemies":"Reptomancer","floor":42,"turns":4},{"damage":31,"enemies":"3 Darklings","floor":44,"turns":7},{"damage":12,"enemies":"Writhing Mass","floor":46,"turns":6},{"damage":15,"enemies":"Giant Head","floor":47,"turns":7},{"damage":22,"enemies":"Transient","floor":48,"turns":5},{"damage":71,"enemies":"Awakened One","floor":50,"turns":9}],"seed_played":"1248627289736872691","potions_obtained":[{"floor":1,"key":"Fire Potion"},{"floor":4,"key":"Poison Potion"},{"floor":5,"key":"AttackPotion"},{"floor":6,"key":"Fire Potion"},{"floor":11,"key":"FearPotion"},{"floor":18,"key":"Block Potion"},{"floor":23,"key":"Strength Potion"},{"floor":24,"key":"Ancient Potion"},{"floor":25,"key":"Weak Potion"},{"floor":27,"key":"PowerPotion"},{"floor":31,"key":"Regen Potion"},{"floor":33,"key":"Swift Potion"},{"floor":35,"key":"Poison Potion"},{"floor":36,"key":"LiquidBronze"},{"floor":41,"key":"PowerPotion"},{"floor":42,"key":"GamblersBrew"},{"floor":44,"key":"Energy Potion"},{"floor":46,"key":"FearPotion"},{"floor":47,"key":"GamblersBrew"},{"floor":48,"key":"EssenceOfSteel"}],"is_trial":false,"path_per_floor":["M","M","M","M","M","E","M","E","T","R","M","$","M","E","R","B",null,"M","?","M","?","M","E","M","E","T","M","$","R","$","M","R","B",null,"M","?","T","$","?","R","M","E","T","M","R","M","E","M","R","B",null],"character_chosen":"IRONCLAD","items_purchased":["Power Through","Happy Flower","Shrug It Off","Strength Potion","Dexterity Potion","Pantograph"],"campfire_rested":3,"item_purchase_floors":[12,28,28,30,30,38],"current_hp_per_floor":[80,80,80,70,66,69,69,62,62,62,68,68,74,70,70,38,80,80,80,80,80,70,75,72,47,47,34,34,34,34,37,63,49,87,76,51,51,51,51,51,64,38,38,34,60,57,69,56,82,43],"gold":213,"neow_bonus":"THREE_RARE_CARDS","is_prod":false,"is_daily":false,"chose_seed":false,"campfire_upgraded":4,"win_rate":1,"timestamp":1557864390,"path_taken":["M","M","M","M","M","E","?","E","T","R","M","?","M","E","R","BOSS","M","?","M","?","M","E","?","E","T","M","$","R","$","M","R","BOSS","M","?","?","$","?","R","M","E","T","M","R","?","E","M","R","BOSS"],"build_version":"2019-01-23","purchased_purges":0,"victory":true,"max_hp_per_floor":[80,80,80,80,80,80,80,80,80,80,80,80,80,80,80,80,80,80,80,80,80,80,87,87,87,87,87,87,87,87,87,87,87,87,87,87,87,87,87,87,87,87,87,87,87,87,87,87,87,87],"card_choices":[{"not_picked":["Barricade","Demon Form"],"picked":"Bludgeon","floor":0},{"not_picked":["Entrench","Pommel Strike"],"picked":"Anger","floor":1},{"not_picked":["Searing Blow","Power Through"],"picked":"Uppercut","floor":2},{"not_picked":["Shrug It Off","Carnage"],"picked":"Disarm","floor":3},{"not_picked":["Sentinel","Sword Boomerang"],"picked":"Perfected Strike","floor":4},{"not_picked":["Bloodletting","Body Slam"],"picked":"Pommel Strike","floor":5},{"not_picked":["Heavy Blade","Pummel"],"picked":"Anger","floor":6},{"not_picked":["Anger","Hemokinesis","Infernal Blade"],"picked":"SKIP","floor":7},{"not_picked":["Headbutt","Body Slam"],"picked":"Flame Barrier","floor":8},{"not_picked":["Body Slam","Sentinel"],"picked":"Clothesline","floor":11},{"not_picked":["Clothesline","Pummel"],"picked":"True Grit","floor":13},{"not_picked":["Infernal Blade","Cleave"],"picked":"Offering","floor":14},{"not_picked":["Limit Break","Juggernaut+1"],"picked":"Immolate","floor":16},{"not_picked":["Searing Blow","Rage"],"picked":"Fire Breathing+1","floor":18},{"not_picked":["Shrug It Off","Anger"],"picked":"Feel No Pain+1","floor":20},{"not_picked":["Wild Strike","Iron Wave"],"picked":"Blood for Blood","floor":22},{"not_picked":["Heavy Blade","Clothesline"],"picked":"Headbutt","floor":23},{"not_picked":["True Grit","Uppercut"],"picked":"Intimidate","floor":24},{"not_picked":["Combust+1","Blood for Blood"],"picked":"Limit Break","floor":25},{"not_picked":["Bloodletting","Twin Strike+1"],"picked":"Corruption+1","floor":27},{"not_picked":["Uppercut","Iron Wave"],"picked":"Metallicize+1","floor":31},{"not_picked":["Berserk+1","Reaper"],"picked":"Exhume","floor":33},{"not_picked":[],"picked":"Flame Barrier","floor":35},{"not_picked":[],"picked":"Spot Weakness+1","floor":36},{"not_picked":[],"picked":"Cleave+1","floor":41},{"not_picked":[],"picked":"Spot Weakness+1","floor":42},{"not_picked":["Entrench"],"picked":"SKIP","floor":44},{"not_picked":[],"picked":"Feel No Pain+1","floor":45},{"not_picked":[],"picked":"Warcry+1","floor":46},{"not_picked":[],"picked":"Battle Trance","floor":47},{"not_picked":["Pommel Strike"],"picked":"SKIP","floor":48},{"not_picked":[],"picked":"Intimidate+1","floor":49}],"player_experience":785653,"relics_obtained":[{"floor":6,"key":"Blue Candle"},{"floor":8,"key":"Frozen Egg 2"},{"floor":9,"key":"Ancient Tea Set"},{"floor":14,"key":"Oddly Smooth Stone"},{"floor":23,"key":"Strawberry"},{"floor":25,"key":"Lantern"},{"floor":26,"key":"PreservedInsect"},{"floor":36,"key":"Magic Flower"},{"floor":37,"key":"Meat on the Bone"},{"floor":42,"key":"Pen Nib"},{"floor":43,"key":"Dream Catcher"},{"floor":47,"key":"Red Skull"}],"event_choices":[{"damage_healed":0,"gold_gain":0,"player_choice":"Obtain J.A.X.","damage_taken":0,"max_hp_gain":0,"max_hp_loss":0,"event_name":"Drug Dealer","floor":19,"gold_loss":0,"cards_obtained":["J.A.X."]},{"damage_healed":0,"gold_gain":0,"player_choice":"Got Potions","damage_taken":0,"max_hp_gain":0,"max_hp_loss":0,"event_name":"Lab","floor":21,"gold_loss":0},{"damage_healed":0,"gold_gain":0,"player_choice":"Fight","damage_taken":0,"max_hp_gain":0,"max_hp_loss":0,"event_name":"Mysterious Sphere","floor":36,"gold_loss":0},{"cards_removed":["Blood for Blood"],"damage_healed":0,"gold_gain":0,"player_choice":"Removed Attack","damage_taken":0,"max_hp_gain":0,"max_hp_loss":0,"event_name":"Falling","floor":39,"gold_loss":0}],"is_beta":false,"boss_relics":[{"not_picked":["Orrery","Lizard Tail"],"picked":"White Beast Statue"},{"not_picked":["Philosopher\u0027s Stone","Fusion Hammer"],"picked":"Busted Crown"}],"items_purged_floors":[],"is_endless":false,"potions_floor_spawned":[1,4,5,6,11,18,20,22,23,24,25,27,31,33,35,36,41,42,44,46,47,48],"ascension_level":0}