{"gold_per_floor":[115,130,130,20,20,46,121,121,194,194,194,19,19,34,34,133,133,149,74,84,0,18,49,49,62,85,85,116,36,51,62,62,158,158,168,181,181,56,456,488,488,508,508,508,11,11,11,43,43,43],"floor_reached":51,"playtime":2684,"items_purged":["Strike_B","Defend_B","Strike_B"],"score":1052,"play_id":"bbab80ba-b40b-4f3c-8192-c8b68490f524","local_time":"20190426122944","is_ascension_mode":true,"campfire_choices":[{"data":"Zap","floor":8,"key":"SMITH"},{"data":"Self Repair","floor":10,"key":"SMITH"},{"data":"FTL","floor":13,"key":"SMITH"},{"floor":15,"key":"REST"},{"data":"Coolheaded","floor":24,"key":"SMITH"},{"data":"Sweeping Beam","floor":32,"key":"SMITH"},{"data":"Echo Form","floor":41,"key":"SMITH"},{"data":"Doom and Gloom","floor":44,"key":"SMITH"},{"data":"Self Repair","floor":46,"key":"SMITH"},{"data":"Dualcast","floor":49,"key":"SMITH"}],"neow_cost":"NONE","seed_source_timestamp":474254440881843,"circlet_count":0,"master_deck":["Defend_B","Defend_B+1","Defend_B","Zap+1","Dualcast+1","Ball Lightning+1","Defragment+1","Self Repair+1","FTL+1","Rebound+1","Go for the Eyes+1","Coolheaded+1","Undo","Doom and Gloom+1","Self Repair+1","Compile Driver+1","Glacier+1","Reinforced Body+1","Sweeping Beam+1","Echo Form+1","Steam+1","Recycle+1","Reprogram+1"],"relics":["Cracked Core","Ornamental Fan","The Courier","Omamori","Cursed Key","Juzu Bracelet","Oddly Smooth Stone","Nilry\u0027s Codex","Whetstone","Runic Pyramid","Art of War","Old Coin","PreservedInsect","Mercury Hourglass","Membership Card","Thread and Needle","Dodecahedron","Happy Flower","Blood Vial"],"potions_floor_usage":[16,23,25,28,33,50],"damage_taken":[{"damage":7,"enemies":"Jaw Worm","floor":1,"turns":3},{"damage":0,"enemies":"2 Louse","floor":2,"turns":2},{"damage":25,"enemies":"Lagavulin","floor":6,"turns":6},{"damage":0,"enemies":"Small Slimes","floor":14,"turns":2},{"damage":0,"enemies":"Slime Boss","floor":16,"turns":6},{"damage":26,"enemies":"2 Thieves","floor":18,"turns":3},{"damage":0,"enemies":"Chosen","floor":20,"turns":3},{"damage":8,"enemies":"3 Cultists","floor":22,"turns":5},{"damage":41,"enemies":"Slavers","floor":23,"turns":4},{"damage":11,"enemies":"Centurion and Healer","floor":25,"turns":4},{"damage":27,"enemies":"Gremlin Leader","floor":28,"turns":6},{"damage":0,"enemies":"Snecko","floor":30,"turns":5},{"damage":4,"enemies":"Chosen and Byrds","floor":31,"turns":5},{"damage":17,"enemies":"Collector","floor":33,"turns":11},{"damage":6,"enemies":"3 Shapes","floor":35,"turns":4},{"damage":0,"enemies":"Orb Walker","floor":36,"turns":4},{"damage":0,"enemies":"Mind Bloom Boss Battle","floor":39,"turns":5},{"damage":1,"enemies":"Nemesis","floor":40,"turns":7},{"damage":0,"enemies":"Sphere and 2 Shapes","floor":42,"turns":5},{"damage":0,"enemies":"Reptomancer","floor":48,"turns":5},{"damage":0,"enemies":"Donu and Deca","floor":50,"turns":11}],"seed_played":"-8288695872240926636","potions_obtained":[{"floor":6,"key":"Swift Potion"},{"floor":14,"key":"Dexterity Potion"},{"floor":22,"key":"Ancient Potion"},{"floor":23,"key":"PowerPotion"},{"floor":25,"key":"FocusPotion"},{"floor":28,"key":"Block Potion"},{"floor":33,"key":"FearPotion"},{"floor":35,"key":"Weak Potion"},{"floor":39,"key":"FocusPotion"}],"is_trial":false,"path_per_floor":["M","M","?","$","?","E","?","R","T","R","?","$","R","M","R","B",null,"M","?","M","$","M","E","R","M","T","?","E","$","M","M","R","B",null,"M","M","?","$","?","E","R","M","T","R","$","R","$","E","R","B",null],"character_chosen":"DEFECT","items_purchased":["Self Repair","FTL","Omamori","Undo","Doom and Gloom","Art of War","Membership Card","Thread and Needle","Dodecahedron","Happy Flower"],"campfire_rested":1,"item_purchase_floors":[4,4,12,21,21,38,45,45,45,45],"current_hp_per_floor":[68,68,73,73,73,55,44,44,44,44,28,28,28,28,52,62,80,64,64,74,74,76,45,45,58,58,42,32,32,49,62,62,62,80,80,80,80,80,80,80,80,80,80,80,80,80,80,80,80,80],"gold":43,"neow_bonus":"REMOVE_CARD","is_prod":false,"is_daily":false,"chose_seed":false,"campfire_upgraded":9,"win_rate":0,"timestamp":1556278184,"path_taken":["M","M","?","$","?","E","?","R","T","R","?","$","R","M","R","BOSS","M","?","M","$","M","E","R","M","T","?","E","$","M","M","R","BOSS","M","M","?","$","?","E","R","M","T","R","$","R","$","E","R","BOSS"],"build_version":"2019-04-23","purchased_purges":3,"victory":true,"max_hp_per_floor":[75,75,80,80,80,80,80,80,80,80,80,80,80,80,80,80,80,80,80,80,80,80,80,80,80,80,80,80,80,80,80,80,80,80,80,80,80,80,80,80,80,80,80,80,80,80,80,80,80,80],"card_choices":[{"not_picked":["Go for the Eyes","Rebound"],"picked":"Ball Lightning","floor":1},{"not_picked":["Undo","Capacitor"],"picked":"Defragment","floor":2},{"not_picked":["Redo","Barrage"],"picked":"Rebound","floor":6},{"not_picked":["Sunder","Turbo","Redo"],"picked":"SKIP","floor":14},{"not_picked":["Blizzard","Melter+1"],"picked":"Go for the Eyes","floor":18},{"not_picked":["Compile Driver","Ball Lightning"],"picked":"Coolheaded","floor":20},{"not_picked":["Melter","Stack","Beam Cell"],"picked":"SKIP","floor":22},{"not_picked":["Rebound","Ball Lightning"],"picked":"Self Repair","floor":23},{"not_picked":["Static Discharge+1","Barrage"],"picked":"Compile Driver+1","floor":25},{"not_picked":["Leap","Hello World"],"picked":"Glacier+1","floor":28},{"not_picked":["Static Discharge+1","Chaos"],"picked":"Reinforced Body+1","floor":30},{"not_picked":["Creative AI","Loop"],"picked":"Sweeping Beam","floor":31},{"not_picked":["Seek","Buffer"],"picked":"Echo Form","floor":33},{"not_picked":["Sweeping Beam+1","Ball Lightning+1"],"picked":"Steam+1","floor":35},{"not_picked":["Heatsinks+1","Doom and Gloom+1","Hologram"],"picked":"SKIP","floor":36},{"not_picked":["Go for the Eyes+1","Turbo"],"picked":"Recycle+1","floor":39},{"not_picked":["Aggregate+1","Loop","Self Repair"],"picked":"SKIP","floor":40},{"not_picked":["Gash+1","Thunder Strike"],"picked":"Reprogram+1","floor":42},{"not_picked":["Stack","Sweeping Beam","Scrape+1"],"picked":"SKIP","floor":48}],"player_experience":46416,"relics_obtained":[{"floor":6,"key":"Ornamental Fan"},{"floor":9,"key":"The Courier"},{"floor":23,"key":"Juzu Bracelet"},{"floor":26,"key":"Oddly Smooth Stone"},{"floor":27,"key":"Nilry\u0027s Codex"},{"floor":28,"key":"Whetstone"},{"floor":39,"key":"Old Coin"},{"floor":40,"key":"PreservedInsect"},{"floor":43,"key":"Mercury Hourglass"},{"floor":48,"key":"Blood Vial"}],"event_choices":[{"damage_healed":0,"gold_gain":0,"player_choice":"Donut","damage_taken":0,"max_hp_gain":5,"max_hp_loss":0,"event_name":"Big Fish","floor":3,"gold_loss":0},{"damage_healed":0,"gold_gain":0,"player_choice":"Grow","damage_taken":0,"max_hp_gain":0,"max_hp_loss":0,"event_name":"Living Wall","floor":5,"gold_loss":0,"cards_upgraded":["Defragment"]},{"damage_healed":0,"gold_gain":75,"player_choice":"Gather Gold","damage_taken":11,"max_hp_gain":0,"max_hp_loss":0,"event_name":"World of Goop","floor":7,"gold_loss":0},{"damage_healed":0,"gold_gain":0,"player_choice":"Entered Light","damage_taken":16,"max_hp_gain":0,"max_hp_loss":0,"event_name":"Shining Light","floor":11,"gold_loss":0,"cards_upgraded":["Ball Lightning","Defend_B"]},{"cards_removed":["Strike_B"],"damage_healed":0,"gold_gain":0,"player_choice":"Gave Gold","damage_taken":0,"max_hp_gain":0,"max_hp_loss":0,"event_name":"Beggar","floor":19,"gold_loss":75},{"damage_healed":0,"gold_gain":0,"player_choice":"Obtained Book","damage_taken":16,"max_hp_gain":0,"max_hp_loss":0,"event_name":"Cursed Tome","floor":27,"gold_loss":0},{"damage_healed":0,"gold_gain":0,"player_choice":"Ignored","damage_taken":0,"max_hp_gain":0,"max_hp_loss":0,"event_name":"Mysterious Sphere","floor":37,"gold_loss":0},{"damage_healed":0,"gold_gain":0,"player_choice":"Fight","damage_taken":0,"max_hp_gain":0,"max_hp_loss":0,"event_name":"MindBloom","floor":39,"gold_loss":0}],"is_beta":true,"boss_relics":[{"not_picked":["Coffee Dripper","Sozu"],"picked":"Cursed Key"},{"not_picked":["Nuclear Battery","Inserter"],"picked":"Runic Pyramid"}],"items_purged_floors":[12,29,45],"is_endless":false,"potions_floor_spawned":[6,14,22,23,25,28,33,35,39,40],"ascension_level":4}