{"gold_per_floor":[119,130,143,143,163,163,188,188,188,203,203,222,222,257,257,358,358,370,370,388,388,402,402,402,430,430,115,126,46,57,74,74,74],"floor_reached":33,"playtime":2025,"items_purged":[],"score":335,"play_id":"98909b1d-8b9e-40ae-9641-53853c63f37c","local_time":"20180623035817","is_ascension_mode":true,"campfire_choices":[{"data":"Zap","floor":6,"key":"SMITH"},{"data":"Zap","floor":11,"key":"SMITH"},{"floor":13,"key":"REST"},{"floor":15,"key":"REST"},{"floor":23,"key":"REST"},{"floor":32,"key":"REST"}],"neow_cost":"NONE","seed_source_timestamp":107246395620932,"circlet_count":0,"master_deck":["Strike_B","Strike_B","Strike_B","Defend_B","Defend_B","Defend_B","Defend_B","Zap+1","Dualcast","Streamline","Sweeping Beam","Scrape","Sweeping Beam","Glacier","Rebound","Biased Cognition","Zap+1","Steam","Rebound","Leap","Echo Form","Skim","Glacier+1","Zap+1","Biased Cognition","Cold Snap+1","Beam Cell+1","FTL","Static Discharge+1","White Noise+1"],"special_seed":17705,"relics":["Cracked Core","Symbiotic Virus","Smiling Mask","Toolbox","Bottled Tornado","Philosopher\u0027s Stone","Emotion Chip","Bird Faced Urn","Orichalcum","Torii"],"potions_floor_usage":[7,16,20,33],"damage_taken":[{"damage":4,"enemies":"Jaw Worm","floor":1,"turns":3},{"damage":0,"enemies":"2 Louse","floor":2,"turns":2},{"damage":1,"enemies":"Cultist","floor":3,"turns":3},{"damage":1,"enemies":"2 Fungi Beasts","floor":5,"turns":2},{"damage":10,"enemies":"Lagavulin","floor":7,"turns":5},{"damage":0,"enemies":"Large Slime","floor":10,"turns":4},{"damage":5,"enemies":"Looter","floor":12,"turns":2},{"damage":18,"enemies":"3 Sentries","floor":14,"turns":4},{"damage":4,"enemies":"Slime Boss","floor":16,"turns":7},{"damage":0,"enemies":"Spheric Guardian","floor":18,"turns":3},{"damage":6,"enemies":"2 Thieves","floor":20,"turns":3},{"damage":32,"enemies":"Centurion and Healer","floor":22,"turns":5},{"damage":43,"enemies":"Book of Stabbing","floor":25,"turns":7},{"damage":11,"enemies":"Chosen and Byrds","floor":28,"turns":4},{"damage":16,"enemies":"Cultist and Chosen","floor":30,"turns":4},{"damage":7,"enemies":"Sentry and Sphere","floor":31,"turns":2},{"damage":55,"enemies":"Automaton","floor":33,"turns":6}],"seed_played":"-82604787771237248","potions_obtained":[{"floor":5,"key":"Explosive Potion"},{"floor":10,"key":"FairyPotion"},{"floor":12,"key":"GamblersBrew"},{"floor":14,"key":"Dexterity Potion"},{"floor":18,"key":"Fire Potion"},{"floor":22,"key":"Energy Potion"},{"floor":30,"key":"Energy Potion"}],"is_trial":false,"path_per_floor":["M","M","M","?","M","R","E","?","T","M","R","M","R","E","R","B",null,"M","?","M","?","M","R","T","E","T","$","M","$","M","M","R"],"character_chosen":"DEFECT","items_purchased":["Torii","FTL"],"campfire_rested":4,"item_purchase_floors":[27,29],"current_hp_per_floor":[71,71,70,67,66,66,56,56,56,56,56,51,73,55,75,71,75,75,75,69,69,37,59,59,16,16,16,9,9,7,6,28,0],"gold":74,"neow_bonus":"TRANSFORM_CARD","is_prod":false,"is_daily":false,"chose_seed":false,"campfire_upgraded":2,"win_rate":0,"timestamp":1529737097,"path_taken":["M","M","M","?","M","R","E","?","T","M","R","M","R","E","R","BOSS","M","?","M","?","M","R","?","E","T","$","M","$","M","M","R","BOSS"],"build_version":"2018-06-21v2","purchased_purges":0,"victory":false,"max_hp_per_floor":[75,75,75,75,75,75,75,75,75,75,75,75,75,75,75,75,75,75,75,75,75,75,75,75,75,75,75,75,75,75,75,75,75],"card_choices":[{"not_picked":["Turbo","Beam Cell"],"picked":"Sweeping Beam","floor":1},{"not_picked":["Reinforced Body","Gash"],"picked":"Scrape","floor":2},{"not_picked":["Stack","Rebound"],"picked":"Sweeping Beam","floor":3},{"not_picked":["Beam Cell","Cold Snap"],"picked":"Glacier","floor":5},{"not_picked":["Streamline","Coolheaded"],"picked":"Rebound","floor":7},{"not_picked":["Hello World","Stack"],"picked":"Steam","floor":10},{"not_picked":["Consume","Steam"],"picked":"Rebound","floor":12},{"not_picked":["Cold Snap","Multi-Cast"],"picked":"Leap","floor":14},{"not_picked":["Core Surge","Hyperbeam"],"picked":"Echo Form","floor":16},{"not_picked":["Blizzard+1","Steam Power"],"picked":"Skim","floor":18},{"not_picked":["Reinforced Body+1","Redo"],"picked":"Glacier+1","floor":20},{"not_picked":["Rebound","Ball Lightning"],"picked":"Biased Cognition","floor":22},{"not_picked":["Leap","Storm+1"],"picked":"Cold Snap+1","floor":25},{"not_picked":["Rip and Tear+1","Stack"],"picked":"Beam Cell+1","floor":28},{"not_picked":["Streamline+1","Melter"],"picked":"Static Discharge+1","floor":30},{"not_picked":["Go for the Eyes","Core Surge"],"picked":"White Noise+1","floor":31}],"player_experience":385395,"relics_obtained":[{"floor":7,"key":"Smiling Mask"},{"floor":9,"key":"Toolbox"},{"floor":14,"key":"Bottled Tornado"},{"floor":24,"key":"Emotion Chip"},{"floor":25,"key":"Bird Faced Urn"},{"floor":26,"key":"Orichalcum"}],"event_choices":[{"event_name":"Scrap Ooze","player_choice":"success","floor":4,"damage_taken":3},{"event_name":"Match and Keep!","player_choice":"2 cards matched","floor":8,"damage_taken":0},{"event_name":"Beggar","player_choice":"Ignored","floor":19,"damage_taken":0},{"event_name":"Duplicator","player_choice":"One dupe","floor":21,"damage_taken":0}],"boss_relics":[{"not_picked":["Black Star","Astrolabe"],"picked":"Philosopher\u0027s Stone"}],"items_purged_floors":[],"is_endless":false,"potions_floor_spawned":[5,10,12,14,18,22,28,30],"killed_by":"Automaton","ascension_level":4}