{"gold_per_floor":[109,129,199,199,68,88,118,135,135,169,169,202,212,242,242,339,339,356,372,372,99,116,116,116,215,240,272,292,167,167,184,184,184],"floor_reached":33,"playtime":1458,"items_purged":["Shame","Doubt"],"score":405,"play_id":"866f78e6-2692-4145-830f-ae20c7667399","local_time":"20190510080200","is_ascension_mode":true,"campfire_choices":[{"floor":15,"key":"REST"},{"data":"Body Slam","floor":23,"key":"SMITH"},{"data":"1","floor":30,"key":"LIFT"},{"data":"2","floor":32,"key":"LIFT"}],"neow_cost":"NONE","seed_source_timestamp":139994141752500,"circlet_count":0,"master_deck":["Strike_R+1","Strike_R+1","Strike_R+1","Strike_R+1","Defend_R+1","Defend_R+1","Defend_R+1","Defend_R+1","Bash","Thunderclap+1","Hemokinesis","Pummel","Shrug It Off","Jack Of All Trades","Metallicize","Cleave","Infernal Blade","Rampage","Metallicize","Shrug It Off+1","Dual Wield","Body Slam+1","Ghostly Armor","Sword Boomerang","Sword Boomerang"],"relics":["Burning Blood","Oddly Smooth Stone","Girya","Matryoshka","Whetstone","Anchor","Cursed Key","Bag of Preparation","Meat on the Bone","Vajra","Orichalcum","Happy Flower","Red Mask"],"potions_floor_usage":[10,12,14,27,28,33,33,33],"damage_taken":[{"damage":0,"enemies":"Small Slimes","floor":1,"turns":3},{"damage":0,"enemies":"2 Louse","floor":2,"turns":2},{"damage":9,"enemies":"Jaw Worm","floor":6,"turns":5},{"damage":33,"enemies":"Lagavulin","floor":7,"turns":8},{"damage":7,"enemies":"Gremlin Gang","floor":8,"turns":7},{"damage":3,"enemies":"Gremlin Nob","floor":10,"turns":2},{"damage":15,"enemies":"3 Sentries","floor":12,"turns":7},{"damage":3,"enemies":"Red Slaver","floor":13,"turns":3},{"damage":31,"enemies":"Lagavulin","floor":14,"turns":7},{"damage":29,"enemies":"The Guardian","floor":16,"turns":14},{"damage":18,"enemies":"Spheric Guardian","floor":18,"turns":4},{"damage":5,"enemies":"Shell Parasite","floor":19,"turns":6},{"damage":29,"enemies":"Snake Plant","floor":22,"turns":3},{"damage":2,"enemies":"Masked Bandits","floor":27,"turns":5},{"damage":5,"enemies":"Cultist and Chosen","floor":28,"turns":7},{"damage":0,"enemies":"Centurion and Healer","floor":31,"turns":3},{"damage":70,"enemies":"Collector","floor":33,"turns":7}],"seed_played":"-4202976224729856601","potions_obtained":[{"floor":2,"key":"Fire Potion"},{"floor":7,"key":"AttackPotion"},{"floor":8,"key":"SpeedPotion"},{"floor":13,"key":"PowerPotion"},{"floor":16,"key":"FearPotion"},{"floor":18,"key":"Fire Potion"},{"floor":27,"key":"Block Potion"},{"floor":31,"key":"BloodPotion"}],"is_trial":false,"path_per_floor":["M","M","?","?","$","M","E","M","T","E","?","E","M","E","R","B",null,"M","M","T","$","M","R","?","?","T","?","M","$","R","M","R","B"],"character_chosen":"IRONCLAD","items_purchased":["Shrug It Off","Jack Of All Trades","Body Slam","Vajra","Sword Boomerang"],"campfire_rested":1,"item_purchase_floors":[5,5,21,21,29],"current_hp_per_floor":[78,80,80,80,80,77,50,49,49,52,52,43,46,21,45,22,66,54,55,55,55,44,44,44,44,44,48,49,49,49,55,55,0],"gold":184,"neow_bonus":"RANDOM_COMMON_RELIC","is_prod":false,"is_daily":false,"chose_seed":false,"campfire_upgraded":1,"win_rate":0,"timestamp":1557489720,"path_taken":["M","M","?","?","$","M","E","M","T","E","?","E","?","E","R","BOSS","M","?","?","$","?","R","?","?","T","?","M","?","R","M","R","BOSS"],"build_version":"2019-01-23","purchased_purges":2,"victory":false,"max_hp_per_floor":[80,80,80,80,80,80,80,80,80,80,80,80,80,80,80,80,80,80,80,80,80,80,80,80,80,80,80,80,80,80,80,80,80],"card_choices":[{"not_picked":["Twin Strike","Clothesline"],"picked":"Thunderclap","floor":1},{"not_picked":["Iron Wave","Shockwave"],"picked":"Hemokinesis","floor":2},{"not_picked":["Burning Pact","Thunderclap","Havoc"],"picked":"SKIP","floor":6},{"not_picked":["Burning Pact","Perfected Strike"],"picked":"Metallicize","floor":7},{"not_picked":["Flex","Searing Blow"],"picked":"Cleave","floor":8},{"not_picked":["Sever Soul","Disarm"],"picked":"Infernal Blade","floor":10},{"not_picked":["Clash","Thunderclap","Carnage"],"picked":"SKIP","floor":12},{"not_picked":["Pummel","Dropkick"],"picked":"Rampage","floor":13},{"not_picked":["Iron Wave","Perfected Strike"],"picked":"Metallicize","floor":14},{"not_picked":["Clothesline+1","Carnage"],"picked":"Shrug It Off+1","floor":18},{"not_picked":["Sword Boomerang","True Grit"],"picked":"Dual Wield","floor":19},{"not_picked":["True Grit","Second Wind","Sentinel+1"],"picked":"SKIP","floor":22},{"not_picked":["Disarm","Carnage"],"picked":"Ghostly Armor","floor":27},{"not_picked":["Armaments","Feel No Pain+1","Thunderclap"],"picked":"SKIP","floor":28},{"not_picked":["Shrug It Off","Havoc"],"picked":"Sword Boomerang","floor":31}],"player_experience":171626,"relics_obtained":[{"floor":7,"key":"Girya"},{"floor":10,"key":"Matryoshka"},{"floor":12,"key":"Whetstone"},{"floor":14,"key":"Anchor"},{"floor":20,"key":"Bag of Preparation"},{"floor":20,"key":"Meat on the Bone"},{"floor":26,"key":"Orichalcum"},{"floor":26,"key":"Happy Flower"},{"floor":27,"key":"Red Mask"}],"event_choices":[{"damage_healed":0,"gold_gain":70,"player_choice":"Gained Gold","damage_taken":0,"max_hp_gain":0,"max_hp_loss":0,"event_name":"Golden Wing","floor":3,"gold_loss":0},{"damage_healed":0,"gold_gain":0,"cards_transformed":["Strike_R"],"player_choice":"Change","damage_taken":0,"max_hp_gain":0,"max_hp_loss":0,"event_name":"Living Wall","floor":4,"gold_loss":0,"cards_obtained":["Pummel"]},{"damage_healed":0,"gold_gain":0,"player_choice":"Ignored","damage_taken":0,"max_hp_gain":0,"max_hp_loss":0,"event_name":"Liars Game","floor":11,"gold_loss":0},{"damage_healed":0,"gold_gain":0,"player_choice":"Simplicity","damage_taken":0,"max_hp_gain":0,"max_hp_loss":0,"event_name":"Back to Basics","floor":24,"gold_loss":0,"cards_upgraded":["Strike_R","Strike_R","Strike_R","Defend_R","Defend_R","Defend_R","Defend_R"]},{"damage_healed":0,"gold_gain":99,"player_choice":"Stole From Cult","damage_taken":0,"max_hp_gain":0,"max_hp_loss":0,"event_name":"Nest","floor":25,"gold_loss":0},{"damage_healed":0,"gold_gain":0,"player_choice":"Fought Bandits","damage_taken":0,"max_hp_gain":0,"max_hp_loss":0,"event_name":"Masked Bandits","floor":27,"gold_loss":0}],"is_beta":false,"boss_relics":[{"not_picked":["Ectoplasm","Eternal Feather"],"picked":"Cursed Key"}],"items_purged_floors":[21,29],"is_endless":false,"potions_floor_spawned":[2,7,8,13,16,18,27,31],"killed_by":"Collector","ascension_level":7}