{"gold_per_floor":[111,111,36,57,76,76,109,125,125,400,109,134,152,187,187,187],"floor_reached":16,"playtime":582,"items_purged":["Injury","Regret"],"score":151,"play_id":"49caa5ad-b54c-40e9-a9f4-f7436a7b6863","local_time":"20190129221347","is_ascension_mode":true,"campfire_choices":[{"data":"Whirlwind","floor":6,"key":"SMITH"},{"floor":15,"key":"REST"}],"neow_cost":"PERCENT_DAMAGE","seed_source_timestamp":601953085557298,"circlet_count":0,"master_deck":["Strike_R","Strike_R+1","Strike_R","Strike_R+1","Strike_R","Defend_R","Defend_R","Defend_R","Defend_R","Bash","Shockwave","Whirlwind+1","Cleave","Armaments","Wild Strike","Apotheosis","Wild Strike","Battle Trance","Barricade","Impervious"],"relics":["Burning Blood","StoneCalendar","Golden Idol","Whetstone","Lantern","Kunai"],"potions_floor_usage":[7,14,14,14],"damage_taken":[{"damage":5,"enemies":"Small Slimes","floor":1,"turns":3},{"damage":2,"enemies":"Cultist","floor":4,"turns":4},{"damage":3,"enemies":"2 Louse","floor":5,"turns":3},{"damage":35,"enemies":"Lagavulin","floor":7,"turns":5},{"damage":9,"enemies":"Blue Slaver","floor":8,"turns":5},{"damage":16,"enemies":"Large Slime","floor":12,"turns":5},{"damage":13,"enemies":"Exordium Thugs","floor":13,"turns":3},{"damage":9,"enemies":"Gremlin Nob","floor":14,"turns":3},{"damage":31,"enemies":"The Guardian","floor":16,"turns":2}],"seed_played":"-2381617691376881398","potions_obtained":[{"floor":4,"key":"FearPotion"},{"floor":5,"key":"SpeedPotion"},{"floor":8,"key":"PowerPotion"},{"floor":13,"key":"Fire Potion"}],"is_trial":false,"path_per_floor":["M","?","$","M","M","R","E","M","T","?","$","M","M","E","R","B"],"character_chosen":"IRONCLAD","items_purchased":["Apotheosis","Wild Strike"],"campfire_rested":1,"item_purchase_floors":[11,11],"current_hp_per_floor":[52,52,52,56,59,59,30,27,27,27,27,17,10,7,31,0],"gold":187,"neow_bonus":"ONE_RARE_RELIC","is_prod":false,"is_daily":false,"chose_seed":false,"campfire_upgraded":1,"win_rate":0,"timestamp":1548810827,"path_taken":["M","?","$","M","M","R","E","M","T","?","$","?","M","E","R","BOSS"],"build_version":"2019-01-23","purchased_purges":2,"victory":false,"max_hp_per_floor":[80,80,80,80,80,80,80,80,80,80,80,80,80,80,80,80],"card_choices":[{"not_picked":["Warcry","Iron Wave"],"picked":"Shockwave","floor":1},{"not_picked":["Corruption","Ghostly Armor"],"picked":"Whirlwind","floor":4},{"not_picked":["Headbutt","Iron Wave"],"picked":"Cleave","floor":5},{"not_picked":["Cleave","Havoc"],"picked":"Armaments","floor":7},{"not_picked":["Body Slam","Clothesline"],"picked":"Wild Strike","floor":8},{"not_picked":["Heavy Blade","True Grit"],"picked":"Battle Trance","floor":12},{"not_picked":["Flex","Reckless Charge"],"picked":"Barricade","floor":13},{"not_picked":["Body Slam","Twin Strike"],"picked":"Impervious","floor":14}],"player_experience":681659,"relics_obtained":[{"floor":7,"key":"Whetstone"},{"floor":9,"key":"Lantern"},{"floor":14,"key":"Kunai"}],"event_choices":[{"damage_healed":0,"gold_gain":0,"player_choice":"Take Wound","damage_taken":0,"relics_obtained":["Golden Idol"],"max_hp_gain":0,"max_hp_loss":0,"event_name":"Golden Idol","floor":2,"gold_loss":0,"cards_obtained":["Injury"]},{"damage_healed":0,"gold_gain":275,"player_choice":"Desecrate","damage_taken":0,"max_hp_gain":0,"max_hp_loss":0,"event_name":"Golden Shrine","floor":10,"gold_loss":0,"cards_obtained":["Regret"]}],"is_beta":false,"boss_relics":[],"items_purged_floors":[3,11],"is_endless":false,"potions_floor_spawned":[4,5,8,13],"killed_by":"The Guardian","ascension_level":7}