{"gold_per_floor":[116,130,130,33,33,33,68,68,68,129,152,171,181,213,213,317,317,330,343,343,31,46,46,74,2,2,19,33,50,50,50],"floor_reached":31,"playtime":1002,"items_purged":["Regret","Strike_G"],"score":464,"play_id":"ee03aebc-58a9-4668-8d70-2a9011a93458","local_time":"20190330183121","is_ascension_mode":true,"campfire_choices":[{"data":"Poisoned Stab","floor":6,"key":"SMITH"},{"data":"Neutralize","floor":8,"key":"SMITH"},{"floor":15,"key":"REST"},{"data":"After Image","floor":23,"key":"SMITH"},{"floor":30,"key":"REST"}],"neow_cost":"NONE","seed_source_timestamp":843727417176615,"circlet_count":0,"master_deck":["AscendersBane","Defend_G","Defend_G","Defend_G","Defend_G","Defend_G","Strike_G","Strike_G","Strike_G","Strike_G","Survivor","Neutralize+1","Deadly Poison","Backflip","Poisoned Stab+1","Cloak And Dagger","Deadly Poison","Poisoned Stab","Deadly Poison","Heel Hook","Footwork","After Image+1","Acrobatics+1","Backstab","Escape Plan","Dodge and Roll","Burst"],"relics":["Ring of the Snake","NeowsBlessing","Smiling Mask","Turnip","Mercury Hourglass","Odd Mushroom","Ancient Tea Set","Busted Crown","Membership Card","Bag of Marbles","Singing Bowl"],"potions_floor_usage":[10,14,16,27],"damage_taken":[{"damage":0,"enemies":"Jaw Worm","floor":1,"turns":1},{"damage":0,"enemies":"Small Slimes","floor":2,"turns":1},{"damage":0,"enemies":"Lagavulin","floor":7,"turns":1},{"damage":14,"enemies":"Lagavulin Event","floor":10,"turns":7},{"damage":14,"enemies":"The Mushroom Lair","floor":11,"turns":4},{"damage":0,"enemies":"2 Louse","floor":12,"turns":2},{"damage":4,"enemies":"Looter","floor":13,"turns":3},{"damage":22,"enemies":"3 Sentries","floor":14,"turns":6},{"damage":5,"enemies":"The Guardian","floor":16,"turns":9},{"damage":0,"enemies":"Chosen","floor":18,"turns":4},{"damage":15,"enemies":"2 Thieves","floor":19,"turns":4},{"damage":1,"enemies":"Shelled Parasite and Fungi","floor":22,"turns":5},{"damage":27,"enemies":"Book of Stabbing","floor":24,"turns":7},{"damage":0,"enemies":"3 Cultists","floor":27,"turns":6},{"damage":13,"enemies":"Snake Plant","floor":28,"turns":4},{"damage":3,"enemies":"Sentry and Sphere","floor":29,"turns":5},{"damage":30,"enemies":"Slavers","floor":31,"turns":2}],"seed_played":"4936828587436307433","potions_obtained":[{"floor":7,"key":"Dexterity Potion"},{"floor":10,"key":"EssenceOfSteel"},{"floor":11,"key":"GamblersBrew"},{"floor":16,"key":"SteroidPotion"},{"floor":19,"key":"FearPotion"},{"floor":27,"key":"Ancient Potion"}],"is_trial":false,"path_per_floor":["M","M","?","$","?","R","E","R","T","?","?","M","M","E","R","B",null,"M","M","?","$","M","R","E","$","T","M","M","M","R","E"],"character_chosen":"THE_SILENT","items_purchased":["Poisoned Stab","Membership Card","Backstab","Escape Plan","Burst"],"campfire_rested":2,"item_purchase_floors":[4,21,21,21,25],"current_hp_per_floor":[63,63,63,63,63,63,63,63,63,49,35,35,31,9,30,25,59,59,44,44,44,43,43,16,16,16,18,7,6,28,0],"gold":50,"neow_bonus":"THREE_ENEMY_KILL","is_prod":false,"is_daily":false,"chose_seed":false,"campfire_upgraded":3,"win_rate":0,"timestamp":1553981481,"path_taken":["M","M","?","$","?","R","E","R","T","?","?","M","M","E","R","BOSS","M","M","?","$","M","R","E","$","T","M","M","M","R","E"],"build_version":"2019-01-23","purchased_purges":2,"victory":false,"max_hp_per_floor":[70,70,70,70,70,70,70,70,70,70,70,70,70,70,70,70,70,70,70,70,70,70,70,70,70,70,72,74,76,76,76],"card_choices":[{"not_picked":["Outmaneuver","Cloak And Dagger"],"picked":"Deadly Poison","floor":1},{"not_picked":["Terror","Dagger Throw"],"picked":"Backflip","floor":2},{"not_picked":["Underhanded Strike","Infinite Blades"],"picked":"Cloak And Dagger","floor":7},{"not_picked":["Expertise","Sucker Punch"],"picked":"Deadly Poison","floor":10},{"not_picked":["Flying Knee","Quick Slash"],"picked":"Poisoned Stab","floor":11},{"not_picked":["Underhanded Strike","Sucker Punch"],"picked":"Deadly Poison","floor":12},{"not_picked":["Infinite Blades","Outmaneuver"],"picked":"Heel Hook","floor":13},{"not_picked":["Prepared","Bane"],"picked":"Footwork","floor":14},{"not_picked":["Bullet Time","Storm of Steel"],"picked":"After Image","floor":16},{"not_picked":["Flechettes"],"picked":"SKIP","floor":18},{"not_picked":[],"picked":"Acrobatics+1","floor":19},{"not_picked":["Bane"],"picked":"SKIP","floor":22},{"not_picked":[],"picked":"Dodge and Roll","floor":24},{"not_picked":["Acrobatics"],"picked":"Singing Bowl","floor":27},{"not_picked":["Acrobatics"],"picked":"Singing Bowl","floor":28},{"not_picked":["Heel Hook"],"picked":"Singing Bowl","floor":29}],"player_experience":1012274,"relics_obtained":[{"floor":7,"key":"Turnip"},{"floor":11,"key":"Odd Mushroom"},{"floor":14,"key":"Ancient Tea Set"},{"floor":24,"key":"Bag of Marbles"},{"floor":26,"key":"Singing Bowl"}],"event_choices":[{"damage_healed":0,"gold_gain":0,"player_choice":"Box","damage_taken":0,"relics_obtained":["Smiling Mask"],"max_hp_gain":0,"max_hp_loss":0,"event_name":"Big Fish","floor":3,"gold_loss":0,"cards_obtained":["Regret"]},{"damage_healed":0,"gold_gain":0,"player_choice":"Leave","damage_taken":0,"max_hp_gain":0,"max_hp_loss":0,"event_name":"The Cleric","floor":5,"gold_loss":0},{"damage_healed":0,"gold_gain":30,"player_choice":"Searched \u00273\u0027 times","damage_taken":0,"relics_obtained":["Mercury Hourglass"],"max_hp_gain":0,"max_hp_loss":0,"event_name":"Dead Adventurer","floor":10,"gold_loss":0},{"damage_healed":0,"gold_gain":0,"player_choice":"Fought Mushrooms","damage_taken":0,"max_hp_gain":0,"max_hp_loss":0,"event_name":"Mushrooms","floor":11,"gold_loss":0},{"damage_healed":0,"gold_gain":0,"player_choice":"Ignored","damage_taken":0,"max_hp_gain":0,"max_hp_loss":0,"event_name":"Vampires","floor":20,"gold_loss":0}],"is_beta":false,"boss_relics":[{"not_picked":["Black Star","Calling Bell"],"picked":"Busted Crown"}],"items_purged_floors":[4,21],"is_endless":false,"potions_floor_spawned":[7,10,11,16,19,27,28],"killed_by":"Slavers","ascension_level":12}