{"gold_per_floor":[109,109,34,34,34,67,80,120,199,234,234,249,264,264,264,264],"floor_reached":16,"playtime":507,"items_purged":["Injury"],"score":157,"play_id":"85a1e184-569e-4cde-9f7b-d135a926d560","local_time":"20190430085614","is_ascension_mode":true,"campfire_choices":[{"floor":11,"key":"REST"},{"floor":15,"key":"REST"}],"neow_cost":"NONE","seed_source_timestamp":1585402406618200,"circlet_count":0,"master_deck":["Defend_G","Defend_G","Defend_G","Defend_G","Defend_G","Strike_G","Strike_G","Strike_G","Strike_G","Survivor","Neutralize+1","Acrobatics","Predator","All Out Attack","Underhanded Strike","Backflip","Flying Knee","Dodge and Roll","Sucker Punch","Dagger Throw"],"relics":["Ring of the Snake","NeowsBlessing","Golden Idol","Dream Catcher","Omamori","Blue Candle","Gremlin Horn"],"potions_floor_usage":[16],"damage_taken":[{"damage":0,"enemies":"2 Louse","floor":1,"turns":1},{"damage":0,"enemies":"Lagavulin","floor":6,"turns":1},{"damage":0,"enemies":"Small Slimes","floor":7,"turns":1},{"damage":15,"enemies":"3 Sentries","floor":8,"turns":7},{"damage":30,"enemies":"Lagavulin","floor":10,"turns":11},{"damage":0,"enemies":"Jaw Worm","floor":12,"turns":3},{"damage":9,"enemies":"Red Slaver","floor":13,"turns":3},{"damage":60,"enemies":"Slime Boss","floor":16,"turns":8}],"seed_played":"745237232953012737","potions_obtained":[{"floor":1,"key":"Block Potion"},{"floor":12,"key":"Energy Potion"},{"floor":13,"key":"FearPotion"}],"is_trial":false,"path_per_floor":["M","?","$","?","?","E","M","E","T","E","R","M","M","$","R","B"],"character_chosen":"THE_SILENT","items_purchased":[],"campfire_rested":2,"item_purchase_floors":[],"current_hp_per_floor":[70,70,70,70,70,70,70,55,55,25,46,46,37,37,58,0],"gold":264,"neow_bonus":"THREE_ENEMY_KILL","is_prod":false,"is_daily":false,"chose_seed":false,"campfire_upgraded":0,"win_rate":0,"timestamp":1556628974,"path_taken":["M","?","$","?","?","E","M","E","T","E","R","?","M","?","R","BOSS"],"build_version":"2019-01-23","purchased_purges":1,"victory":false,"max_hp_per_floor":[70,70,70,70,70,70,70,70,70,70,70,70,70,70,70,70],"card_choices":[{"not_picked":["Calculated Gamble","Underhanded Strike"],"picked":"Acrobatics","floor":1},{"not_picked":["Poisoned Stab","Sucker Punch"],"picked":"All Out Attack","floor":6},{"not_picked":["Slice","Sucker Punch"],"picked":"Underhanded Strike","floor":7},{"not_picked":["Flying Knee","Setup"],"picked":"Backflip","floor":8},{"not_picked":["Predator","Concentrate"],"picked":"Flying Knee","floor":10},{"not_picked":["Deadly Poison","Endless Agony"],"picked":"Dodge and Roll","floor":11},{"not_picked":["Dodge and Roll","Grand Finale","Flying Knee"],"picked":"SKIP","floor":12},{"not_picked":["Deflect","Catalyst"],"picked":"Sucker Punch","floor":13},{"not_picked":["Outmaneuver","Finisher"],"picked":"Dagger Throw","floor":15}],"player_experience":139033,"relics_obtained":[{"floor":6,"key":"Dream Catcher"},{"floor":8,"key":"Omamori"},{"floor":9,"key":"Blue Candle"},{"floor":10,"key":"Gremlin Horn"}],"event_choices":[{"damage_healed":0,"gold_gain":0,"player_choice":"Take Wound","damage_taken":0,"relics_obtained":["Golden Idol"],"max_hp_gain":0,"max_hp_loss":0,"event_name":"Golden Idol","floor":2,"gold_loss":0,"cards_obtained":["Injury"]},{"damage_healed":0,"gold_gain":0,"player_choice":"Grow","damage_taken":0,"max_hp_gain":0,"max_hp_loss":0,"event_name":"Living Wall","floor":4,"gold_loss":0,"cards_upgraded":["Neutralize"]},{"damage_healed":0,"gold_gain":0,"cards_transformed":["Strike_G"],"player_choice":"Transformed","damage_taken":0,"max_hp_gain":0,"max_hp_loss":0,"event_name":"Transmorgrifier","floor":5,"gold_loss":0,"cards_obtained":["Predator"]}],"is_beta":false,"boss_relics":[],"items_purged_floors":[3],"is_endless":false,"potions_floor_spawned":[1,12,13],"killed_by":"Slime Boss","ascension_level":2}