{"gold_per_floor":[218,234,9,9,9,27,55,55,80,80,110,127,141,153,153,249,249,261,276,58,58,58,58,58,58,58,58,70,81,81,92,92,193,193,207,221,221,221,267,301,301,329,353,369,369,399,145,160,160,160],"floor_reached":51,"playtime":1737,"items_purged":["Strike_R","Strike_R"],"score":981,"play_id":"69674781-8451-4d1f-8557-d8a1adacbee6","local_time":"20190127175622","is_ascension_mode":true,"campfire_choices":[{"data":"Whirlwind","floor":8,"key":"SMITH"},{"data":"Inflame","floor":10,"key":"SMITH"},{"data":"Demon Form","floor":15,"key":"SMITH"},{"data":"Flame Barrier","floor":23,"key":"SMITH"},{"data":"Clothesline","floor":25,"key":"SMITH"},{"data":"Heavy Blade","floor":30,"key":"SMITH"},{"floor":32,"key":"REST"},{"data":"Bash","floor":41,"key":"SMITH"},{"data":"Pummel","floor":45,"key":"SMITH"},{"data":"Defend_R","floor":49,"key":"SMITH"}],"neow_cost":"NONE","seed_source_timestamp":265825592756600,"circlet_count":0,"master_deck":["Strike_R","Strike_R+1","Strike_R","Defend_R+1","Defend_R","Defend_R+1","Defend_R","Bash+1","Sword Boomerang+1","Inflame+1","Immolate","Pummel+1","Whirlwind+1","Flame Barrier+1","Clothesline+1","Demon Form+1","Reaper+1","Heavy Blade+1","Evolve+1","Feed","Carnage+1","Pummel+1","Sword Boomerang+1","Carnage","Shrug It Off","Dual Wield+1"],"relics":["Burning Blood","Orichalcum","Juzu Bracelet","Calipers","Sozu","Bag of Marbles","Anchor","Paper Frog","Snecko Eye","Du-Vu Doll","Ancient Tea Set","Mummified Hand","Dream Catcher","Mercury Hourglass","Whetstone"],"potions_floor_usage":[12,28,33,40],"damage_taken":[{"damage":5,"enemies":"2 Louse","floor":1,"turns":3},{"damage":2,"enemies":"Jaw Worm","floor":2,"turns":3},{"damage":0,"enemies":"Small Slimes","floor":6,"turns":1},{"damage":17,"enemies":"3 Sentries","floor":7,"turns":5},{"damage":2,"enemies":"Gremlin Nob","floor":11,"turns":3},{"damage":7,"enemies":"Gremlin Gang","floor":12,"turns":3},{"damage":3,"enemies":"Blue Slaver","floor":13,"turns":3},{"damage":0,"enemies":"3 Louse","floor":14,"turns":1},{"damage":36,"enemies":"Hexaghost","floor":16,"turns":6},{"damage":18,"enemies":"2 Thieves","floor":18,"turns":3},{"damage":0,"enemies":"3 Byrds","floor":19,"turns":4},{"damage":8,"enemies":"Snecko","floor":28,"turns":3},{"damage":0,"enemies":"Centurion and Healer","floor":29,"turns":3},{"damage":2,"enemies":"Cultist and Chosen","floor":31,"turns":4},{"damage":91,"enemies":"Collector","floor":33,"turns":8},{"damage":4,"enemies":"Orb Walker","floor":35,"turns":3},{"damage":0,"enemies":"3 Shapes","floor":36,"turns":1},{"damage":0,"enemies":"2 Orb Walkers","floor":39,"turns":2},{"damage":0,"enemies":"Reptomancer","floor":40,"turns":2},{"damage":3,"enemies":"Giant Head","floor":42,"turns":5},{"damage":18,"enemies":"Maw","floor":44,"turns":6},{"damage":11,"enemies":"Nemesis","floor":46,"turns":3},{"damage":0,"enemies":"Transient","floor":48,"turns":5},{"damage":16,"enemies":"Time Eater","floor":50,"turns":4}],"seed_played":"7220213989050895826","potions_obtained":[{"floor":2,"key":"PowerPotion"},{"floor":11,"key":"SteroidPotion"},{"floor":12,"key":"BloodPotion"},{"floor":13,"key":"Fire Potion"}],"is_trial":false,"path_per_floor":["M","M","$","?","?","M","E","R","T","R","E","M","M","M","R","B",null,"M","M","$","?","?","R","?","R","T","?","M","M","R","M","R","B",null,"M","M","?","?","?","E","R","E","T","M","R","E","$","M","R","B",null],"character_chosen":"IRONCLAD","items_purchased":["Immolate","Pummel","Bag of Marbles","Whetstone"],"campfire_rested":1,"item_purchase_floors":[3,3,20,47],"current_hp_per_floor":[80,80,80,64,64,70,59,59,59,59,63,62,65,71,71,41,70,58,70,70,70,70,70,62,62,62,47,53,59,59,63,85,37,73,75,81,81,81,88,88,88,88,88,88,88,83,83,88,88,78],"gold":160,"neow_bonus":"HUNDRED_GOLD","is_prod":false,"is_daily":false,"chose_seed":false,"campfire_upgraded":9,"win_rate":0,"timestamp":1548608182,"path_taken":["M","M","$","?","?","M","E","R","T","R","E","M","M","M","R","BOSS","M","M","$","?","?","R","?","R","T","?","M","M","R","M","R","BOSS","M","M","?","?","?","E","R","E","T","M","R","E","$","M","R","BOSS"],"build_version":"2019-01-23","purchased_purges":2,"victory":true,"max_hp_per_floor":[80,80,80,80,80,80,80,80,80,80,80,80,80,80,80,80,80,80,80,80,80,80,80,80,80,80,85,85,85,85,85,85,85,85,85,85,85,85,88,88,88,88,88,88,88,88,88,88,88,88],"card_choices":[{"not_picked":["Havoc","Warcry"],"picked":"Sword Boomerang","floor":1},{"not_picked":["Twin Strike","Metallicize"],"picked":"Inflame","floor":2},{"not_picked":["Pommel Strike","Dual Wield"],"picked":"Whirlwind","floor":6},{"not_picked":["Dual Wield","Sword Boomerang","Flex"],"picked":"SKIP","floor":7},{"not_picked":["Reckless Charge","Intimidate"],"picked":"Flame Barrier","floor":11},{"not_picked":["Twin Strike","Reckless Charge"],"picked":"Clothesline","floor":12},{"not_picked":["Pommel Strike","Thunderclap","Cleave"],"picked":"SKIP","floor":13},{"not_picked":["Havoc","Clothesline"],"picked":"Demon Form","floor":14},{"not_picked":["Impervious","Fiend Fire"],"picked":"Reaper","floor":16},{"not_picked":["Perfected Strike","Wild Strike","Clash"],"picked":"SKIP","floor":18},{"not_picked":["Infernal Blade","Clash"],"picked":"Headbutt+1","floor":19},{"not_picked":["Whirlwind","Searing Blow"],"picked":"Heavy Blade","floor":28},{"not_picked":["Anger","Bloodletting"],"picked":"Evolve+1","floor":29},{"not_picked":["Armaments","Warcry","Clash"],"picked":"SKIP","floor":31},{"not_picked":["Impervious","Barricade"],"picked":"Feed","floor":33},{"not_picked":["Thunderclap+1","Wild Strike+1"],"picked":"Carnage+1","floor":35},{"not_picked":["Cleave","True Grit+1","Dropkick+1"],"picked":"SKIP","floor":36},{"not_picked":["Perfected Strike","Twin Strike+1"],"picked":"Pummel","floor":39},{"not_picked":["Twin Strike+1","Searing Blow"],"picked":"Sword Boomerang+1","floor":40},{"not_picked":["Anger+1","Shrug It Off"],"picked":"Carnage","floor":42},{"not_picked":["Combust+1","Sword Boomerang+1","Entrench"],"picked":"SKIP","floor":44},{"not_picked":["Fire Breathing","Sever Soul+1"],"picked":"Shrug It Off","floor":46},{"not_picked":["Immolate","Cleave+1"],"picked":"Dual Wield+1","floor":48}],"player_experience":402066,"relics_obtained":[{"floor":7,"key":"Orichalcum"},{"floor":9,"key":"Juzu Bracelet"},{"floor":11,"key":"Calipers"},{"floor":26,"key":"Paper Frog"},{"floor":39,"key":"Du-Vu Doll"},{"floor":40,"key":"Ancient Tea Set"},{"floor":42,"key":"Mummified Hand"},{"floor":43,"key":"Dream Catcher"},{"floor":46,"key":"Mercury Hourglass"}],"event_choices":[{"damage_healed":0,"gold_gain":0,"player_choice":"Entered Light","damage_taken":16,"max_hp_gain":0,"max_hp_loss":0,"event_name":"Shining Light","floor":4,"gold_loss":0,"cards_upgraded":["Defend_R","Strike_R"]},{"damage_healed":0,"gold_gain":0,"player_choice":"Grow","damage_taken":0,"max_hp_gain":0,"max_hp_loss":0,"event_name":"Living Wall","floor":5,"gold_loss":0,"cards_upgraded":["Sword Boomerang"]},{"damage_healed":0,"gold_gain":0,"player_choice":"Stole Relic","damage_taken":0,"relics_obtained":["Anchor"],"max_hp_gain":0,"max_hp_loss":0,"event_name":"Addict","floor":21,"gold_loss":0,"cards_obtained":["Shame"]},{"damage_healed":0,"gold_gain":0,"player_choice":"Ignored","damage_taken":0,"max_hp_gain":0,"max_hp_loss":0,"event_name":"Ghosts","floor":22,"gold_loss":0},{"damage_healed":0,"gold_gain":0,"player_choice":"","damage_taken":8,"max_hp_gain":0,"max_hp_loss":0,"event_name":"Knowing Skull","floor":24,"potions_obtained":[],"gold_loss":0,"cards_obtained":[]},{"damage_healed":0,"gold_gain":0,"player_choice":"Shed Blood","damage_taken":20,"max_hp_gain":5,"max_hp_loss":0,"event_name":"Forgotten Altar","floor":27,"gold_loss":0},{"cards_removed":["Headbutt"],"damage_healed":0,"gold_gain":0,"player_choice":"Removed Attack","damage_taken":0,"max_hp_gain":0,"max_hp_loss":0,"event_name":"Falling","floor":37,"gold_loss":0},{"cards_removed":["Shame"],"damage_healed":0,"gold_gain":0,"player_choice":"Purged","damage_taken":0,"max_hp_gain":0,"max_hp_loss":0,"event_name":"Purifier","floor":38,"gold_loss":0},{"damage_healed":0,"gold_gain":0,"player_choice":"Fight","damage_taken":0,"max_hp_gain":0,"max_hp_loss":0,"event_name":"Mysterious Sphere","floor":39,"gold_loss":0}],"is_beta":false,"boss_relics":[{"not_picked":["Runic Pyramid","Black Star"],"picked":"Sozu"},{"not_picked":["Philosopher\u0027s Stone","Calling Bell"],"picked":"Snecko Eye"}],"items_purged_floors":[20,47],"is_endless":false,"potions_floor_spawned":[2,11,12,13,28,29,36,40,46,48],"ascension_level":5}