{"gold_per_floor":[114,114,139,152,170,170,245,284,308,347,362,150,150,150,150,246,246,264,284,22,37,37,37,62,78,126,126,142,142,142,167,167,238,238,253,265,265,285,298,298,327,343,389,190,207,226,226,241,241,241,241,241,241,14,48,48],"floor_reached":57,"playtime":4473,"items_purged":["Strike_G","Injury"],"score":2682,"play_id":"48ae37d5-6534-47ac-824a-cf881b71ca90","local_time":"20181116110533","is_ascension_mode":true,"campfire_choices":[{"data":"Neutralize","floor":6,"key":"SMITH"},{"data":"Noxious Fumes","floor":13,"key":"SMITH"},{"data":"Footwork","floor":15,"key":"SMITH"},{"data":"Malaise","floor":23,"key":"SMITH"},{"floor":27,"key":"REST"},{"data":"Crippling Poison","floor":30,"key":"SMITH"},{"data":"Footwork","floor":32,"key":"SMITH"},{"data":"A Thousand Cuts","floor":40,"key":"SMITH"},{"floor":47,"key":"RECALL"},{"data":"Well Laid Plans","floor":49,"key":"SMITH"},{"data":"Caltrops","floor":53,"key":"SMITH"}],"neow_cost":"NONE","seed_source_timestamp":138280657697668,"circlet_count":0,"master_deck":["AscendersBane","Defend_G+1","Defend_G+1","Defend_G+1","Defend_G+1","Defend_G+1","Strike_G+1","Strike_G+1","Strike_G+1","Survivor","Neutralize+1","Predator+1","Dash","Dagger Throw","Noxious Fumes+1","Footwork","Dash","Backflip","Footwork+1","PiercingWail","Malaise+1","PiercingWail","Crippling Poison+1","Blur","Cloak And Dagger","Cloak And Dagger","Dodge and Roll+1","Dodge and Roll+1","Footwork+1","Adrenaline+1","A Thousand Cuts+1","Dodge and Roll+1","PiercingWail+1","Noxious Fumes+1","Well Laid Plans+1","Cloak And Dagger","Caltrops+1","Dodge and Roll+1","Acrobatics+1"],"relics":["Ring of the Snake","Bloody Idol","Centennial Puzzle","Happy Flower","Art of War","Orrery","Letter Opener","Pear","Bronze Scales","Orichalcum","Cursed Key","Kunai","Bag of Marbles","War Paint"],"potions_floor_usage":[8,10,16,16,38,39,39,56,56],"damage_taken":[{"damage":0,"enemies":"2 Louse","floor":1,"turns":6},{"damage":1,"enemies":"Jaw Worm","floor":3,"turns":3},{"damage":0,"enemies":"Small Slimes","floor":4,"turns":4},{"damage":0,"enemies":"2 Fungi Beasts","floor":5,"turns":4},{"damage":10,"enemies":"3 Sentries","floor":8,"turns":9},{"damage":14,"enemies":"Gremlin Nob","floor":10,"turns":4},{"damage":7,"enemies":"Exordium Wildlife","floor":11,"turns":5},{"damage":9,"enemies":"Hexaghost","floor":16,"turns":11},{"damage":0,"enemies":"3 Byrds","floor":18,"turns":5},{"damage":5,"enemies":"Shell Parasite","floor":19,"turns":8},{"damage":1,"enemies":"Snake Plant","floor":21,"turns":7},{"damage":24,"enemies":"Book of Stabbing","floor":24,"turns":11},{"damage":12,"enemies":"Shelled Parasite and Fungi","floor":25,"turns":11},{"damage":4,"enemies":"Sentry and Sphere","floor":28,"turns":9},{"damage":16,"enemies":"Gremlin Leader","floor":31,"turns":9},{"damage":21,"enemies":"Automaton","floor":33,"turns":16},{"damage":0,"enemies":"3 Darklings","floor":35,"turns":6},{"damage":1,"enemies":"3 Shapes","floor":36,"turns":4},{"damage":8,"enemies":"Transient","floor":38,"turns":6},{"damage":1,"enemies":"Jaw Worm Horde","floor":39,"turns":4},{"damage":23,"enemies":"Reptomancer","floor":41,"turns":6},{"damage":0,"enemies":"4 Shapes","floor":42,"turns":6},{"damage":11,"enemies":"Spire Growth","floor":45,"turns":7},{"damage":5,"enemies":"Writhing Mass","floor":46,"turns":9},{"damage":0,"enemies":"4 Shapes","floor":48,"turns":4},{"damage":10,"enemies":"Donu and Deca","floor":50,"turns":12},{"damage":8,"enemies":"Time Eater","floor":51,"turns":15},{"damage":13,"enemies":"Shield and Spear","floor":55,"turns":7},{"damage":50,"enemies":"The Heart","floor":56,"turns":9}],"seed_played":"5056810874724317453","potions_obtained":[{"floor":1,"key":"FearPotion"},{"floor":4,"key":"SkillPotion"},{"floor":10,"key":"Swift Potion"},{"floor":11,"key":"SpeedPotion"},{"floor":18,"key":"SpeedPotion"},{"floor":21,"key":"Poison Potion"},{"floor":38,"key":"SpeedPotion"},{"floor":39,"key":"SteroidPotion"},{"floor":42,"key":"LiquidBronze"}],"is_trial":false,"path_per_floor":["M","?","M","M","M","R","?","E","T","E","M","$","R","?","R","B",null,"M","M","$","M","?","R","E","M","T","R","M","?","R","E","R","B",null,"M","M","?","M","M","R","E","M","T","$","M","M","R","M","R","B","B",null,"R","$","E","B",null],"character_chosen":"THE_SILENT","items_purchased":["Footwork","PiercingWail","Letter Opener","Well Laid Plans","Cloak And Dagger","Bag of Marbles","PowerPotion"],"campfire_rested":1,"item_purchase_floors":[12,12,20,44,44,54,54],"current_hp_per_floor":[59,59,58,58,58,58,47,37,37,23,16,16,16,16,16,7,47,47,42,42,41,41,41,32,25,30,51,52,52,52,41,41,25,59,64,68,66,63,66,66,48,53,58,58,52,52,52,57,57,47,39,59,59,59,51,1],"gold":48,"neow_bonus":"REMOVE_CARD","is_prod":false,"is_daily":false,"chose_seed":false,"campfire_upgraded":9,"win_rate":0,"timestamp":1542384333,"path_taken":["M","?","M","M","M","R","?","E","T","E","M","$","R","?","R","BOSS","M","M","$","M","?","R","E","M","T","R","M","?","R","E","R","BOSS","M","M","?","M","M","R","E","M","T","$","M","M","R","M","R","BOSS","BOSS","R","$","E","BOSS"],"build_version":"2018-11-15","purchased_purges":2,"victory":true,"max_hp_per_floor":[66,60,60,60,60,60,60,60,60,60,60,60,60,60,60,60,60,60,60,60,60,60,60,70,70,70,70,70,70,70,70,70,70,70,70,70,66,66,66,66,66,66,66,66,66,66,66,66,66,66,66,66,66,66,66,66],"card_choices":[{"not_picked":["Flechettes","Blur"],"picked":"Predator","floor":1},{"not_picked":["Heel Hook","Tactician"],"picked":"Dash","floor":3},{"not_picked":["Quick Slash","Sucker Punch"],"picked":"Dagger Throw","floor":4},{"not_picked":["Deflect","Blade Dance"],"picked":"Noxious Fumes","floor":5},{"not_picked":["Underhanded Strike","Distraction"],"picked":"Footwork","floor":8},{"not_picked":["Prepared","Poisoned Stab"],"picked":"Dash","floor":10},{"not_picked":["Poisoned Stab","Eviscerate"],"picked":"Backflip","floor":11},{"not_picked":["Tools of the Trade","Wraith Form v2"],"picked":"Malaise","floor":16},{"not_picked":["Poisoned Stab","Concentrate"],"picked":"PiercingWail","floor":17},{"not_picked":["Backflip","Dagger Spray"],"picked":"Crippling Poison","floor":17},{"not_picked":["Sucker Punch","Quick Slash"],"picked":"Blur","floor":17},{"not_picked":["Predator","Dagger Spray"],"picked":"Cloak And Dagger","floor":17},{"not_picked":["Setup","Prepared"],"picked":"Cloak And Dagger","floor":17},{"not_picked":["Crippling Poison","Quick Slash"],"picked":"Dodge and Roll","floor":18},{"not_picked":["PiercingWail","All Out Attack"],"picked":"Dodge and Roll+1","floor":19},{"not_picked":["Backflip","Dagger Spray","Dagger Throw"],"picked":"SKIP","floor":21},{"not_picked":["Slice","Eviscerate"],"picked":"Footwork","floor":24},{"not_picked":["Slice","Riddle With Holes","Catalyst"],"picked":"SKIP","floor":25},{"not_picked":["Eviscerate","Outmaneuver","Cloak And Dagger"],"picked":"SKIP","floor":28},{"not_picked":["Quick Slash","Endless Agony"],"picked":"Adrenaline","floor":31},{"not_picked":["Night Terror","Bullet Time"],"picked":"A Thousand Cuts","floor":33},{"not_picked":["Prepared","PiercingWail"],"picked":"Dodge and Roll+1","floor":35},{"not_picked":["Sucker Punch","Quick Slash","Blade Dance"],"picked":"SKIP","floor":36},{"not_picked":["Skewer","Cloak And Dagger","Masterful Stab"],"picked":"SKIP","floor":38},{"not_picked":["Dagger Spray","Underhanded Strike","Deflect+1"],"picked":"SKIP","floor":39},{"not_picked":["Underhanded Strike+1","Grand Finale"],"picked":"PiercingWail+1","floor":41},{"not_picked":["Dagger Throw","Predator+1"],"picked":"Noxious Fumes+1","floor":42},{"not_picked":["Deadly Poison","Choke","Poisoned Stab"],"picked":"SKIP","floor":45},{"not_picked":["Well Laid Plans","Predator"],"picked":"Caltrops","floor":46},{"not_picked":["Expertise","Poisoned Stab"],"picked":"Dodge and Roll+1","floor":48},{"not_picked":["Setup","Heel Hook"],"picked":"Acrobatics+1","floor":55}],"player_experience":970033,"relics_obtained":[{"floor":8,"key":"Centennial Puzzle"},{"floor":9,"key":"Happy Flower"},{"floor":10,"key":"Art of War"},{"floor":24,"key":"Pear"},{"floor":26,"key":"Bronze Scales"},{"floor":31,"key":"Orichalcum"},{"floor":41,"key":"Kunai"},{"floor":55,"key":"War Paint"}],"event_choices":[{"damage_healed":0,"gold_gain":0,"player_choice":"Lose Max HP","damage_taken":0,"relics_obtained":["Golden Idol"],"max_hp_gain":0,"max_hp_loss":6,"event_name":"Golden Idol","floor":2,"gold_loss":0},{"damage_healed":0,"gold_gain":75,"player_choice":"Gather Gold","damage_taken":11,"max_hp_gain":0,"max_hp_loss":0,"event_name":"World of Goop","floor":7,"gold_loss":0},{"damage_healed":0,"gold_gain":0,"player_choice":"Grow","damage_taken":0,"max_hp_gain":0,"max_hp_loss":0,"event_name":"Living Wall","floor":14,"gold_loss":0,"cards_upgraded":["Predator"]},{"damage_healed":0,"gold_gain":0,"player_choice":"Gave Idol","damage_taken":0,"relics_obtained":["Bloody Idol"],"max_hp_gain":0,"max_hp_loss":0,"event_name":"Forgotten Altar","floor":22,"relics_lost":["Golden Idol"],"gold_loss":0},{"damage_healed":0,"gold_gain":0,"player_choice":"Simplicity","damage_taken":0,"max_hp_gain":0,"max_hp_loss":0,"event_name":"Back to Basics","floor":29,"gold_loss":0,"cards_upgraded":["Defend_G","Defend_G","Defend_G","Defend_G","Defend_G","Strike_G","Strike_G","Strike_G"]},{"damage_healed":0,"gold_gain":0,"player_choice":"Max HP","damage_taken":0,"max_hp_gain":0,"max_hp_loss":4,"event_name":"Winding Halls","floor":37,"gold_loss":0}],"is_beta":true,"boss_relics":[{"not_picked":["Empty Cage","Lizard Tail"],"picked":"Orrery"},{"not_picked":["Pandora\u0027s Box","Astrolabe"],"picked":"Cursed Key"}],"items_purged_floors":[12,44],"is_endless":false,"potions_floor_spawned":[1,4,10,11,18,21,38,39,42,46,48],"ascension_level":20}