{"gold_per_floor":[16,32,50,50,64,64,64,64,91,107,120,120,130,159,159,264,264,274,293,305,58,58,58,75,75,125,154,265,277,289,301,313,421,433,464,495,524,536],"floor_reached":38,"playtime":1491,"items_purged":[],"score":425,"play_id":"eaf73ba0-c06f-4801-850e-c36b8f0db0bb","local_time":"20190507125300","is_ascension_mode":false,"campfire_choices":[{"data":"Dagger Spray","floor":6,"key":"SMITH"},{"data":"Dagger Spray","floor":8,"key":"SMITH"},{"data":"vexMod:PrepareVictim","floor":12,"key":"SMITH"},{"data":"Backstab","floor":15,"key":"SMITH"},{"floor":25,"key":"REST"},{"floor":29,"key":"REST"}],"neow_cost":"NO_GOLD","seed_source_timestamp":2242140899394913,"circlet_count":0,"master_deck":["Defend_G+1","Defend_G","Defend_G","Defend_G","Defend_G","Strike_G","Strike_G+1","Strike_G","Strike_G","Survivor","Neutralize","Burst","Well Laid Plans","Dagger Spray+1","Dash","Dagger Spray+1","Cloak And Dagger","vexMod:PrepareVictim+1","Backstab+1","Grand Finale","Calculated Gamble","A Thousand Cuts","Deflect+1"],"relics":["Ring of the Snake","vexMod:GhostlyGear","hubris:ToyBattleship","Simple Rune","hubris:VirtuousBlindfold","hubris:DisguiseKit","vexMod:CursedBlade","MawBank","Nilry\u0027s Codex","Runic Pyramid"],"potions_floor_usage":[16,18,31],"damage_taken":[{"damage":0,"enemies":"Cultist","floor":1,"turns":5},{"damage":11,"enemies":"Small Slimes","floor":2,"turns":4},{"damage":0,"enemies":"2 Louse","floor":3,"turns":3},{"damage":0,"enemies":"Red Slaver","floor":5,"turns":4},{"damage":4,"enemies":"Large Slime","floor":10,"turns":6},{"damage":0,"enemies":"2 Fungi Beasts","floor":11,"turns":3},{"damage":0,"enemies":"Looter","floor":13,"turns":2},{"damage":10,"enemies":"Lagavulin","floor":14,"turns":8},{"damage":24,"enemies":"Fading Forest","floor":16,"turns":11},{"damage":6,"enemies":"Chosen","floor":18,"turns":3},{"damage":17,"enemies":"Spheric Guardian","floor":19,"turns":4},{"damage":11,"enemies":"Centurion and Healer","floor":20,"turns":6},{"damage":7,"enemies":"Cultist and Chosen","floor":24,"turns":6},{"damage":9,"enemies":"Sentry and Sphere","floor":27,"turns":4},{"damage":0,"enemies":"Nightmare","floor":31,"turns":1},{"damage":8,"enemies":"Champ","floor":33,"turns":7},{"damage":5,"enemies":"3 Shapes","floor":35,"turns":3},{"damage":3,"enemies":"Orb Walker","floor":36,"turns":3},{"damage":42,"enemies":"Maw","floor":37,"turns":8},{"damage":30,"enemies":"Sphere and 2 Shapes","floor":38,"turns":4}],"seed_played":"8188868959150335358","potions_obtained":[{"floor":2,"key":"AttackPotion"},{"floor":3,"key":"Swift Potion"},{"floor":5,"key":"EssenceOfSteel"},{"floor":16,"key":"Weak Potion"},{"floor":20,"key":"SmokeBomb"},{"floor":36,"key":"Energy Potion"}],"is_trial":false,"path_per_floor":["M","M","M","?","M","R","?","R","T","M","M","R","M","E","R","B",null,"M","M","M","$","?","?","M","R","T","M","?","R","$","NM","R_BF","B",null,"M","M","M","M"],"character_chosen":"THE_SILENT","items_purchased":["hubris:DisguiseKit"],"campfire_rested":2,"item_purchase_floors":[21],"current_hp_per_floor":[70,59,59,59,59,59,59,59,59,55,55,55,55,45,45,31,70,64,47,36,36,23,23,16,38,38,29,29,51,51,51,35,27,75,70,67,25,0],"gold":536,"neow_bonus":"THREE_RARE_CARDS","is_prod":false,"is_daily":false,"chose_seed":false,"campfire_upgraded":4,"win_rate":0,"timestamp":1557244380,"path_taken":["M","?","M","?","M","R","?","R","T","M","?","R","M","E","R","BOSS","M","M","M","$","?","?","M","R","T","M","?","R","?","NM","R_BF","BOSS","M","M","M","M"],"build_version":"2019-01-23","purchased_purges":0,"victory":false,"max_hp_per_floor":[70,70,70,70,70,70,70,70,70,70,70,70,70,70,70,70,70,70,70,70,70,75,75,75,75,75,75,75,75,75,75,75,75,75,75,75,75,75],"card_choices":[{"not_picked":["ReplayTheSpireMod:From All Sides","ReplayTheSpireMod:Necrosis"],"picked":"Burst","floor":0},{"not_picked":["Quick Slash","Flying Knee"],"picked":"Well Laid Plans","floor":1},{"not_picked":["ReplayTheSpireMod:Scrap Shanks","Dodge and Roll"],"picked":"Dagger Spray","floor":2},{"not_picked":["vexMod:ShadowStrike","Outmaneuver"],"picked":"Dash","floor":3},{"not_picked":["hubris:Counter","Underhanded Strike"],"picked":"Dagger Spray","floor":5},{"not_picked":["Dagger Spray","Toxin Wave"],"picked":"Cloak And Dagger","floor":10},{"not_picked":["Poisoned Stab","Outmaneuver"],"picked":"vexMod:PrepareVictim","floor":11},{"not_picked":["vexMod:ShadowStrike","Burst"],"picked":"Backstab","floor":13},{"not_picked":["Dagger Throw","Draining Mist","hubris:SlightOfHand"],"picked":"SKIP","floor":14},{"not_picked":["After Image","Atom Bomb"],"picked":"Grand Finale","floor":16},{"not_picked":["Skewer","Prepared"],"picked":"Calculated Gamble","floor":18},{"not_picked":["vexMod:ShieldSwipe","Slice","Underhanded Strike"],"picked":"SKIP","floor":19},{"not_picked":["PiercingWail","Concentrate","hubris:SlightOfHand"],"picked":"SKIP","floor":20},{"not_picked":["Sucker Punch","vexMod:ShieldSwipe","hubris:Sniper","Whirlwind"],"picked":"SKIP","floor":24},{"not_picked":["vexMod:ScaledPoison","PiercingWail","vexMod:PinpointKick","Clothesline"],"picked":"SKIP","floor":27},{"not_picked":["Die Die Die","Wraith Form v2","Berserk"],"picked":"A Thousand Cuts","floor":33},{"not_picked":["Tactician+1","Predator","Searing Blow"],"picked":"Deflect+1","floor":35},{"not_picked":["Calculated Gamble","Tactician","Hidden Blade","Clothesline"],"picked":"SKIP","floor":36},{"not_picked":["Infinite Blades","Deflect+1","Cloak And Dagger","Havoc"],"picked":"SKIP","floor":37}],"player_experience":1310904,"relics_obtained":[{"floor":4,"key":"vexMod:GhostlyGear"},{"floor":9,"key":"hubris:ToyBattleship"},{"floor":14,"key":"Simple Rune"},{"floor":23,"key":"vexMod:CursedBlade"},{"floor":26,"key":"MawBank"},{"floor":32,"key":"Nilry\u0027s Codex"}],"event_choices":[{"cards_removed":["Strike_G"],"damage_healed":0,"gold_gain":0,"player_choice":"Purged","damage_taken":0,"max_hp_gain":0,"max_hp_loss":0,"event_name":"Purifier","floor":7,"gold_loss":0},{"damage_healed":0,"gold_gain":0,"player_choice":"Shed Blood","damage_taken":18,"max_hp_gain":5,"max_hp_loss":0,"event_name":"Forgotten Altar","floor":22,"gold_loss":0},{"damage_healed":0,"gold_gain":99,"player_choice":"Stole From Cult","damage_taken":0,"max_hp_gain":0,"max_hp_loss":0,"event_name":"Nest","floor":28,"gold_loss":0},{"damage_healed":0,"gold_gain":0,"player_choice":"Obtained Book","damage_taken":16,"max_hp_gain":0,"max_hp_loss":0,"event_name":"Cursed Tome","floor":32,"gold_loss":0}],"is_beta":false,"boss_relics":[{"not_picked":["Painkiller Herb","Snecko Eye"],"picked":"hubris:VirtuousBlindfold"},{"not_picked":["HoveringKite","Replay:Bronze Core"],"picked":"Runic Pyramid"}],"items_purged_floors":[],"is_endless":false,"potions_floor_spawned":[2,3,5,16,20,24,31,36],"killed_by":"Sphere and 2 Shapes","ascension_level":0}