{"gold_per_floor":[112,125,137,87,87,122,122,142,142,156,156,156,168,168,168,168],"floor_reached":16,"playtime":1121,"items_purged":[],"score":158,"play_id":"184d29fc-3165-4101-ae6d-3958e3bc2ead","local_time":"20190314232410","is_ascension_mode":true,"campfire_choices":[{"floor":7,"key":"REST"},{"floor":12,"key":"REST"},{"data":"Gash","floor":15,"key":"SMITH"}],"neow_cost":"NONE","seed_source_timestamp":164695240660626,"circlet_count":0,"master_deck":["AscendersBane","Strike_B","Strike_B+1","Strike_B","Defend_B","Defend_B","Defend_B","Defend_B","Zap+1","Dualcast+1","Turbo","Sweeping Beam","Gash+1","Regret","Beam Cell+1","Gash+1","Scrape+1","Cold Snap+1"],"relics":["Cracked Core","Molten Egg 2","Du-Vu Doll","Meat on the Bone"],"potions_floor_usage":[6],"damage_taken":[{"damage":1,"enemies":"Cultist","floor":1,"turns":3},{"damage":0,"enemies":"2 Louse","floor":2,"turns":2},{"damage":0,"enemies":"Small Slimes","floor":3,"turns":2},{"damage":39,"enemies":"Lagavulin","floor":6,"turns":7},{"damage":1,"enemies":"2 Fungi Beasts","floor":8,"turns":3},{"damage":8,"enemies":"Looter","floor":10,"turns":2},{"damage":6,"enemies":"Exordium Thugs","floor":13,"turns":2},{"damage":45,"enemies":"The Guardian","floor":16,"turns":8}],"seed_played":"7399494233734466837","potions_obtained":[{"floor":3,"key":"SpeedPotion"},{"floor":8,"key":"FocusPotion"}],"is_trial":false,"path_per_floor":["M","M","M","?","?","E","R","M","T","M","?","R","M","T","R","B"],"character_chosen":"DEFECT","items_purchased":[],"campfire_rested":2,"item_purchase_floors":[],"current_hp_per_floor":[67,67,67,67,67,28,50,49,49,41,26,48,42,42,42,0],"gold":168,"neow_bonus":"UPGRADE_CARD","is_prod":false,"is_daily":false,"chose_seed":false,"campfire_upgraded":1,"win_rate":0,"timestamp":1552616650,"path_taken":["M","M","?","?","?","E","R","M","T","M","?","R","M","?","R","BOSS"],"build_version":"2019-01-23","purchased_purges":0,"victory":false,"max_hp_per_floor":[75,75,75,75,75,75,75,75,75,75,75,75,75,75,75,75],"card_choices":[{"not_picked":["Redo","Heatsinks"],"picked":"Turbo","floor":1},{"not_picked":["Cold Snap","Streamline"],"picked":"Sweeping Beam","floor":2},{"not_picked":["Cold Snap","Coolheaded"],"picked":"Gash","floor":3},{"not_picked":["Recycle","Auto Shields"],"picked":"Beam Cell+1","floor":6},{"not_picked":["Double Energy","Storm"],"picked":"Gash+1","floor":8},{"not_picked":["Streamline+1","Turbo"],"picked":"Scrape+1","floor":10},{"not_picked":["Ball Lightning+1","Reprogram"],"picked":"Cold Snap+1","floor":13}],"player_experience":964325,"relics_obtained":[{"floor":6,"key":"Du-Vu Doll"},{"floor":14,"key":"Meat on the Bone"}],"event_choices":[{"cards_removed":["Strike_B"],"damage_healed":0,"gold_gain":0,"player_choice":"Card Removal","damage_taken":0,"max_hp_gain":0,"max_hp_loss":0,"event_name":"The Cleric","floor":4,"gold_loss":50},{"damage_healed":0,"gold_gain":0,"player_choice":"Box","damage_taken":0,"relics_obtained":["Molten Egg 2"],"max_hp_gain":0,"max_hp_loss":0,"event_name":"Big Fish","floor":5,"gold_loss":0,"cards_obtained":["Regret"]},{"damage_healed":0,"gold_gain":0,"player_choice":"Entered Light","damage_taken":15,"max_hp_gain":0,"max_hp_loss":0,"event_name":"Shining Light","floor":11,"gold_loss":0,"cards_upgraded":["Strike_B","Dualcast"]}],"is_beta":false,"boss_relics":[],"items_purged_floors":[],"is_endless":false,"potions_floor_spawned":[3,8],"killed_by":"The Guardian","ascension_level":11}