{"gold_per_floor":[210,160,178,178,201,244,267,267,267,267,301,301,315,31,31,157,157,176,176,176,191,214,214,139,153,153,184,184,200,122,136,136,264,264,285,300,50,50,66,66,110,443,443,206,237,251,269,285,285,285],"floor_reached":51,"playtime":2468,"items_purged":["Strike_R"],"score":889,"play_id":"a02c1b76-4465-4570-8197-7640d33e542c","local_time":"20190514015544","is_ascension_mode":false,"campfire_choices":[{"data":"Carnage","floor":8.0,"key":"SMITH"},{"data":"Bash","floor":10.0,"key":"SMITH"},{"data":"Inflame","floor":15.0,"key":"SMITH"},{"data":"Rage","floor":23,"key":"SMITH"},{"data":"Limit Break","floor":32,"key":"SMITH"},{"data":"Offering","floor":40,"key":"SMITH"},{"data":"Disarm","floor":49,"key":"SMITH"}],"neow_cost":"NONE","seed_source_timestamp":852108290473600,"circlet_count":0,"master_deck":["Defend_R","Defend_R","Defend_R","Defend_R","Bash+1","Carnage+1","Headbutt","True Grit","True Grit","Rage+1","Inflame+1","Shrug It Off","Limit Break+1","Fiend Fire+1","Cleave+1","J.A.X.","Inflame+1","Clothesline+1","Flame Barrier","Immolate+1","Bite+1","Bite+1","Bite+1","Bite+1","Bite+1","Headbutt+1","Corruption+1","Anger+1","Offering+1","Feel No Pain+1","Shrug It Off+1","Feel No Pain+1","PanicButton","Disarm+1","Madness","Madness","Rage+1","Barricade+1","Metallicize+1","Shrug It Off","Pommel Strike+1","Enlightenment","Feel No Pain+1","Sentinel+1","Shrug It Off","Warcry+1"],"special_seed":0,"relics":["Black Blood","Gremlin Horn","Pocketwatch","Unceasing Top","Molten Egg 2","Frozen Egg 2","Darkstone Periapt","Bird Faced Urn","Coffee Dripper","Meat on the Bone","Sundial","PreservedInsect"],"potions_floor_usage":[25,27,33,50],"damage_taken":[{"damage":2.0,"enemies":"Small Slimes","floor":1.0,"turns":3.0},{"damage":3.0,"enemies":"2 Louse","floor":3.0,"turns":2.0},{"damage":4.0,"enemies":"Jaw Worm","floor":5.0,"turns":5.0},{"damage":6.0,"enemies":"Gremlin Nob","floor":6.0,"turns":3.0},{"damage":18.0,"enemies":"Large Slime","floor":7.0,"turns":5.0},{"damage":13.0,"enemies":"3 Sentries","floor":11.0,"turns":5.0},{"damage":4.0,"enemies":"Exordium Wildlife","floor":13.0,"turns":3.0},{"damage":6.0,"enemies":"Slime Boss","floor":16.0,"turns":7.0},{"damage":19,"enemies":"3 Byrds","floor":18,"turns":6},{"damage":14,"enemies":"Shell Parasite","floor":21,"turns":7},{"damage":15,"enemies":"Centurion and Healer","floor":22,"turns":7},{"damage":10,"enemies":"Snake Plant","floor":25,"turns":5},{"damage":28,"enemies":"Slavers","floor":27,"turns":4},{"damage":0,"enemies":"Snecko","floor":29,"turns":2},{"damage":26,"enemies":"Centurion and Healer","floor":31,"turns":7},{"damage":53,"enemies":"Collector","floor":33,"turns":8},{"damage":8,"enemies":"Orb Walker","floor":35,"turns":2},{"damage":9,"enemies":"3 Shapes","floor":36,"turns":2},{"damage":18,"enemies":"Writhing Mass","floor":39,"turns":4},{"damage":13,"enemies":"Nemesis","floor":41,"turns":7},{"damage":9,"enemies":"Giant Head","floor":45,"turns":8},{"damage":22,"enemies":"Spire Growth","floor":46,"turns":5},{"damage":15,"enemies":"3 Darklings","floor":47,"turns":5},{"damage":5,"enemies":"Sphere and 2 Shapes","floor":48,"turns":7},{"damage":32,"enemies":"Time Eater","floor":50,"turns":10}],"seed_played":"-6979502649596650557","potions_obtained":[{"floor":1.0,"key":"GamblersBrew"},{"floor":3.0,"key":"Explosive Potion"},{"floor":13.0,"key":"Ancient Potion"},{"floor":16.0,"key":"Dexterity Potion"},{"floor":21,"key":"Strength Potion"},{"floor":25,"key":"Strength Potion"},{"floor":27,"key":"Fire Potion"},{"floor":36,"key":"Regen Potion"},{"floor":39,"key":"EntropicBrew"}],"is_trial":false,"path_per_floor":["M","?","M","?","M","E","M","R","T","R","E","?","M","$","R","B",null,"M","?","?","M","M","R","?","M","T","E","?","M","$","M","R","B",null,"M","M","$","?","M","R","E","?","T","$","E","M","M","M","R","B",null],"character_chosen":"IRONCLAD","items_purchased":["Shrug It Off","Limit Break","Corruption+1","Feel No Pain+1","PanicButton","Disarm","Metallicize+1","Shrug It Off","Pommel Strike+1","Enlightenment"],"campfire_rested":0,"item_purchase_floors":[14,14,30,37,37,37,44,44,44,44],"current_hp_per_floor":[80,80,80,74,74,74,62,62,62,62,55,37,39,39,39,39,74,65,65,65,61,56,56,56,56,56,38,38,51,51,51,51,34,51,51,51,51,45,51,51,51,51,51,51,51,46,51,51,51,50],"gold":285,"neow_bonus":"HUNDRED_GOLD","is_prod":false,"is_daily":false,"chose_seed":false,"campfire_upgraded":7,"win_rate":1,"timestamp":1557824144,"path_taken":["M","?","M","?","M","E","M","R","T","R","E","?","M","$","R","BOSS","M","?","?","M","M","R","?","M","T","E","?","M","?","?","R","BOSS","M","M","$","?","M","R","E","?","T","?","E","M","?","M","R","BOSS"],"build_version":"2019-01-23","purchased_purges":1,"victory":true,"max_hp_per_floor":[80,80,80,74,74,74,74,74,74,74,74,74,74,74,74,74,74,74,74,74,74,74,74,74,74,74,74,51,51,51,51,51,51,51,51,51,51,51,51,51,51,51,51,51,51,51,51,51,51,51],"card_choices":[{"not_picked":["Heavy Blade","Entrench"],"picked":"Carnage","floor":1.0},{"not_picked":["Perfected Strike","Power Through"],"picked":"Headbutt","floor":3.0},{"not_picked":["Wild Strike","Hemokinesis","Perfected Strike"],"picked":"SKIP","floor":5.0},{"not_picked":["Rage","Second Wind"],"picked":"True Grit","floor":6.0},{"not_picked":["Thunderclap","Body Slam"],"picked":"True Grit","floor":7.0},{"not_picked":["Havoc","Hemokinesis"],"picked":"Rage","floor":11.0},{"not_picked":["Iron Wave+1","Headbutt+1"],"picked":"Inflame","floor":13.0},{"not_picked":["Juggernaut","Berserk"],"picked":"Fiend Fire+1","floor":16.0},{"not_picked":["Sword Boomerang+1","Heavy Blade+1"],"picked":"Cleave+1","floor":18},{"not_picked":["Clothesline+1","Flex+1"],"picked":"Inflame+1","floor":21},{"not_picked":["Reckless Charge+1","Sentinel"],"picked":"Clothesline+1","floor":22},{"not_picked":["Pommel Strike+1","Heavy Blade+1"],"picked":"Flame Barrier","floor":25},{"not_picked":["Corruption+1","Body Slam+1"],"picked":"Immolate+1","floor":27},{"not_picked":["Shrug It Off","Flex"],"picked":"Headbutt+1","floor":29},{"not_picked":["Perfected Strike+1","Wild Strike+1"],"picked":"Anger+1","floor":31},{"not_picked":["Limit Break","Demon Form+1"],"picked":"Offering","floor":33},{"not_picked":["Pommel Strike+1","Iron Wave+1"],"picked":"Feel No Pain+1","floor":35},{"not_picked":["Perfected Strike+1","Pommel Strike+1"],"picked":"Shrug It Off+1","floor":36},{"not_picked":["Twin Strike+1","Flex"],"picked":"Rage+1","floor":39},{"not_picked":["Iron Wave+1","Perfected Strike+1"],"picked":"Barricade+1","floor":41},{"not_picked":["Warcry","Hemokinesis+1"],"picked":"Feel No Pain+1","floor":45},{"not_picked":["Pummel+1","Clash+1"],"picked":"Sentinel+1","floor":46},{"not_picked":["Armaments+1","Corruption+1"],"picked":"Shrug It Off","floor":47},{"not_picked":["Evolve+1","Infernal Blade+1"],"picked":"Warcry+1","floor":48}],"player_experience":776818,"relics_obtained":[{"floor":6.0,"key":"Gremlin Horn"},{"floor":9.0,"key":"Pocketwatch"},{"floor":11.0,"key":"Unceasing Top"},{"floor":26,"key":"Darkstone Periapt"},{"floor":27,"key":"Bird Faced Urn"},{"floor":41,"key":"Meat on the Bone"},{"floor":43,"key":"Sundial"},{"floor":45,"key":"PreservedInsect"}],"event_choices":[{"cards_removed":["Strike_R"],"damage_healed":0.0,"max_hp_gain":0.0,"max_hp_loss":0.0,"gold_gain":0.0,"event_name":"The Cleric","player_choice":"Card Removal","floor":2.0,"gold_loss":50.0,"damage_taken":0.0},{"damage_healed":0.0,"max_hp_gain":0.0,"max_hp_loss":6.0,"gold_gain":0.0,"event_name":"Golden Idol","player_choice":"Lose Max HP","floor":4.0,"gold_loss":0.0,"damage_taken":0.0,"relics_obtained":["Golden Idol"]},{"damage_healed":0.0,"max_hp_gain":0.0,"max_hp_loss":0.0,"gold_gain":0.0,"event_name":"Scrap Ooze","player_choice":"Success","floor":12.0,"gold_loss":0.0,"damage_taken":18.0,"relics_obtained":["Molten Egg 2"]},{"damage_healed":0,"gold_gain":0,"player_choice":"Opened","damage_taken":0,"relics_obtained":["Frozen Egg 2"],"max_hp_gain":0,"max_hp_loss":0,"event_name":"The Mausoleum","floor":19,"gold_loss":0,"cards_obtained":["Writhe"]},{"damage_healed":0,"gold_gain":0,"player_choice":"Obtain J.A.X.","damage_taken":0,"max_hp_gain":0,"max_hp_loss":0,"event_name":"Drug Dealer","floor":20,"gold_loss":0,"cards_obtained":["J.A.X."]},{"cards_removed":["Writhe"],"damage_healed":0,"gold_gain":0,"player_choice":"Gave Gold","damage_taken":0,"max_hp_gain":0,"max_hp_loss":0,"event_name":"Beggar","floor":24,"gold_loss":75},{"damage_healed":0,"gold_gain":0,"player_choice":"Became a vampire","damage_taken":0,"max_hp_gain":0,"max_hp_loss":23,"event_name":"Vampires","floor":28,"gold_loss":0,"cards_obtained":["Bite","Bite","Bite","Bite","Bite"]},{"damage_healed":0,"gold_gain":0,"player_choice":"Embrace Madness","damage_taken":6,"max_hp_gain":0,"max_hp_loss":0,"event_name":"Winding Halls","floor":38,"gold_loss":0,"cards_obtained":["Madness","Madness"]},{"damage_healed":0,"gold_gain":333,"player_choice":"Gave Idol","damage_taken":0,"max_hp_gain":0,"max_hp_loss":0,"event_name":"The Moai Head","floor":42,"relics_lost":["Golden Idol"],"gold_loss":0}],"is_beta":false,"boss_relics":[{"not_picked":["Pandora\u0027s Box","Runic Cube"],"picked":"Black Blood"},{"not_picked":["Runic Pyramid","White Beast Statue"],"picked":"Coffee Dripper"}],"items_purged_floors":[14],"is_endless":false,"potions_floor_spawned":[1,3,13,16,21,25,27,36,39,41,47],"ascension_level":0}