{"gold_per_floor":[113,38,88,103,114,114,125,156,156,156,185,204,204,216,216,289,289,305,317,242,254,254,254,279,78,78,108,121,140,140,171,171,248,248,264,279,291,291,271,299,299,329,403,416,432,461,30,130,130,130,130,130,130,51,79,79],"floor_reached":56,"playtime":11422,"items_purged":["Strike_G","Eviscerate+1"],"score":1964,"play_id":"cb2e83bd-6cb3-4805-991c-4530e2b8cacf","local_time":"20190128213301","is_ascension_mode":true,"campfire_choices":[{"data":"Deadly Poison","floor":6,"key":"SMITH"},{"data":"Dagger Spray","floor":10,"key":"SMITH"},{"floor":13,"key":"REST"},{"data":"Caltrops","floor":15,"key":"SMITH"},{"data":"Poisoned Stab","floor":23,"key":"SMITH"},{"floor":30,"key":"REST"},{"floor":32,"key":"REST"},{"floor":41,"key":"REST"},{"floor":49,"key":"RECALL"},{"data":"After Image","floor":53,"key":"SMITH"}],"neow_cost":"NONE","seed_source_timestamp":617642544833528,"circlet_count":0,"master_deck":["AscendersBane","Survivor+1","Neutralize+1","Leg Sweep+1","Well Laid Plans","Deadly Poison+1","Dagger Spray+1","Dodge and Roll+1","Poisoned Stab+1","Caltrops+1","After Image+1","PiercingWail+1","Deadly Poison+1","Cloak And Dagger+1","Bullet Time+1","Bane","Dash+1","PiercingWail+1","Finisher","Night Terror+1","Concentrate+1","Malaise+1","Acrobatics+1","Leg Sweep+1","Well Laid Plans","Deflect+1","Deflect+1","Envenom+1","Footwork+1","Dodge and Roll+1","Crippling Poison+1","Prepared+1","Deadly Poison+1","Prepared+1"],"relics":["Ring of the Serpent","Blood Vial","Toxic Egg 2","Letter Opener","Torii","Snake Skull","Shuriken","Pear","Pen Nib","Pandora\u0027s Box","Frozen Egg 2","Blue Candle","Whetstone","Lee\u0027s Waffle","Tough Bandages","War Paint"],"potions_floor_usage":[27,33,42,55,56,56],"damage_taken":[{"damage":3,"enemies":"Small Slimes","floor":1,"turns":6},{"damage":0,"enemies":"Cultist","floor":4,"turns":4},{"damage":0,"enemies":"Jaw Worm","floor":5,"turns":6},{"damage":8,"enemies":"3 Louse","floor":7,"turns":5},{"damage":25,"enemies":"Gremlin Nob","floor":8,"turns":5},{"damage":20,"enemies":"Lagavulin","floor":11,"turns":7},{"damage":0,"enemies":"Lots of Slimes","floor":12,"turns":2},{"damage":7,"enemies":"Exordium Thugs","floor":14,"turns":4},{"damage":6,"enemies":"Hexaghost","floor":16,"turns":9},{"damage":5,"enemies":"3 Byrds","floor":18,"turns":5},{"damage":7,"enemies":"Chosen","floor":19,"turns":7},{"damage":10,"enemies":"Snecko","floor":21,"turns":6},{"damage":33,"enemies":"Book of Stabbing","floor":24,"turns":7},{"damage":32,"enemies":"Slavers","floor":27,"turns":5},{"damage":1,"enemies":"Shelled Parasite and Fungi","floor":28,"turns":8},{"damage":1,"enemies":"Snake Plant","floor":29,"turns":4},{"damage":15,"enemies":"Gremlin Leader","floor":31,"turns":7},{"damage":43,"enemies":"Champ","floor":33,"turns":15},{"damage":1,"enemies":"3 Shapes","floor":35,"turns":8},{"damage":0,"enemies":"3 Darklings","floor":36,"turns":6},{"damage":36,"enemies":"Transient","floor":37,"turns":6},{"damage":10,"enemies":"Reptomancer","floor":40,"turns":7},{"damage":34,"enemies":"Giant Head","floor":42,"turns":10},{"damage":10,"enemies":"Spire Growth","floor":44,"turns":9},{"damage":1,"enemies":"Writhing Mass","floor":45,"turns":10},{"damage":2,"enemies":"Reptomancer","floor":46,"turns":8},{"damage":0,"enemies":"Mind Bloom Boss Battle","floor":48,"turns":9},{"damage":3,"enemies":"Donu and Deca","floor":50,"turns":13},{"damage":4,"enemies":"Time Eater","floor":51,"turns":16},{"damage":59,"enemies":"Shield and Spear","floor":55,"turns":13},{"damage":47,"enemies":"The Heart","floor":56,"turns":3}],"seed_played":"-7016483645161315180","potions_obtained":[{"floor":4,"key":"Strength Potion"},{"floor":8,"key":"EssenceOfSteel"},{"floor":14,"key":"Fire Potion"},{"floor":29,"key":"SpeedPotion"},{"floor":37,"key":"GamblersBrew"},{"floor":44,"key":"Strength Potion"},{"floor":55,"key":"AttackPotion"}],"is_trial":false,"path_per_floor":["M","$","?","M","M","R","M","E","T","R","E","M","R","M","R","B",null,"M","M","$","M","?","R","E","$","T","E","M","M","R","E","R","B",null,"M","M","M","?","?","E","R","E","T","M","M","E","$","?","R","B","B",null,"R","$","E","B"],"character_chosen":"THE_SILENT","items_purchased":["Well Laid Plans","Snake Skull","Deadly Poison+1","Lee\u0027s Waffle","Footwork+1","Dodge and Roll+1","Prepared+1","Deadly Poison+1"],"campfire_rested":4,"item_purchase_floors":[2,25,25,47,47,47,54,54],"current_hp_per_floor":[56,56,56,56,56,56,48,23,23,23,5,7,26,21,21,17,54,51,46,46,38,66,66,33,33,33,13,14,15,37,24,46,5,58,59,61,27,27,27,19,41,9,9,1,2,2,83,83,83,80,78,82,82,82,24,0],"gold":79,"neow_bonus":"UPGRADE_CARD","is_prod":false,"is_daily":false,"chose_seed":false,"campfire_upgraded":5,"win_rate":0,"timestamp":1548729181,"path_taken":["M","$","?","M","M","R","M","E","T","R","E","M","R","M","R","BOSS","M","?","$","M","?","R","E","?","T","E","M","?","R","E","R","BOSS","M","M","M","?","?","E","R","E","T","?","?","E","$","?","R","BOSS","BOSS","R","$","E","BOSS"],"build_version":"2019-01-23","purchased_purges":2,"victory":false,"max_hp_per_floor":[66,66,66,66,66,66,66,66,66,66,66,66,66,66,66,66,66,66,66,66,66,66,66,66,66,66,76,76,76,76,76,76,76,76,76,76,76,76,76,76,76,76,76,76,76,76,83,83,83,83,83,83,83,83,83,83],"card_choices":[{"not_picked":["Underhanded Strike","Slice"],"picked":"Leg Sweep","floor":1},{"not_picked":["Blade Dance","Underhanded Strike","Dodge and Roll"],"picked":"SKIP","floor":4},{"not_picked":["Deflect","Dagger Throw"],"picked":"Deadly Poison","floor":5},{"not_picked":["Dagger Throw","Calculated Gamble"],"picked":"Dash","floor":7},{"not_picked":["Choke","Cloak And Dagger"],"picked":"Dagger Spray","floor":8},{"not_picked":["Skewer","Acrobatics+1"],"picked":"Dodge and Roll+1","floor":11},{"not_picked":["Blur+1","Die Die Die"],"picked":"Poisoned Stab","floor":12},{"not_picked":["Distraction+1","Blade Dance+1"],"picked":"Caltrops","floor":14},{"not_picked":["Bullet Time+1","Die Die Die"],"picked":"After Image","floor":16},{"not_picked":["Heel Hook+1","Dash","Slice"],"picked":"SKIP","floor":18},{"not_picked":["Sucker Punch","Dagger Throw","Poisoned Stab"],"picked":"SKIP","floor":19},{"not_picked":["Cloak And Dagger+1","Phantasmal Killer+1"],"picked":"PiercingWail+1","floor":21},{"not_picked":["Terror+1","Dagger Throw","Slice"],"picked":"SKIP","floor":24},{"not_picked":["Dash","Acrobatics+1","Blade Dance+1"],"picked":"SKIP","floor":27},{"not_picked":["Accuracy","Unload","Skewer"],"picked":"SKIP","floor":28},{"not_picked":["Sucker Punch","Poisoned Stab"],"picked":"Cloak And Dagger+1","floor":29},{"not_picked":["Masterful Stab","Skewer","Reflex+1"],"picked":"SKIP","floor":31},{"not_picked":["Unload","Storm of Steel+1"],"picked":"Bullet Time+1","floor":33},{"not_picked":["Finisher","Deadly Poison+1"],"picked":"Acrobatics+1","floor":35},{"not_picked":["Calculated Gamble+1","Skewer+1"],"picked":"Leg Sweep+1","floor":36},{"not_picked":["Blade Dance+1","Deadly Poison+1"],"picked":"Well Laid Plans","floor":37},{"not_picked":["Quick Slash","Dagger Throw+1"],"picked":"Deflect+1","floor":40},{"not_picked":["Tactician+1","Heel Hook+1"],"picked":"Deflect+1","floor":42},{"not_picked":["Poisoned Stab+1","Backstab","Outmaneuver+1"],"picked":"SKIP","floor":44},{"not_picked":["Dagger Spray","Deflect+1"],"picked":"Envenom+1","floor":45},{"not_picked":["Choke","Leg Sweep+1","Quick Slash"],"picked":"SKIP","floor":46},{"not_picked":["Choke","Leg Sweep+1","Quick Slash"],"picked":"SKIP","floor":46},{"not_picked":["Concentrate+1","Deadly Poison+1"],"picked":"Crippling Poison+1","floor":48},{"not_picked":["Dagger Throw+1","Eviscerate+1"],"picked":"Prepared+1","floor":55}],"player_experience":1130011,"relics_obtained":[{"floor":8,"key":"Blood Vial"},{"floor":9,"key":"Toxic Egg 2"},{"floor":11,"key":"Letter Opener"},{"floor":24,"key":"Torii"},{"floor":26,"key":"Shuriken"},{"floor":27,"key":"Pear"},{"floor":31,"key":"Pen Nib"},{"floor":40,"key":"Frozen Egg 2"},{"floor":42,"key":"Blue Candle"},{"floor":46,"key":"Whetstone"},{"floor":48,"key":"Tough Bandages"},{"floor":55,"key":"War Paint"}],"event_choices":[{"damage_healed":0,"gold_gain":50,"player_choice":"Pray","damage_taken":0,"max_hp_gain":0,"max_hp_loss":0,"event_name":"Golden Shrine","floor":3,"gold_loss":0},{"cards_removed":["Dash"],"damage_healed":28,"gold_gain":0,"player_choice":"Offered Uncommon","damage_taken":0,"max_hp_gain":0,"max_hp_loss":0,"event_name":"Bonfire Elementals","floor":22,"gold_loss":0},{"cards_removed":["Phantasmal Killer"],"damage_healed":0,"gold_gain":0,"player_choice":"Removed Skill","damage_taken":0,"max_hp_gain":0,"max_hp_loss":0,"event_name":"Falling","floor":38,"gold_loss":0},{"damage_healed":0,"gold_gain":0,"player_choice":"Bought 1 Potion","damage_taken":0,"max_hp_gain":0,"max_hp_loss":0,"event_name":"The Woman in Blue","floor":39,"gold_loss":0},{"damage_healed":0,"gold_gain":0,"player_choice":"Fight","damage_taken":0,"max_hp_gain":0,"max_hp_loss":0,"event_name":"MindBloom","floor":48,"gold_loss":0}],"is_beta":false,"boss_relics":[{"not_picked":["HoveringKite","Tiny House"],"picked":"Ring of the Serpent"},{"not_picked":["Black Star","Calling Bell"],"picked":"Pandora\u0027s Box"}],"items_purged_floors":[20,47],"is_endless":false,"potions_floor_spawned":[4,8,14,21,29,31,37,40,44,46,55],"killed_by":"The Heart","ascension_level":20}