{"path_per_floor":["M","M","?","M","M","E","R","E","T","?","R","?","M","M","R"],"character_chosen":"DEFECT","items_purchased":[],"gold_per_floor":[110,127,127,144,160,190,190,224,303,303,303,303,318,328,328,328],"floor_reached":16,"campfire_rested":3,"playtime":938,"item_purchase_floors":[],"current_hp_per_floor":[72,72,72,70,64,32,54,17,17,17,39,39,29,5,27,0],"items_purged":[],"gold":328,"score":112,"play_id":"783e6d9d-dfdd-47b4-8e68-9f1f717e0a16","local_time":"20180526025840","is_prod":false,"is_daily":false,"chose_seed":false,"is_ascension_mode":false,"campfire_upgraded":0,"win_rate":0.0,"timestamp":1527314320,"campfire_choices":[{"floor":7,"key":"REST"},{"floor":11,"key":"REST"},{"floor":15,"key":"REST"}],"path_taken":["M","M","?","?","M","E","R","E","T","?","R","?","M","M","R","BOSS"],"build_version":"2018-05-24","seed_source_timestamp":447075416785538,"purchased_purges":0,"victory":false,"master_deck":["Strike_B","Strike_B","Strike_B","Strike_B","Defend_B","Defend_B","Defend_B+1","Defend_B+1","Zap+1","Dualcast","Sweeping Beam","Barrage","Regret","Genetic Algorithm","Compile Driver","Sweeping Beam","Steam","Multi-Cast","Mind Blast","Lockon","Sunder","Sweeping Beam"],"max_hp_per_floor":[75,75,75,75,75,75,75,75,75,75,75,75,75,75,75,75],"relics":["Cracked Core","War Paint","Bird Faced Urn","Bronze Scales","Centennial Puzzle"],"card_choices":[{"not_picked":["Steam","BootSequence"],"picked":"Sweeping Beam","floor":1},{"not_picked":["Recycle","Leap"],"picked":"Barrage","floor":2},{"not_picked":["Rebound","Capacitor"],"picked":"Genetic Algorithm","floor":4},{"not_picked":["Coolheaded","Rebound"],"picked":"Compile Driver","floor":5},{"not_picked":["Recycle","Redo"],"picked":"Sweeping Beam","floor":6},{"not_picked":["Glacier","Steam Power"],"picked":"Steam","floor":8},{"not_picked":["Buffer","Beam Cell"],"picked":"Sunder","floor":13},{"not_picked":["Turbo","Defragment"],"picked":"Sweeping Beam","floor":14}],"player_experience":25764,"potions_floor_usage":[5,6,13],"damage_taken":[{"damage":3,"enemies":"Jaw Worm","floor":1,"turns":3},{"damage":0,"enemies":"2 Louse","floor":2,"turns":2},{"damage":2,"enemies":"Cultist","floor":4,"turns":3},{"damage":6,"enemies":"Looter","floor":5,"turns":3},{"damage":32,"enemies":"3 Sentries","floor":6,"turns":7},{"damage":37,"enemies":"Gremlin Nob","floor":8,"turns":4},{"damage":10,"enemies":"Lots of Slimes","floor":13,"turns":2},{"damage":24,"enemies":"Exordium Thugs","floor":14,"turns":3},{"damage":29,"enemies":"The Guardian","floor":16,"turns":7}],"relics_obtained":[{"floor":6,"key":"Bird Faced Urn"},{"floor":8,"key":"Bronze Scales"},{"floor":9,"key":"Centennial Puzzle"}],"event_choices":[{"event_name":"Big Fish","player_choice":"Box","floor":3,"damage_taken":0},{"event_name":"Match and Keep!","player_choice":"3 cards matched","floor":10,"damage_taken":0},{"event_name":"Golden Idol","player_choice":"Ignored","floor":12,"damage_taken":0}],"boss_relics":[],"items_purged_floors":[],"potions_floor_spawned":[4,5,8],"seed_played":"1808949244183261009","killed_by":"The Guardian","ascension_level":0,"potions_obtained":[{"floor":4,"key":"Fire Potion"},{"floor":5,"key":"GamblersBrew"},{"floor":8,"key":"GamblersBrew"}],"is_trial":false}