{"gold_per_floor":[109,109,119,137,137,137,162,162,162,162,202,215,248,267,267,398,398,422,447,447,321,336,336,156,156,156,156,156,156,191,207,207,331,331,345,364,364,389,407,407,44,59,140,175,300,70,403,108,108,108,108,108,108,133,133],"floor_reached":56,"playtime":3787,"items_purged":["Strike_B","Strike_B","Gash"],"score":1230,"play_id":"7a82bc5b-157e-42c7-a94b-a35d3e5002ca","local_time":"20190308135937","is_ascension_mode":false,"campfire_choices":[{"data":"Defragment","floor":6,"key":"SMITH"},{"data":"Ball Lightning","floor":8,"key":"SMITH"},{"floor":15,"key":"DIG"},{"data":"Biased Cognition","floor":23,"key":"SMITH"},{"data":"Fusion","floor":25,"key":"SMITH"},{"data":"Go for the Eyes","floor":27,"key":"SMITH"},{"floor":32,"key":"DIG"},{"data":"Buffer","floor":40,"key":"SMITH"},{"floor":49,"key":"RECALL"},{"data":"Hologram","floor":52,"key":"SMITH"}],"neow_cost":"NONE","seed_source_timestamp":734556661412039,"circlet_count":0,"master_deck":["Defend_B+1","Defend_B+1","Defend_B+1","Defend_B+1","Zap+1","Dualcast","Defragment+1","Barrage","Ball Lightning+1","Core Surge","Leap","Ball Lightning","Self Repair","Biased Cognition+1","Go for the Eyes+1","Steam","Coolheaded","Rebound","Fusion+1","Reinforced Body","Meteor Strike","Coolheaded","Buffer+1","Ball Lightning+1","Static Discharge+1","Amplify","Hologram+1","Compile Driver+1","Loop","Master of Strategy","Turbo+1"],"relics":["Cracked Core","CultistMask","Strawberry","Question Card","Shovel","Regal Pillow","Runic Pyramid","Ancient Tea Set","Gremlin Horn","Symbiotic Virus","Coffee Dripper","Bag of Preparation","Medical Kit","Art of War","Gambling Chip","OrangePellets","Pear"],"potions_floor_usage":[11,16,18,31,55,55,55],"damage_taken":[{"damage":2,"enemies":"Small Slimes","floor":1,"turns":3},{"damage":0,"enemies":"Cultist","floor":3,"turns":3},{"damage":1,"enemies":"Jaw Worm","floor":4,"turns":2},{"damage":0,"enemies":"Looter","floor":7,"turns":4},{"damage":25,"enemies":"Gremlin Nob","floor":11,"turns":4},{"damage":2,"enemies":"2 Fungi Beasts","floor":12,"turns":3},{"damage":13,"enemies":"3 Sentries","floor":13,"turns":5},{"damage":3,"enemies":"Large Slime","floor":14,"turns":4},{"damage":11,"enemies":"Hexaghost","floor":16,"turns":9},{"damage":12,"enemies":"Shell Parasite","floor":18,"turns":4},{"damage":20,"enemies":"3 Byrds","floor":19,"turns":4},{"damage":2,"enemies":"Cultist and Chosen","floor":22,"turns":5},{"damage":12,"enemies":"Book of Stabbing","floor":30,"turns":5},{"damage":0,"enemies":"Snake Plant","floor":31,"turns":3},{"damage":29,"enemies":"Collector","floor":33,"turns":10},{"damage":0,"enemies":"3 Shapes","floor":35,"turns":5},{"damage":0,"enemies":"Orb Walker","floor":36,"turns":3},{"damage":14,"enemies":"3 Darklings","floor":38,"turns":4},{"damage":0,"enemies":"Maw","floor":39,"turns":8},{"damage":0,"enemies":"Sphere and 2 Shapes","floor":42,"turns":4},{"damage":31,"enemies":"Nemesis","floor":44,"turns":7},{"damage":0,"enemies":"Mind Bloom Boss Battle","floor":45,"turns":4},{"damage":0,"enemies":"Time Eater","floor":50,"turns":11},{"damage":7,"enemies":"Shield and Spear","floor":54,"turns":5},{"damage":22,"enemies":"The Heart","floor":55,"turns":9}],"seed_played":"4582265084015692643","potions_obtained":[{"floor":1,"key":"EssenceOfSteel"},{"floor":7,"key":"Energy Potion"},{"floor":14,"key":"Swift Potion"},{"floor":16,"key":"Swift Potion"},{"floor":19,"key":"Poison Potion"},{"floor":30,"key":"Strength Potion"},{"floor":36,"key":"FocusPotion"},{"floor":39,"key":"Strength Potion"},{"floor":54,"key":"FocusPotion"}],"is_trial":false,"path_per_floor":["M","?","M","M","?","R","M","R","T","?","E","M","E","M","R","B",null,"M","M","?","$","M","R","$","R","T","R","?","?","E","M","R","B",null,"M","M","?","M","M","R","$","M","T","E","?","$","?","$","R","B",null,"R","$","E","B",null],"character_chosen":"DEFECT","items_purchased":["Coolheaded","Fusion","Bag of Preparation","Medical Kit","OrangePellets","Loop","Master of Strategy"],"campfire_rested":0,"item_purchase_floors":[21,24,41,41,46,46,48],"current_hp_per_floor":[73,73,73,72,54,54,54,54,61,66,41,39,26,23,23,19,87,82,62,62,62,67,67,67,67,67,67,67,67,62,69,69,47,87,87,87,87,80,87,87,87,87,87,63,77,77,77,77,77,84,87,87,87,97,75],"gold":133,"neow_bonus":"UPGRADE_CARD","is_prod":false,"is_daily":false,"chose_seed":false,"campfire_upgraded":7,"win_rate":0,"timestamp":1552053577,"path_taken":["M","?","M","?","?","R","M","R","T","?","E","M","E","M","R","BOSS","M","M","?","$","M","R","$","R","T","R","?","?","E","M","R","BOSS","M","M","?","?","?","R","$","M","T","E","?","$","?","?","R","BOSS","R","$","E","BOSS"],"build_version":"2019-02-06","purchased_purges":3,"victory":true,"max_hp_per_floor":[75,75,75,75,75,75,75,75,82,87,87,87,87,87,87,87,87,87,87,87,87,87,87,87,87,87,87,87,87,87,87,87,87,87,87,87,87,87,87,87,87,87,87,87,87,87,87,87,87,87,87,87,87,97,97],"card_choices":[{"not_picked":["Rip and Tear","Ball Lightning"],"picked":"Defragment","floor":1},{"not_picked":["Beam Cell","Go for the Eyes"],"picked":"Gash","floor":3},{"not_picked":["Beam Cell","Stack"],"picked":"Barrage","floor":4},{"not_picked":["Turbo","Streamline"],"picked":"Ball Lightning","floor":7},{"not_picked":["Chaos","Steam"],"picked":"Core Surge","floor":11},{"not_picked":["Compile Driver","Skim","Static Discharge"],"picked":"Leap","floor":12},{"not_picked":["Streamline","Conserve Battery","Compile Driver"],"picked":"Ball Lightning","floor":13},{"not_picked":["Streamline","Genetic Algorithm","Undo"],"picked":"Self Repair","floor":14},{"not_picked":["Seek","Meteor Strike","Core Surge"],"picked":"Biased Cognition","floor":16},{"not_picked":["Redo","Sunder+1","Reprogram"],"picked":"Go for the Eyes","floor":18},{"not_picked":["Undo","Darkness","Steam Power+1"],"picked":"Steam","floor":19},{"not_picked":["Aggregate","Streamline","Redo"],"picked":"Rebound","floor":22},{"not_picked":["Barrage","Storm","Leap","Beam Cell+1"],"picked":"SKIP","floor":30},{"not_picked":["Undo","Lockon","Rebound"],"picked":"Coolheaded","floor":31},{"not_picked":["Biased Cognition","Rainbow","Core Surge"],"picked":"Buffer","floor":33},{"not_picked":["BootSequence+1","Coolheaded","Gash+1","Cold Snap+1"],"picked":"SKIP","floor":35},{"not_picked":["Auto Shields+1","Steam","Reinforced Body"],"picked":"Ball Lightning+1","floor":36},{"not_picked":["Steam Power+1","Streamline","Defragment"],"picked":"Static Discharge+1","floor":38},{"not_picked":["Conserve Battery","Coolheaded","Sweeping Beam"],"picked":"Amplify","floor":39},{"not_picked":["FTL","Barrage+1","Coolheaded"],"picked":"Hologram","floor":42},{"not_picked":["Consume+1","Tempest","Machine Learning","Streamline+1"],"picked":"SKIP","floor":44},{"not_picked":["Tempest+1","Cold Snap+1","Coolheaded"],"picked":"Compile Driver+1","floor":45},{"not_picked":["Redo","Consume","Scrape+1"],"picked":"Turbo+1","floor":54}],"player_experience":1045989,"relics_obtained":[{"floor":9,"key":"Strawberry"},{"floor":11,"key":"Question Card"},{"floor":13,"key":"Shovel"},{"floor":15,"key":"Regal Pillow"},{"floor":26,"key":"Ancient Tea Set"},{"floor":30,"key":"Gremlin Horn"},{"floor":32,"key":"Symbiotic Virus"},{"floor":44,"key":"Art of War"},{"floor":45,"key":"Gambling Chip"},{"floor":54,"key":"Pear"}],"event_choices":[{"damage_healed":0,"gold_gain":0,"player_choice":"Trade","damage_taken":0,"relics_obtained":["CultistMask"],"max_hp_gain":0,"max_hp_loss":0,"event_name":"FaceTrader","floor":2,"gold_loss":0},{"damage_healed":0,"gold_gain":0,"player_choice":"Take Damage","damage_taken":18,"relics_obtained":["Golden Idol"],"max_hp_gain":0,"max_hp_loss":0,"event_name":"Golden Idol","floor":5,"gold_loss":0},{"damage_healed":0,"gold_gain":0,"player_choice":"Donut","damage_taken":0,"max_hp_gain":5,"max_hp_loss":0,"event_name":"Big Fish","floor":10,"gold_loss":0},{"damage_healed":0,"gold_gain":0,"player_choice":"Ignored","damage_taken":0,"max_hp_gain":0,"max_hp_loss":0,"event_name":"The Mausoleum","floor":20,"gold_loss":0},{"damage_healed":0,"gold_gain":0,"cards_transformed":["Strike_B","Strike_B"],"player_choice":"Became Test Subject","damage_taken":0,"max_hp_gain":0,"max_hp_loss":0,"event_name":"Drug Dealer","floor":28,"gold_loss":0,"cards_obtained":["Reinforced Body","Meteor Strike"]},{"damage_healed":0,"gold_gain":0,"player_choice":"Simplicity","damage_taken":0,"max_hp_gain":0,"max_hp_loss":0,"event_name":"Back to Basics","floor":29,"gold_loss":0,"cards_upgraded":["Defend_B","Defend_B","Defend_B","Defend_B"]},{"damage_healed":0,"gold_gain":0,"player_choice":"Ignored","damage_taken":0,"max_hp_gain":0,"max_hp_loss":0,"event_name":"NoteForYourself","floor":37,"gold_loss":0},{"damage_healed":0,"gold_gain":0,"player_choice":"Fight","damage_taken":0,"max_hp_gain":0,"max_hp_loss":0,"event_name":"MindBloom","floor":45,"gold_loss":0},{"damage_healed":0,"gold_gain":333,"player_choice":"Gave Idol","damage_taken":0,"max_hp_gain":0,"max_hp_loss":0,"event_name":"The Moai Head","floor":47,"relics_lost":["Golden Idol"],"gold_loss":0}],"is_beta":true,"boss_relics":[{"not_picked":["Philosopher\u0027s Stone","Orrery"],"picked":"Runic Pyramid"},{"not_picked":["FrozenCore","Cursed Key"],"picked":"Coffee Dripper"}],"items_purged_floors":[21,24,48],"is_endless":false,"potions_floor_spawned":[1,7,14,16,19,30,36,39,44,54],"ascension_level":0}