{"gold_per_floor":[112,127,48,60,60,60,60,90,117,144,188,200,212,240,252,361,373,402,433,456,481,505,517,529],"floor_reached":24,"playtime":990,"items_purged":[],"score":210,"play_id":"069a21b5-2226-427e-9f93-eed07bc61525","local_time":"20190506165555","is_ascension_mode":false,"campfire_choices":[{"data":"Genetic Algorithm","floor":6,"key":"SMITH"},{"data":"Genetic Algorithm","floor":12,"key":"SMITH"},{"data":"Chaos","floor":15,"key":"SMITH"},{"data":"Rainbow","floor":23,"key":"SMITH"}],"neow_cost":"NONE","seed_source_timestamp":2170815554039978,"circlet_count":0,"master_deck":["Strike_B","Strike_B","Strike_B","Strike_B","Defend_B","Defend_B","Defend_B","Zap","Dualcast","Genetic Algorithm+1","Ball Lightning","Chaos+1","vexMod:SharpOrbs","BootSequence+1","Barrage","Genetic Algorithm+1","Rainbow+1","Barrage","Echo Form","vexMod:OrbBoomerang","Cold Snap"],"relics":["Cracked Core","Geode","vexMod:MadnessLens","Bottled Flame","Juzu Bracelet","MawBank","hubris:DeckOfHolding","hubris:TerracottaHorce"],"potions_floor_usage":[8,20,22,24],"damage_taken":[{"damage":1,"enemies":"2 Louse","floor":1,"turns":3},{"damage":0,"enemies":"Small Slimes","floor":2,"turns":3},{"damage":0,"enemies":"Cultist","floor":4,"turns":4},{"damage":4,"enemies":"3 Sentries","floor":8,"turns":7},{"damage":1,"enemies":"2 Fungi Beasts","floor":10,"turns":2},{"damage":18,"enemies":"Gremlin Nob","floor":11,"turns":3},{"damage":0,"enemies":"Blue Slaver","floor":14,"turns":3},{"damage":23,"enemies":"The Guardian","floor":16,"turns":9},{"damage":10,"enemies":"Shell Parasite","floor":18,"turns":5},{"damage":9,"enemies":"3 Byrds","floor":19,"turns":4},{"damage":1,"enemies":"Centurion and Healer","floor":20,"turns":5},{"damage":7,"enemies":"Snecko","floor":21,"turns":6},{"damage":18,"enemies":"Shelled Parasite and Fungi","floor":22,"turns":5},{"damage":41,"enemies":"Slavers","floor":24,"turns":3}],"seed_played":"-674821580857911870","potions_obtained":[{"floor":2,"key":"SkillPotion"},{"floor":8,"key":"Venom Potion"},{"floor":10,"key":"SmokeBomb"},{"floor":18,"key":"Block Potion"},{"floor":19,"key":"Regen Potion"},{"floor":20,"key":"Swift Potion"}],"is_trial":false,"path_per_floor":["M","M","$","M","?","R","?","E","T","M","E","R","?","M","R","B",null,"M","M","M","M","M","R","E"],"character_chosen":"DEFECT","items_purchased":["Chaos"],"campfire_rested":0,"item_purchase_floors":[3],"current_hp_per_floor":[74,74,74,74,74,74,71,67,67,66,48,48,73,73,73,50,69,59,50,49,42,36,36,0],"gold":529,"neow_bonus":"RANDOM_COMMON_RELIC","is_prod":false,"is_daily":false,"chose_seed":false,"campfire_upgraded":4,"win_rate":0,"timestamp":1557172555,"path_taken":["M","M","$","M","?","R","?","E","T","M","E","R","?","M","R","BOSS","M","M","M","M","M","R","E"],"build_version":"2019-01-23","purchased_purges":0,"victory":false,"max_hp_per_floor":[75,75,75,75,75,75,75,75,75,75,75,75,75,75,75,75,75,75,75,75,75,75,75,75],"card_choices":[{"not_picked":["Barrage","Auto Shields"],"picked":"Genetic Algorithm","floor":1},{"not_picked":["Cold Snap","Conserve Battery"],"picked":"Ball Lightning","floor":2},{"not_picked":["FIFO Queue","Reinforced Body"],"picked":"vexMod:SharpOrbs","floor":4},{"not_picked":["Conserve Battery","Thunder Strike"],"picked":"Barrage","floor":8},{"not_picked":["vexMod:ChargeBeam","Steam"],"picked":"Genetic Algorithm","floor":10},{"not_picked":["vexMod:ChargeBeam","Turbo"],"picked":"Rainbow","floor":11},{"not_picked":["Steam","Rebound"],"picked":"Barrage","floor":14},{"not_picked":["Multi-Cast","Hyperbeam"],"picked":"Echo Form","floor":16},{"not_picked":["Redo","Rebound","Go for the Eyes"],"picked":"SKIP","floor":18},{"not_picked":["BasicCrystalCard","Go for the Eyes+1"],"picked":"vexMod:OrbBoomerang","floor":19},{"not_picked":["vexMod:RocketPunch","Go for the Eyes","Rip and Tear"],"picked":"SKIP","floor":20},{"not_picked":["Blizzard","Beam Cell","Steam"],"picked":"SKIP","floor":21},{"not_picked":["BasicCrystalCard","Tempest"],"picked":"Cold Snap","floor":22}],"player_experience":1302305,"relics_obtained":[{"floor":8,"key":"Bottled Flame"},{"floor":9,"key":"MawBank"},{"floor":11,"key":"hubris:DeckOfHolding"}],"event_choices":[{"damage_healed":0,"gold_gain":0,"player_choice":"Success","damage_taken":3,"relics_obtained":["vexMod:MadnessLens"],"max_hp_gain":0,"max_hp_loss":0,"event_name":"Scrap Ooze","floor":7,"gold_loss":0},{"damage_healed":25,"gold_gain":0,"player_choice":"Banana","damage_taken":0,"max_hp_gain":0,"max_hp_loss":0,"event_name":"Big Fish","floor":13,"gold_loss":0}],"is_beta":false,"boss_relics":[{"not_picked":["vexMod:MindDevourer","ReplayTheSpireMod:SealedPack"],"picked":"hubris:TerracottaHorce"}],"items_purged_floors":[],"is_endless":false,"potions_floor_spawned":[2,8,10,18,19,20],"killed_by":"Slavers","ascension_level":0}