{"gold_per_floor":[117,117,117,13,13,30,44,71,71,71,104,35,53,63,63,167,167,177,193,82,101,101,101,131,131,158,175,175,48,59,116,116,218,218,237,254,106,56,56,56,87,101,101,116,66,80,93,106,106,106,106,106,56,84,84],"floor_reached":55,"playtime":2395,"items_purged":["Defend_B","Strike_B","Strike_B","Strike_B","Defend_B","Defend_B"],"score":849,"play_id":"168d018e-134b-4fbd-a042-1d302c5cc8e0","local_time":"20190308211433","is_ascension_mode":false,"campfire_choices":[{"data":"Sweeping Beam","floor":10,"key":"SMITH"},{"data":"Glacier","floor":15,"key":"SMITH"},{"data":"Coolheaded","floor":23,"key":"SMITH"},{"data":"Hologram","floor":28,"key":"SMITH"},{"data":"Coolheaded","floor":32,"key":"SMITH"},{"data":"Coolheaded","floor":40,"key":"SMITH"},{"floor":49,"key":"RECALL"},{"data":"Double Energy","floor":52,"key":"SMITH"}],"neow_cost":"NONE","seed_source_timestamp":762060949661486,"circlet_count":0,"master_deck":["Defend_B+1","Zap+1","Dualcast","Reinforced Body+1","Sweeping Beam+1","Glacier+1","Ball Lightning","Compile Driver+1","Conserve Battery+1","Heatsinks+1","Defragment+1","Electrodynamics+1","Machine Learning+1","Coolheaded+1","Hologram+1","Defragment+1","Biased Cognition+1","Ball Lightning+1","Loop+1","Capacitor+1","Coolheaded+1","Echo Form+1","Double Energy+1","Capacitor+1","Coolheaded+1","Defragment+1","Reprogram+1"],"relics":["Cracked Core","Matryoshka","Frozen Egg 2","Pen Nib","War Paint","Sozu","Ancient Tea Set","Lantern","Incense Burner","Smiling Mask","Tiny Chest","Philosopher\u0027s Stone","Thread and Needle","Whetstone","Ginger"],"potions_floor_usage":[16,41],"damage_taken":[{"damage":0,"enemies":"Jaw Worm","floor":1,"turns":4},{"damage":0,"enemies":"2 Louse","floor":6,"turns":2},{"damage":0,"enemies":"Small Slimes","floor":7,"turns":2},{"damage":11,"enemies":"3 Sentries","floor":8,"turns":8},{"damage":7,"enemies":"Gremlin Nob","floor":11,"turns":5},{"damage":2,"enemies":"Blue Slaver","floor":13,"turns":2},{"damage":9,"enemies":"Gremlin Gang","floor":14,"turns":4},{"damage":0,"enemies":"Slime Boss","floor":16,"turns":4},{"damage":0,"enemies":"Chosen","floor":18,"turns":4},{"damage":0,"enemies":"Spheric Guardian","floor":19,"turns":4},{"damage":10,"enemies":"Cultist and Chosen","floor":21,"turns":3},{"damage":20,"enemies":"Slavers","floor":24,"turns":3},{"damage":0,"enemies":"3 Cultists","floor":27,"turns":2},{"damage":0,"enemies":"Centurion and Healer","floor":30,"turns":3},{"damage":0,"enemies":"Gremlin Leader","floor":31,"turns":4},{"damage":0,"enemies":"Automaton","floor":33,"turns":8},{"damage":0,"enemies":"3 Shapes","floor":35,"turns":3},{"damage":0,"enemies":"Orb Walker","floor":36,"turns":4},{"damage":0,"enemies":"Reptomancer","floor":41,"turns":3},{"damage":0,"enemies":"Sphere and 2 Shapes","floor":42,"turns":4},{"damage":0,"enemies":"Writhing Mass","floor":44,"turns":5},{"damage":0,"enemies":"3 Darklings","floor":46,"turns":2},{"damage":0,"enemies":"Sphere and 2 Shapes","floor":47,"turns":3},{"damage":0,"enemies":"Transient","floor":48,"turns":5},{"damage":9,"enemies":"Time Eater","floor":50,"turns":10},{"damage":51,"enemies":"Shield and Spear","floor":54,"turns":4},{"damage":62,"enemies":"The Heart","floor":55,"turns":2}],"seed_played":"-6123302943268746921","potions_obtained":[{"floor":6,"key":"Swift Potion"},{"floor":7,"key":"GamblersBrew"},{"floor":16,"key":"FearPotion"}],"is_trial":false,"path_per_floor":["M","?","?","$","?","M","M","E","T","R","E","$","M","M","R","B",null,"M","M","$","M","?","R","E","T","T","M","R","$","M","E","R","B",null,"M","M","$","$","?","R","E","M","T","M","$","M","M","M","R","B",null,"R","$","E","B"],"character_chosen":"DEFECT","items_purchased":["Sweeping Beam","Glacier","Heatsinks+1","Defragment+1","Capacitor+1","Capacitor+1","Coolheaded"],"campfire_rested":0,"item_purchase_floors":[4,4,12,20,29,37,37],"current_hp_per_floor":[75,60,60,60,65,65,65,54,54,54,47,47,45,36,36,36,80,80,80,80,70,70,70,50,50,50,50,50,50,50,50,50,50,80,80,80,80,80,80,80,80,80,80,80,80,80,80,80,80,71,80,80,80,29,0],"gold":84,"neow_bonus":"REMOVE_CARD","is_prod":false,"is_daily":false,"chose_seed":false,"campfire_upgraded":7,"win_rate":0,"timestamp":1552079673,"path_taken":["M","?","?","?","?","M","?","E","T","R","E","$","M","M","R","BOSS","M","M","$","?","?","R","E","?","T","M","R","$","M","E","R","BOSS","M","M","?","$","?","R","E","M","T","M","$","M","?","M","R","BOSS","R","$","E","BOSS"],"build_version":"2019-02-06","purchased_purges":6,"victory":false,"max_hp_per_floor":[75,75,75,75,80,80,80,80,80,80,80,80,80,80,80,80,80,80,80,80,80,80,80,80,80,80,80,80,80,80,80,80,80,80,80,80,80,80,80,80,80,80,80,80,80,80,80,80,80,80,80,80,80,80,80],"card_choices":[{"not_picked":["Turbo","Barrage"],"picked":"Reinforced Body","floor":1},{"not_picked":["Capacitor","Leap"],"picked":"Ball Lightning","floor":6},{"not_picked":["Stack","Self Repair"],"picked":"Compile Driver","floor":7},{"not_picked":["Gash","Heatsinks"],"picked":"Conserve Battery","floor":8},{"not_picked":["Streamline","Hologram","Conserve Battery"],"picked":"SKIP","floor":11},{"not_picked":["Conserve Battery","Beam Cell"],"picked":"Defragment+1","floor":13},{"not_picked":["Hologram","Auto Shields"],"picked":"Electrodynamics+1","floor":14},{"not_picked":["Amplify","Meteor Strike"],"picked":"Machine Learning+1","floor":16},{"not_picked":["White Noise","Gash"],"picked":"Coolheaded","floor":18},{"not_picked":["Ball Lightning","Gash"],"picked":"Hologram","floor":19},{"not_picked":["Rebound","Defragment+1"],"picked":"Biased Cognition+1","floor":21},{"not_picked":["Cold Snap","Darkness","All For One"],"picked":"SKIP","floor":24},{"not_picked":["Darkness","Undo"],"picked":"Loop+1","floor":27},{"not_picked":["Conserve Battery+1","Steam"],"picked":"Coolheaded","floor":30},{"not_picked":["FTL+1","Hologram","Loop+1"],"picked":"SKIP","floor":31},{"not_picked":["Seek","Machine Learning+1"],"picked":"Echo Form+1","floor":33},{"not_picked":["FTL+1","Sweeping Beam+1","Go for the Eyes"],"picked":"SKIP","floor":35},{"not_picked":["Barrage","Turbo"],"picked":"Double Energy","floor":36},{"not_picked":["Cold Snap","Gash+1","Beam Cell+1"],"picked":"SKIP","floor":41},{"not_picked":["Auto Shields+1","Beam Cell+1","Stack"],"picked":"SKIP","floor":42},{"not_picked":["All For One","Beam Cell+1","Leap+1"],"picked":"SKIP","floor":44},{"not_picked":["BootSequence+1","Gash","Beam Cell"],"picked":"SKIP","floor":46},{"not_picked":["Barrage","Streamline","Auto Shields+1"],"picked":"SKIP","floor":47},{"not_picked":["Reprogram+1","Go for the Eyes+1"],"picked":"Defragment+1","floor":48},{"not_picked":["Reinforced Body","Rebound+1"],"picked":"Reprogram+1","floor":54}],"player_experience":1062086,"relics_obtained":[{"floor":8,"key":"Matryoshka"},{"floor":9,"key":"Frozen Egg 2"},{"floor":9,"key":"Pen Nib"},{"floor":11,"key":"War Paint"},{"floor":24,"key":"Ancient Tea Set"},{"floor":25,"key":"Lantern"},{"floor":25,"key":"Incense Burner"},{"floor":26,"key":"Smiling Mask"},{"floor":31,"key":"Tiny Chest"},{"floor":39,"key":"Thread and Needle"},{"floor":41,"key":"Whetstone"},{"floor":54,"key":"Ginger"}],"event_choices":[{"damage_healed":0,"gold_gain":0,"player_choice":"Entered Light","damage_taken":15,"max_hp_gain":0,"max_hp_loss":0,"event_name":"Shining Light","floor":2,"gold_loss":0,"cards_upgraded":["Reinforced Body","Zap"]},{"damage_healed":0,"gold_gain":0,"player_choice":"Ignored","damage_taken":0,"max_hp_gain":0,"max_hp_loss":0,"event_name":"Liars Game","floor":3,"gold_loss":0},{"damage_healed":0,"gold_gain":0,"player_choice":"Donut","damage_taken":0,"max_hp_gain":5,"max_hp_loss":0,"event_name":"Big Fish","floor":5,"gold_loss":0},{"damage_healed":0,"gold_gain":0,"player_choice":"Read","damage_taken":0,"max_hp_gain":0,"max_hp_loss":0,"event_name":"The Library","floor":22,"gold_loss":0,"cards_obtained":["Ball Lightning"]},{"damage_healed":0,"gold_gain":0,"player_choice":"Relic","damage_taken":0,"max_hp_gain":0,"max_hp_loss":0,"event_name":"Wheel of Change","floor":39,"gold_loss":0}],"is_beta":true,"boss_relics":[{"not_picked":["White Beast Statue","Calling Bell"],"picked":"Sozu"},{"not_picked":["Runic Dome","Tiny House"],"picked":"Philosopher\u0027s Stone"}],"items_purged_floors":[20,29,37,38,45,53],"is_endless":false,"potions_floor_spawned":[6,7,16,27,31,42,44,46,48],"killed_by":"The Heart","ascension_level":0}